Virtual User Script started at: 11/24/2019 11:39:18 AM
Starting action vuser_init.
Web Turbo Replay of LoadRunner 12.60.0 for Windows 7; build 971 (Aug 09 2018 11:27:13)  	[MsgId: MMSG-26983]
Run mode: HTML  	[MsgId: MMSG-26993]
Replay user agent: Mozilla/5.0 (Windows NT 10.0; Win64; x64) AppleWebKit/537.36 (KHTML, like Gecko) Chrome/78.0.3904.97 Safari/537.36  	[MsgId: MMSG-26988]
Runtime Settings file: "C:\Suresh Kuriti\01 Projects\Prism\S02_PRISM_Staging_Peapod_Login_Checkout\\default.cfg"  	[MsgId: MMSG-27141]
Ending action vuser_init.
Running Vuser...
Starting iteration 1.
Maximum number of concurrent connections per server: 6  	[MsgId: MMSG-26989]
Starting action Action.
Action.c(4): web_set_sockets_option started  	[MsgId: MMSG-26355]
Action.c(4): Warning -27487: "web_set_sockets_option" has no effect on WinInet replay  	[MsgId: MWAR-27487]
Action.c(4): web_set_sockets_option highest severity level was "warning"  	[MsgId: MMSG-26391]
Action.c(10): web_add_header("Sec-Fetch-Mode") started  	[MsgId: MMSG-26355]
Action.c(10): web_add_header("Sec-Fetch-Mode") was successful  	[MsgId: MMSG-26392]
Action.c(11): web_add_header("Sec-Fetch-User") started  	[MsgId: MMSG-26355]
Action.c(11): web_add_header("Sec-Fetch-User") was successful  	[MsgId: MMSG-26392]
Action.c(12): web_add_header("Upgrade-Insecure-Requests") started  	[MsgId: MMSG-26355]
Action.c(12): web_add_header("Upgrade-Insecure-Requests") was successful  	[MsgId: MMSG-26392]
Action.c(14): Notify: Transaction "S01_PRISM_Peapod_SIT_SignIn_Checkout_T01_Launch" started.
Action.c(16): web_custom_request("stage.peapod.com") started  	[MsgId: MMSG-26355]
Action.c(16): t=2023ms: 1558-byte response headers for "https://stage.peapod.com/" (RelFrameId=1, Internal ID=1)
Action.c(16):     HTTP/1.1 200 OK\r\n
Action.c(16):     Date: Sun, 24 Nov 2019 16:39:19 GMT\r\n
Action.c(16):     Content-Type: text/html\r\n
Action.c(16):     Transfer-Encoding: chunked\r\n
Action.c(16):     Connection: keep-alive\r\n
Action.c(16):     Set-Cookie: __cfduid=d2d8a4bf3dbf4943b4d95633ca8c128221574613559; expires=Tue, 24-Dec-19 1
Action.c(16):     6:39:19 GMT; path=/; domain=.peapod.com; HttpOnly; Secure\r\n
Action.c(16):     Strict-Transport-Security: max-age=63072000; includeSubdomains;\r\n
Action.c(16):     Set-Cookie: JSESSIONID=IIFRJAZ4OWS4UCWWM4JCF3Q; path=/; HttpOnly; Secure\r\n
Action.c(16):     Set-Cookie: peapodCookie20=83a94e67-4862-4378-92d1-98ad347d4f99; domain=.peapod.com; expir
Action.c(16):     es=Tue, 23-Nov-2021 16:39:22 GMT; path=/; HttpOnly; Secure\r\n
Action.c(16):     Set-Cookie: stype=1; domain=.peapod.com; expires=Tue, 23-Nov-2021 16:39:22 GMT; path=/; Ht
Action.c(16):     tpOnly; Secure\r\n
Action.c(16):     Set-Cookie: ppdtk=uCvzgtN404n34eIpPrBJ4c6WLXFf8mbcqJe+x2HJIOAYqVURwK7udoc4bWpU9iYS; domain
Action.c(16):     =stage.peapod.com; expires=Sat, 19-Nov-2039 16:39:22 GMT; path=/; HttpOnly; Secure\r\n
Action.c(16):     Set-Cookie: ppdtk=uCvzgtN404n34eIpPrBJ4c6WLXFf8mbcqJe+x2HJIOAYqVURwK7udoc4bWpU9iYS; domain
Action.c(16):     =stage.peapod.com; expires=Sat, 19-Nov-2039 16:39:22 GMT; path=/; HttpOnly; Secure\r\n
Action.c(16):     Pragma: no-cache\r\n
Action.c(16):     Cache-Control: no-store\r\n
Action.c(16):     Expires: Tue, 04 Dec 1993 21:29:02 GMT\r\n
Action.c(16):     CacheControl: no-store\r\n
Action.c(16):     Vary: Accept-Encoding,User-Agent\r\n
Action.c(16):     X-XSS-Protection: 1; mode=block\r\n
Action.c(16):     X-Content-Type-Options: nosniff\r\n
Action.c(16):     Strict-Transport-Security: max-age=86400; includeSubDomains\r\n
Action.c(16):     Content-Security-Policy: frame-ancestors 'self' *.giantfood.com\r\n
Action.c(16):     CF-Cache-Status: DYNAMIC\r\n
Action.c(16):     Expect-CT: max-age=604800, report-uri="https://report-uri.cloudflare.com/cdn-cgi/beacon/ex
Action.c(16):     pect-ct"\r\n
Action.c(16):     Server: cloudflare\r\n
Action.c(16):     CF-RAY: 53acd179a9adf112-IAD\r\n
Action.c(16):     Content-Encoding: gzip\r\n
Action.c(16):     \r\n
Action.c(16): t=2029ms: 5082-byte ENCODED response body received for "https://stage.peapod.com/" (RelFrameId=1, Internal ID=1)
Action.c(16): t=2030ms: 12288-byte DECODED response body for "https://stage.peapod.com/" (RelFrameId=1, Internal ID=1)
Action.c(16):     \n
Action.c(16):     <!DOCTYPE html>\n
Action.c(16):     <html lang="en" ng-app="gatewayApp">\n
Action.c(16):     <head>\n
Action.c(16):     <meta name="HandheldFriendly" content="true">\n
Action.c(16):     <meta name="viewport" content="width=device-width, initial-scale=1.0, maximum-scale=2.0, m
Action.c(16):     inimum-scale=1.0">\n
Action.c(16):     <meta name="apple-mobile-web-app-capable" content="yes">\n
Action.c(16):     <meta name="format-detection" content="telephone=no">\n
Action.c(16):     <meta name="keywords" content="home grocery delivery, home grocery shopping, grocery shopp
Action.c(16):     ing from home, home grocery delivery service">\n
Action.c(16):     <meta name="Classification" content="grocery, food, grocery shopping">\n
Action.c(16):     <meta http-equiv="X-UA-Compatible" content="IE=edge">\n
Action.c(16):     <meta name="apple-itunes-app" content="app-id=386315393">\n
Action.c(16):     <meta name="google-play-app" content="app-id=com.peapod.app.mobile.droid">\n
Action.c(16):     <meta name="robots" content="noindex, nofollow">\n
Action.c(16):     <!-- Search have Product Name -->\n
Action.c(16):     <!-- Search do not have Product Name -->\n
Action.c(16):     <!-- Search contains splash pages-->\n
Action.c(16):     <!-- Search do not contain splash pages -->\n
Action.c(16):     <title ng-bind='app.title'>Grocery Delivery Service | Online Grocery Ordering | Peapod</ti
Action.c(16):     tle>\n
Action.c(16):     <meta name="description" content="Peapod offers convenient online grocery shopping. We car
Action.c(16):     ry fresh, healthy foods, and supermarket staples from your favorite brands all available f
Action.c(16):     or delivery.">\n
Action.c(16):     <!-- Apple Icon -->\n
Action.c(16):     <link rel="apple-touch-icon" sizes="57x57" href="/shop/images/favicon/ppod-apple-icon-57x5
Action.c(16):     7.png"/>\n
Action.c(16):     <link rel="apple-touch-icon" sizes="60x60" href="/shop/images/favicon/ppod-apple-icon-60x6
Action.c(16):     0.png"/>\n
Action.c(16):     <link rel="apple-touch-icon" sizes="72x72" href="/shop/images/favicon/ppod-apple-icon-72x7
Action.c(16):     2.png"/>\n
Action.c(16):     <link rel="apple-touch-icon" sizes="76x76" href="/shop/images/favicon/ppod-apple-icon-76x7
Action.c(16):     6.png"/>\n
Action.c(16):     <link rel="apple-touch-icon" sizes="114x114" href="/shop/images/favicon/ppod-apple-icon-11
Action.c(16):     4x114.png"/>\n
Action.c(16):     <link rel="apple-touch-icon" sizes="120x120" href="/shop/images/favicon/ppod-apple-icon-12
Action.c(16):     0x120.png"/>\n
Action.c(16):     <link rel="apple-touch-icon" sizes="144x144" href="/shop/images/favicon/ppod-apple-icon-14
Action.c(16):     4x144.png"/>\n
Action.c(16):     <link rel="apple-touch-icon" sizes="152x152" href="/shop/images/favicon/ppod-apple-icon-15
Action.c(16):     2x152.png"/>\n
Action.c(16):     <link rel="apple-touch-icon" sizes="180x180" href="/shop/images/favicon/ppod-apple-icon-18
Action.c(16):     0x180.png"/>\n
Action.c(16):     <!-- Android Icon medium *1, high *1.5, x-high *2, xx-high *3, xxx-high *4-->\n
Action.c(16):     <link rel="icon" type="image/png" sizes="16x16" href="/shop/images/favicon/ppod-favicon-16
Action.c(16):     x16.png"/>\n
Action.c(16):     <link rel="icon" type="image/png" sizes="24x24" href="/shop/images/favicon/ppod-favicon-24
Action.c(16):     x24.png"/>\n
Action.c(16):     <link rel="icon" type="image/png" sizes="32x32" href="/shop/images/favicon/ppod-favicon-32
Action.c(16):     x32.png"/>\n
Action.c(16):     <link rel="icon" type="image/png" sizes="48x48" href="/shop/images/favicon/ppod-favicon-48
Action.c(16):     x48.png"/>\n
Action.c(16):     <link rel="icon" type="image/png" sizes="64x64" href="/shop/images/favicon/ppod-favicon-64
Action.c(16):     x64.png"/>\n
Action.c(16):     <link rel="icon" type="image/png" sizes="96x96" href="/shop/images/favicon/ppod-favicon-96
Action.c(16):     x96.png"/> \n
Action.c(16):     <link rel="icon" type="image/png" sizes="192x192" href="/shop/images/favicon/ppod-android-
Action.c(16):     icon-192x192.png"/>\n
Action.c(16):     <link rel="manifest" href="/shop/images/favicon/manifest-ppod.json"/>\n
Action.c(16):     <!-- IE11 Browser Icon-->\n
Action.c(16):     <meta name="msapplication-TileColor" content="#ffffff"/>\n
Action.c(16):     <meta name="msapplication-TileImage" content="/shop/images/favicon/ppod-ms-icon-144x144.pn
Action.c(16):     g"/>\n
Action.c(16):     <meta name="msapplication-config" content="/shop/images/favicon/browserconfig-ppod.xml"/>\n
Action.c(16):     <meta name="theme-color" content="#ffffff"/>\n
Action.c(16):     <script type="text/javascript" src="/ppd/bundles/js/ppdBundle.js"> </script>\n
Action.c(16):     <!-- BEGIN FullStory tracker snippet -->\n
Action.c(16):     <script>\n
Action.c(16):     if (typeof timeOrdQy === "undefined" || timeOrdQy <= 3) {\n
Action.c(16):     window['_fs_debug'] = false;\n
Action.c(16):     window['_fs_host'] = 'fullstory.com';\n
Action.c(16):     window['_fs_org'] = 'BYSXZ';\n
Action.c(16):     window['_fs_namespace'] = 'FS';\n
Action.c(16):     (function(m,n,e,t,l,o,g,y){\n
Action.c(16):     if (e in m) {if(m.console && m.console.log) { m.console.log('FullStory namespace conflict.
Action.c(16):      Please set window["_fs_namespace"].');} return;}\n
Action.c(16):     g=m[e]=function(a,b){g.q?g.q.push([a,b]):g._api(a,b);};g.q=[];\n
Action.c(16):     o=n.createElement(t);o.async=1;o.src='https://'+_fs_host+'/s/fs.js';\n
Action.c(16):     y=n.getElementsByTagName(t)[0];y.parentNode.insertBefore(o,y);\n
Action.c(16):     g.identify=function(i,v){g(l,{uid:i});if(v)g(l,v)};g.setUserVars=function(v){g(l,v)};\n
Action.c(16):     g.shutdown=function(){g("rec",!1)};g.restart=function(){g("rec",!0)};\n
Action.c(16):     g.consent=function(a){g("consent",!arguments.length||a)};\n
Action.c(16):     g.identifyAccount=function(i,v){o='account';v=v||{};v.acctId=i;g(o,v)};\n
Action.c(16):     g.clearUserCookie=function(){};\n
Action.c(16):     })(window,document,window['_fs_namespace'],'script','user');\n
Action.c(16):     }\n
Action.c(16):     </script>\n
Action.c(16):     <!-- END Fullstory tracker snippet -->\n
Action.c(16):     <meta name="google-site-verification" content="8n1AYMrZvkwfDVXK0RLczueUKNNnmyBiUisNQA1FkEM
Action.c(16):     ">\n
Action.c(16):     <script type="text/javascript">\n
Action.c(16):     var appConfig = {\n
Action.c(16):     apiKey: '400',\n
Action.c(16):     googleAnalyticsId: 'UA-20096507-3',\n
Action.c(16):     secureEnabled: true,\n
Action.c(16):     optimizelyEnabled: true,\n
Action.c(16):     sessionTrackingEnabled: true,\n
Action.c(16):     optimizelyUrl: 'https://cdn.optimizely.com/js/8545500175.js',\n
Action.c(16):     cdnUrl: 'https://i5.peapod.com',\n
Action.c(16):     defaultZip: null,\n
Action.c(16):     defaultPickupLocation: null,\n
Action.c(16):     opcoTheme: 'PPOD'\n
Action.c(16):     },\n
Action.c(16):     messageBundle = {},\n
Action.c(16):     callbacks = {};\n
Action.c(16):     window.dataLayer = window.dataLayer || [];\n
Action.c(16):     window.dataLayer.push({\n
Action.c(16):     'event': 'gt-dataLayer-initialized',\n
Action.c(16):     'pageCategory': 'landing',\n
Action.c(16):     'brand': 'PPOD'\n
Action.c(16):     });\n
Action.c(16):     </script>\n
Action.c(16):     <script type="text/javascript">\n
Action.c(16):     WebFontConfig = {\n
Action.c(16):     custom: {\n
Action.c(16):     families: ['ProximaNova', 'ProximaNova-RegularIt', 'ProximaNova-SemiboldIt'],\n
Action.c(16):     urls: ['/shop/dist/css/font_proximanova_705e35c0df20c13982913d26499db9d9072559c4.css']\n
Action.c(16):     }\n
Action.c(16):     };\n
Action.c(16):     </script>\n
Action.c(16):     <link type="text/css" href="/shop/dist/css/ppod_705e35c0df20c13982913d26499db9d9072559c4.c
Action.c(16):     ss" rel="stylesheet" />\n
Action.c(16):     <script src="/shop/dist/js/project-newman-external_705e35c0df20c13982913d26499db9d9072559c
Action.c(16):     4.js" type="text/javascript"></script>\n
Action.c(16):     <script src="/shop/dist/js/project-newman-user_705e35c0df20c13982913d26499db9d9072559c4.js
Action.c(16):     " type="text/javascript"></script>\n
Action.c(16):     <script src="/shop/dist/js/project-newman-tpls_705e35c0df20c13982913d26499db9d9072559c4.js
Action.c(16):     " type="text/javascript"></script>\n
Action.c(16):     <script src="/shop/dist/js/webfontloader.1.6.28.min_705e35c0df20c13982913d26499db9d9072559
Action.c(16):     c4.js" type="text/javascript"></script>\n
Action.c(16):     <base href="/">\n
Action.c(16):     </head>\n
Action.c(16):     <body class="ng-cloak gateway_page-backdrop" ng-controller="viewHelperController" width-br
Action.c(16):     eakpoints route-focus-delegator js-context-back-handler-root ppd-js-context watch-width ng
Action.c(16):     -class="{ animateView: animateView, authValidating: authValidating }" ng-keydown="toggleFo
Action.c(16):     cus($event)">\n
Action.c(16):     <noscript>\n
Action.c(16):     <style>\n
Action.c(16):     header {\n
Action.c(16):     padding: 1rem 1rem 1rem 1rem;\n
Action.c(16):     background-color: #f2f2f2;\n
Action.c(16):     width: 100%;\n
Action.c(16):     font-size: larger;\n
Action.c(16):     overflow: scroll;\n
Action.c(16):     }\n
Action.c(16):     body {\n
Action.c(16):     overflow-y: scroll;\n
Action.c(16):     padding: 0rem 1rem;\n
Action.c(16):     }\n
Action.c(16):     .promo {\n
Action.c(16):     margin-left: 1rem;\n
Action.c(16):     border: 2px solid #5EA000;\n
Action.c(16):     padding: 0.5rem;\n
Action.c(16):     }\n
Action.c(16):     .large-text {\n
Action.c(16):     font-size: 3rem;\n
Action.c(16):     padding: 2rem 1rem 1rem 1rem;\n
Action.c(16):     }\n
Action.c(16):     .medium-text {\n
Action.c(16):     font-size: 2rem;\n
Action.c(16):     padding: 1rem;\n
Action.c(16):     }\n
Action.c(16):     #categories {\n
Action.c(16):     margin-left: 2rem;\n
Action.c(16):     }\n
Action.c(16):     footer {\n
Action.c(16):     margin-top: 2rem;\n
Action.c(16):     background-color: #f2f2f2;\n
Action.c(16):     }\n
Action.c(16):     #markets {\n
Action.c(16):     width: 40%;\n
Action.c(16):     }\n
Action.c(16):     #about-peapod {\n
Action.c(16):     width: 20%;\n
Action.c(16):     }\n
Action.c(16):     #follow-us {\n
Action.c(16):     width: 20%;\n
Action.c(16):     }\n
Action.c(16):     .seo_inline-block {\n
Action.c(16):     display: inline-block;\n
Action.c(16):     vertical-align: top;\n
Action.c(16):     margin: 1rem;\n
Action.c(16):     }\n
Action.c(16):     .seo_logo {\n
Action.c(16):     display: inline-block;\n
Action.c(16):     width: 49%;\n
Action.c(16):     text-align: left;\n
Action.c(16):     margin-left: 1rem;\n
Action.c(16):     font-size: x-large;\n
Action.c(16):     }\n
Action.c(16):     .seo_sign-in {\n
Action.c(16):     display: inline-block;\n
Action.c(16):     width: 48%;\n
Action.c(16):     text-align: right;\n
Action.c(16):     margin-right: 0;\n
Action.c(16):     }\n
Action.c(16):     .container--full-height {\n
Action.c(16):     display: none;\n
Action.c(16):     }\n
Action.c(16):     .product-list-entry {\n
Action.c(16):     padding: 5px 0 0;\n
Action.c(16):     }\n
Action.c(16):     .product-image {\n
Action.c(16):     vertical-align: middle;\n
Action.c(16):     padding: 0 1rem;\n
Action.c(16):     }\n
Action.c(16):     </style>\n
Action.c(16):     <header>\n
Action.c(16):     <div class="seo_logo"><a href="/">Peapod.com</a></div>\n
Action.c(16):     <div class="seo_sign-in"><a href="/shop/auth/index.jhtml?gateway=1">Sign In</a></div>\n
Action.c(16):     </header>\n
Action.c(16):     <main class="select-text">\n
Action.c(16):     Shop for thousands of grocery items for your home or business\n
Action.c(16):     <br>\n
Action.c(16):     <div class="promo">\n
Action.c(16):     <!-- Gateway Promo -->\n
Action.c(16):     <div>\n
Action.c(16):     <h2 class="medium-text">New to Peapod? Save $20 on first order plus FREE delivery.</h2>\n
Action.c(16):     <p>Enter promo code 60DAYSFREE at checkout. Minimum purchase required.</p>\n
Action.c(16):     <br>\n
Action.c(16):     </div>\n
Action.c(16):     <!-- Promo Details -->\n
Action.c(16):     <div>\n
Action.c(16):     <p>\n
Action.c(16):     </p>\n
Action.c(16):     <p>\n
Action.c(16):     $20 offer valid on first order of $75 or more (before taxes and after all other coupons an
Action.c(16):     d savings are applied). We&#39;ll waive your Delivery and Pick-up fee on first order and t
Action.c(16):     hen on all subsequent orders of $60 or or more if placed within 60 days of first order. Va
Action.c(16):     lid for first-time residential customers only. Offer excludes alcoholic beverages, gift ca
Action.c(16):     rds, postage stamps and any other purchases prohibited by law. Offer is not transferable. 
Action.c(16):     Limit one per household. Enter code at first order checkout . Not valid with any other off
Action.c(16):     er. Expires 6/30/20.\n
Action.c(16):     </p>\n
Action.c(16):     <br>\n
Action.c(16):     <br>\n
Action.c(16):     </div>\n
Action.c(16):     </div>\n
Action.c(16):     <div id="categories">\n
Action.c(16):     <ul>\n
Action.c(16):     <li>\n
Action.c(16):     <a href="/browse-aisles/categories/1/categories/2-alcoholic-beverages">\n
Action.c(16):     Alcoholic Beverages\n
Action.c(16):     </a>\n
Action.c(16):     </li>\n
Action.c(16):     <li>\n
Action.c(16):     <a href="/browse-aisles/categories/1/categories/85-bread-bakery">\n
Action.c(16):     Bread &amp; Bakery\n
Action.c(16):     </a>\n
Action.c(16):     </li>\n
Action.c(16):     <li>\n
Action.c(16):     <a href="/browse-aisles/categories/1/categories/166-baking-cooking-needs">\n
Action.c(16):     Baking &amp; Cooking Needs\n
Action.c(16):     </a>\n
Action.c(16):     </li>\n
Action.c(16):     <li>\n
Action.c(16):     <a href="/browse-aisles/categories/1/categories/365-beverages">\n
Action.c(16):     Beverages\n
Action.c(16):     </a>\n
Action.c(16):     </li>\n
Action.c(16):     <li>\n
Action.c(16):     <a href="/browse-aisles/categories/1/categories/530-breakfast-cereal">\n
Action.c(16):     Breakfast &amp; Cereal\n
Action.c(16):     </a>\n
Action.c(16):     </li>\n
Action.c(16):     <li>\n
Action.c(16):     <a href="/browse-aisles/categories/1/categories/569-condiments-sauces">\n
Action.c(16):     Condiments &amp; Sauces\n
Action.c(16):     </a>\n
Action.c(16):     </li>\n
Action.c(16):     <li>\n
Action.c(16):     <a href="/browse-aisles/categories/1/categories/805-dairy">\n
Action.c(16):     Dairy\n
Action.c(16):     </a>\n
Action.c(16):     </li>\n
Action.c(16):     <li>\n
Action.c(16):     <a href="/browse-aisles/categories/1/categories/921-deli">\n
Action.c(16):     Deli\n
Action.c(16):     </a>\n
Action.c(16):     </li>\n
Action.c(16):     <li>\n
Action.c(16):     <a href="/browse-aisles/categories/1/categories/995-frozen">\n
Action.c(16):     Frozen\n
Action.c(16):     </a>\n
Action.c(16):     </li>\n
Action.c(16):     <li>\n
Action.c(16):     <a href="/browse-aisles/categories/1/categories/1066-rice-grains-pasta-beans">\n
Action.c(16):     Rice, Grains, Pasta &amp; Beans\n
Action.c(16):     </a>\n
Action.c(16):     </li>\n
Action.c(16):     <li>\n
Action.c(16):     <a href="/browse-aisles/categories/1/categories/1201-health-beauty">\n
Action.c(16):     Health &amp; Beauty\n
Action.c(16):     </a>\n
Action.c(16):     </li>\n
Action.c(16):     <li>\n
Action.c(16):     <a href="/browse-aisles/categories/1/categories/1370-baby-childcare">\n
Action.c(16):     Baby &amp; Childcare\n
Action.c(16):     </a>\n
Action.c(16):     </li>\n
Action.c(16):     <li>\n
Action.c(16):     <a href="/browse-aisles/categories/1/categories/1448-laundry-paper-cleaning">\n
Action.c(16):     Laundry, Paper &amp; Cleaning\n
Action.c(16):     </a>\n
Action.c(16):     </li>\n
Action.c(16):     <li>\n
Action.c(16):     <a href="/browse-aisles/categories/1/categories/1563-meat">\n
Action.c(16):     Meat\n
Action.c(16):     </a>\n
Action.c(16):     </li>\n
Action.c(16):     <li>\n
Action.c(16):     <a href="/browse-aisles/categories/1/categories/1633-seafood">\n
Action.c(16):     Seafood\n
Action.c(16):     </a>\n
Action.c(16):     </li>\n
Action.c(16):     <li>\n
Action.c(16):     <a href="/browse-aisles/categories/1/categories/1675-office-home-garden">\n
Action.c(16):     Office, Home &amp; Garden\n
Action.c(16):     </a>\n
Action.c(16):     </li>\n
Action.c(16):     <li>\n
Action.c(16):     <a href="/browse-aisles/categories/1/categories/2057-pet-store">\n
Action.c(16):     Pet Store\n
Action.c(16):     </a>\n
Action.c(16):     </li>\n
Action.c(16):     <li>\n
Action.c(16):     <a href="/browse-aisles/categories/1/categories/2098-produce">\n
Action.c(16):     Produce\n
Action.c(16):     </a>\n
Action.c(16):     </li>\n
Action.c(16):     <li>\n
Action.c(16):     <a href="/browse-aisles/categories/1/categories/2543-snacks-candy">\n
Action.c(16):     Snacks &amp; Candy\n
Action.c(16):     </a>\n
Action.c(16):     </li>\n
Action.c(16):     <li>\n
Action.c(16):     <a href="/browse-aisles/categories/1/categories/2708-soups-canned-goods">\n
Action.c(16):     Soups &amp; Canned Goods\n
Action.c(16):     </a>\n
Action.c(16):     </li>\n
Action.c(16):     <li>\n
Action.c(16):     <a href="/browse-aisles/categories/1/categories/4147-meal-kits">\n
Action.c(16):     Meal Kits\n
Action.c(16):     </a>\n
Action.c(16):     </li>\n
Action.c(16):     </ul>\n
Action.c(16):     </div>\n
Action.c(16):     </main>\n
Action.c(16):     <footer class="select-text">\n
Action.c(16):     <div id="about-peapod" class="seo_inline-block">\n
Action.c(16):     <h3>About Peapod</h3>\n
Action.c(16):     <ul>\n
Action.c(16):     <li><a href="http://about.peapod.com/our-company/our-mission/">Company Overview</a><br/></
Action.c(16):     li>\n
Action.c(16):     <li><a href="https://www.peapod.com/careers">Careers</a><br/></li>\n
Action.c(16):     <li><a href="https://ew23.ultipro.com/Login.aspx">Employees</a><br/></li>\n
Action.c(16):     <li><a href="https://about.peapod.com/">News Room</a><br/></li>\n
Action.c(16):     <li><a href="http://about.peapod.com/news-room/information-for-affiliates/">Affliates</a><
Action.c(16):     br/></li>\n
Action.c(16):     <li><a href="/shop/auth/login/policy">Accessibility Policy</a><br/></li>\n
Action.c(16):     </ul>\n
Action.c(16):     </div>\n
Action.c(16):     <div id="follow-us" class="seo_inline-block">\n
Action.c(16):     <h3>Follow Us</h3>\n
Action.c(16):     <ul>\n
Action.c(16):     <li><a href="https://www.facebook.com/PeapodDelivers">Facebook</a><br/></li>\n
Action.c(16):     <li><a href="https://twitter.com/PeapodDelivers">Twitter</a><br/></li>\n
Action.c(16):     <li><a href="https://www.pinterest.com/peapoddelivers/">Pinterest</a><br/></li>\n
Action.c(16):     <li><a href="https://www.instagram.com/peapoddelivers/">Instagram</a><br/></li>\n
Action.c(16):     <li><a href="https://www.youtube.com/user/peapoddelivery">YouTube</a><br/></li>\n
Action.c(16):     <li><a href="https://play.google.com/store/apps/details?id=com.peapod.app.mobile.droid">Ge
Action.c(16):     t It on Google Play</a><br/></li>\n
Action.c(16):     <li><a href="itms://itunes.apple.com/us/app/peapod/id386315393?mt=8">Download on the App S
Action.c(16):     tore</a><br/></li>\n
Action.c(16):     </ul>\n
Action.c(16):     </div>\n
Action.c(16):     </footer>\n
Action.c(16):     </noscript>\n
Action.c(16):     <!-- BEGIN Google Tag Manager noscript -->\n
Action.c(16):     <noscript>\n
Action.c(16):     <iframe\n
Action.c(16):     src="https://www.googletagmanager.com/ns.html?id=GTM-PN7ML7L"\n
Action.c(16):     height="0"\n
Action.c(16):     width="0"\n
Action.c(16):     style="display:none;visibility:hidden">\n
Action.c(16):     </iframe>\n
Action.c(16):     </noscript>\n
Action.c(16):     <!-- END Google Tag Manager noscript -->\n
Action.c(16):     <a aria-hidden="{{ activeView != '' || alertPresent }}" href="" ng-click="focusOn('main-co
Action.c(16):     ntent')" class="skip-nav" target="_self">Skip to Main Content</a>\n
Action.c(16):     <div ng-include="'/shop/site/partials/global/alert/alert.html'"></div>\n
Action.c(16):     <div class="co
Action.c(16): t=2097ms: 3078-byte DECODED response body for "https://stage.peapod.com/" (RelFrameId=1, Internal ID=1)
Action.c(16):     ntainer--full-height container--full-width" ng-controller="GatewayViewController as gatewa
Action.c(16):     yCtrl">\n
Action.c(16):     <div class="mask mask--black ng-cloak" ng-click="transitioningToModal !== true && openName
Action.c(16):     dView('')" ng-if="(activeView != '' && ! isSearchActive ) || transitioningToModal"></div>\n
Action.c(16):     <aside role="complementary" aria-label="Pickup location window" ng-class="{'slide-up': !is
Action.c(16):     Desktop(), 'modal-fade': isDesktop()}" class="sidebar sidebar--modal pickup-location-modal
Action.c(16):      ng-cloak" aria-hidden="{{ alertPresent }}" view-name="pickup-location-modal" tabindex="-1
Action.c(16):     " ppd-if="activeView == 'pickup-location-modal'" after-enter="afterEnter" after-leave="aft
Action.c(16):     erLeaveModal" ppd-static-view-content>\n
Action.c(16):     <div class="flex-content_container container--full-height" ng-include="'/shop/site/partial
Action.c(16):     s/global/popup/pup/pickup-point-selection.html'">\n
Action.c(16):     </div>\n
Action.c(16):     </aside>\n
Action.c(16):     <aside role="complementary" aria-label="Site transition window"\n
Action.c(16):     class="sidebar modal--full-screen"\n
Action.c(16):     ng-class="{'slide-up': !isDesktop(), 'modal-fade': isDesktop()}"\n
Action.c(16):     aria-hidden="{{ alertPresent }}" view-name="site-transition"\n
Action.c(16):     tabindex="-1" ppd-if="activeView == 'site-transition'"\n
Action.c(16):     after-enter="afterEnter" after-leave="afterLeaveModal"\n
Action.c(16):     ppd-static-view-content>\n
Action.c(16):     <div class="flex-content_container container--full-height">\n
Action.c(16):     <div class="st_container st_container--page" ng-include="'/shop/site/partials/global/site-
Action.c(16):     transition/peapod-to-brand/index.html'"></div>\n
Action.c(16):     </div>\n
Action.c(16):     </aside>\n
Action.c(16):     <div class="flex-content_container container--full-height container--full-width">\n
Action.c(16):     <div class="flex-content_row--expanded">\n
Action.c(16):     <div class="container--absolutely-fill">\n
Action.c(16):     <div class="scrollable gateway_page-backdrop" aria-hidden="{{ activeView != '' || alertPre
Action.c(16):     sent }}">\n
Action.c(16):     <div class="scrollable-content">\n
Action.c(16):     <div class="gateway-page_upper-content">\n
Action.c(16):     <div aria-hidden="{{ ! gatewayCtrl.contentData.promo }}"\n
Action.c(16):     ng-show="!! gatewayCtrl.contentData.promo"\n
Action.c(16):     ng-include="'/shop/site/pages/gateway/gateway_body_promo_section.html'">\n
Action.c(16):     </div>\n
Action.c(16):     <div ng-include="'/shop/site/pages/gateway/gateway_header.html'">\n
Action.c(16):     </div>\n
Action.c(16):     <div ng-if="isMobile()">\n
Action.c(16):     <div class="gateway-login_header"\n
Action.c(16):     ng-class="{'gateway-login_header--mobile': isMobile() }">\n
Action.c(16):     Welcome to Peapod\n
Action.c(16):     </div>\n
Action.c(16):     <div class="gateway-login_subheader"\n
Action.c(16):     ng-class="{'gateway-login_subheader--mobile': isMobile() }">\n
Action.c(16):     Grocery shop from anywhere. Delivery on your schedule.\n
Action.c(16):     </div>\n
Action.c(16):     </div>\n
Action.c(16):     </div>\n
Action.c(16):     <main class="gateway-page_wrapper" aria-hidden="{{ activeView != '' || alertPresent }}" ro
Action.c(16):     le="main" id="old-browser-wrapper">\n
Action.c(16):     <div modal-input-manager width-variable="gatewayPageSize" width-values="widthBreakpoints.d
Action.c(16):     efaultBreakpoints" id="main-content" tabindex="-1">\n
Action.c(16):     <div ng-include="'/shop/site/pages/gateway/gateway_body.html'">\n
Action.c(16):     </div>\n
Action.c(16):     </div>\n
Action.c(16):     </main>\n
Action.c(16):     <div class="gateway-marketing_wrapper" ng-class="{ 'gateway-marketing_wrapper--top-separat
Action.c(16):     or': isMobile() && ! gatewayCtrl.contentData.promo }" ng-if="!!gatewayCtrl.contentData.mar
Action.c(16):     keting">\n
Action.c(16):     <div ng-include="'/shop/site/pages/gateway/gateway_marketing_content.html'">\n
Action.c(16):     </div>\n
Action.c(16):     </div>\n
Action.c(16):     <div ng-include="'/shop/site/pages/gateway/gateway_footer.html'">\n
Action.c(16):     </div>\n
Action.c(16):     </div>\n
Action.c(16):     </div>\n
Action.c(16):     </div>\n
Action.c(16):     </div>\n
Action.c(16):     </div>\n
Action.c(16):     </div>\n
Action.c(16):     </body>\n
Action.c(16):     </html>\n
Action.c(16): web_custom_request("stage.peapod.com") was successful, 5082 body bytes, 1558 header bytes  	[MsgId: MMSG-26386]
Action.c(26): web_custom_request("cms") started  	[MsgId: MMSG-26355]
Action.c(26): t=6105ms: 752-byte response headers for "https://stage.peapod.com/api/v2.0/cms?regions=%7B%22gateway_promo_content%22:%7B%22limit%22:1,%22ff%22:%7B%22Landing+Page+Id%22:%5B%22default%22%5D%7D%7D%7D" (RelFrameId=1, Internal ID=2)
Action.c(26):     HTTP/1.1 200 OK\r\n
Action.c(26):     Date: Sun, 24 Nov 2019 16:39:23 GMT\r\n
Action.c(26):     Content-Type: application/json;charset=utf-8\r\n
Action.c(26):     Transfer-Encoding: chunked\r\n
Action.c(26):     Connection: keep-alive\r\n
Action.c(26):     Strict-Transport-Security: max-age=63072000; includeSubdomains;\r\n
Action.c(26):     access-control-allow-credentials: true\r\n
Action.c(26):     access-control-allow-origin:\r\n
Action.c(26):     expires: 0\r\n
Action.c(26):     Vary: Accept-Encoding,User-Agent\r\n
Action.c(26):     Content-Encoding: gzip\r\n
Action.c(26):     Cache-Control: no-store\r\n
Action.c(26):     X-XSS-Protection: 1; mode=block\r\n
Action.c(26):     X-Content-Type-Options: nosniff\r\n
Action.c(26):     Strict-Transport-Security: max-age=86400; includeSubDomains\r\n
Action.c(26):     Content-Security-Policy: frame-ancestors 'self' *.giantfood.com\r\n
Action.c(26):     CF-Cache-Status: DYNAMIC\r\n
Action.c(26):     Expect-CT: max-age=604800, report-uri="https://report-uri.cloudflare.com/cdn-cgi/beacon/ex
Action.c(26):     pect-ct"\r\n
Action.c(26):     Server: cloudflare\r\n
Action.c(26):     CF-RAY: 53acd193fcaff0b9-IAD\r\n
Action.c(26):     \r\n
Action.c(26): t=6109ms: 611-byte ENCODED response body received for "https://stage.peapod.com/api/v2.0/cms?regions=%7B%22gateway_promo_content%22:%7B%22limit%22:1,%22ff%22:%7B%22Landing+Page+Id%22:%5B%22default%22%5D%7D%7D%7D" (RelFrameId=1, Internal ID=2)
Action.c(26): t=6109ms: 1100-byte DECODED response body for "https://stage.peapod.com/api/v2.0/cms?regions=%7B%22gateway_promo_content%22:%7B%22limit%22:1,%22ff%22:%7B%22Landing+Page+Id%22:%5B%22default%22%5D%7D%7D%7D" (RelFrameId=1, Internal ID=2)
Action.c(26):     {"response":{"regionContents":[{"region":"gateway_promo_content","contents":[{"map":{"Frie
Action.c(26):     ndly Tracking Description":"Gateway Content CMS: Default","moduleType":"Content: Gateway P
Action.c(26):     romo","Customer Status":{"myArrayList":["New Customer","Existing Customer"]},"Approved":"2
Action.c(26):     019-01-16T15:05:28.149-0600","Test script field (migration)":"CS-46769","Site_Location":"g
Action.c(26):     ateway_promo_content","Customer Type":{"myArrayList":["Consumer","Merchant"]},"scheduledCo
Action.c(26):     ntentData":{"map":{"Gateway Promo - Message":"Enter promo code 60DAYSFREE at checkout. Min
Action.c(26):     imum purchase required.","Opco Logo":"PPOD","parts":{"myArrayList":[]},"User Customer Type
Action.c(26):     ":"Consumer","id":"313629","Test script field (migration)":"CS-43106","key":"CS-43106","Ga
Action.c(26):     teway Promo - Headline":"New to Peapod? Save $20 on first order plus FREE delivery."}},"Sc
Action.c(26):     heduled_Priority":"1","Start Date":"2018-08-23","Content_Active":"Yes","End Date":"2029-12
Action.c(26):     -31","Sent to QA":"2019-11-07T14:05:22.266-0600","Landing Page Id":"default","id":"318530"
Action.c(26):     ,"StoreCodes":{"myArrayList":[]},"key":"CS-46769"}}]}],"resultCount":1},"sessionId":"IIFRJ
Action.c(26):     AZ4OWS4UCWWM4JCF3Q"}
Action.c(26): t=6111ms: 11-byte ENCODED response body received for "https://stage.peapod.com/api/v2.0/cms?regions=%7B%22gateway_promo_content%22:%7B%22limit%22:1,%22ff%22:%7B%22Landing+Page+Id%22:%5B%22default%22%5D%7D%7D%7D" (RelFrameId=1, Internal ID=2)
Action.c(26): web_custom_request("cms") was successful, 622 body bytes, 752 header bytes  	[MsgId: MMSG-26386]
Action.c(35): web_custom_request("PeapodIcons.json") started  	[MsgId: MMSG-26355]
Action.c(35): t=7118ms: 724-byte response headers for "https://stage.peapod.com/shop/images/icons/PeapodIcons.json" (RelFrameId=1, Internal ID=3)
Action.c(35):     HTTP/1.1 200 OK\r\n
Action.c(35):     Date: Sun, 24 Nov 2019 16:39:24 GMT\r\n
Action.c(35):     Content-Type: application/json\r\n
Action.c(35):     Transfer-Encoding: chunked\r\n
Action.c(35):     Connection: keep-alive\r\n
Action.c(35):     Strict-Transport-Security: max-age=63072000; includeSubdomains;\r\n
Action.c(35):     Last-Modified: Wed, 20 Nov 2019 22:22:25 GMT\r\n
Action.c(35):     Accept-Ranges: bytes\r\n
Action.c(35):     Vary: Accept-Encoding,User-Agent\r\n
Action.c(35):     Content-Encoding: gzip\r\n
Action.c(35):     Cache-Control: no-store\r\n
Action.c(35):     X-XSS-Protection: 1; mode=block\r\n
Action.c(35):     X-Content-Type-Options: nosniff\r\n
Action.c(35):     Strict-Transport-Security: max-age=86400; includeSubDomains\r\n
Action.c(35):     Content-Security-Policy: frame-ancestors 'self' *.giantfood.com\r\n
Action.c(35):     CF-Cache-Status: DYNAMIC\r\n
Action.c(35):     Expect-CT: max-age=604800, report-uri="https://report-uri.cloudflare.com/cdn-cgi/beacon/ex
Action.c(35):     pect-ct"\r\n
Action.c(35):     Server: cloudflare\r\n
Action.c(35):     CF-RAY: 53acd19a2e099584-IAD\r\n
Action.c(35):     \r\n
Action.c(35): t=7121ms: 639-byte ENCODED response body received for "https://stage.peapod.com/shop/images/icons/PeapodIcons.json" (RelFrameId=1, Internal ID=3)
Action.c(35): t=7121ms: 4067-byte DECODED response body for "https://stage.peapod.com/shop/images/icons/PeapodIcons.json" (RelFrameId=1, Internal ID=3)
Action.c(35):     {\n
Action.c(35):       "selection": [\n
Action.c(35):         {\n
Action.c(35):           "order": 0,\n
Action.c(35):           "name": "gntl-logo"\n
Action.c(35):         },\n
Action.c(35):         {\n
Action.c(35):           "order": 0,\n
Action.c(35):           "name": "flexible-rewards-mark",\n
Action.c(35):           "prevSize": 32\n
Action.c(35):         },\n
Action.c(35):         {\n
Action.c(35):           "order": 0,\n
Action.c(35):           "name": "giant-choice-rewards-logo",\n
Action.c(35):           "prevSize": 32\n
Action.c(35):         },\n
Action.c(35):         {\n
Action.c(35):           "order": 0,\n
Action.c(35):           "name": "go-rewards-logo",\n
Action.c(35):           "prevSize": 32\n
Action.c(35):         },\n
Action.c(35):         {\n
Action.c(35):           "order": 0,\n
Action.c(35):           "name": "martins-choice-rewards-logo",\n
Action.c(35):           "prevSize": 32\n
Action.c(35):         },\n
Action.c(35):         {\n
Action.c(35):           "order": 0,\n
Action.c(35):           "name": "sns-special-offers-icon",\n
Action.c(35):           "prevSize": 32\n
Action.c(35):         },\n
Action.c(35):         {\n
Action.c(35):           "order": 0,\n
Action.c(35):           "name": "gm-special-offers-icon",\n
Action.c(35):           "prevSize": 32\n
Action.c(35):         },\n
Action.c(35):         {\n
Action.c(35):           "order": 0,\n
Action.c(35):           "name": "gf-special-offers-icon",\n
Action.c(35):           "prevSize": 32\n
Action.c(35):         },\n
Action.c(35):         {\n
Action.c(35):           "order": 0,\n
Action.c(35):           "name": "Confirmation-Check",\n
Action.c(35):           "prevSize": 32\n
Action.c(35):         },\n
Action.c(35):         {\n
Action.c(35):           "order": 0,\n
Action.c(35):           "name": "Home_GM",\n
Action.c(35):           "prevSize": 32\n
Action.c(35):         },\n
Action.c(35):         {\n
Action.c(35):           "order": 0,\n
Action.c(35):           "name": "More_GM",\n
Action.c(35):           "prevSize": 32\n
Action.c(35):         },\n
Action.c(35):         {\n
Action.c(35):           "order": 0,\n
Action.c(35):           "name": "Rewards_GM",\n
Action.c(35):           "prevSize": 32\n
Action.c(35):         },\n
Action.c(35):         {\n
Action.c(35):           "order": 0,\n
Action.c(35):           "name": "icon-list-add",\n
Action.c(35):           "prevSize": 32\n
Action.c(35):         },\n
Action.c(35):         {\n
Action.c(35):           "order": 0,\n
Action.c(35):           "name": "icon-list-nav",\n
Action.c(35):           "prevSize": 32\n
Action.c(35):         },\n
Action.c(35):         {\n
Action.c(35):           "order": 0,\n
Action.c(35):           "name": "delivery-gntc-inverse",\n
Action.c(35):           "prevSize": 32\n
Action.c(35):         },\n
Action.c(35):         {\n
Action.c(35):           "order": 0,\n
Action.c(35):           "name": "in-store-gntc-inverse"\n
Action.c(35):         },\n
Action.c(35):         {\n
Action.c(35):           "order": 0,\n
Action.c(35):           "name": "pick-up-gntc-inverse"\n
Action.c(35):         },\n
Action.c(35):         {\n
Action.c(35):           "order": 0,\n
Action.c(35):           "name": "delivery-mrtn-inverse"\n
Action.c(35):         },\n
Action.c(35):         {\n
Action.c(35):           "order": 0,\n
Action.c(35):           "name": "in-store-mrtn-inverse"\n
Action.c(35):         },\n
Action.c(35):         {\n
Action.c(35):           "order": 0,\n
Action.c(35):           "name": "pick-up-mrtn-inverse"\n
Action.c(35):         },\n
Action.c(35):         {\n
Action.c(35):           "order": 0,\n
Action.c(35):           "name": "delivery-gntl-inverse"\n
Action.c(35):         },\n
Action.c(35):         {\n
Action.c(35):           "order": 0,\n
Action.c(35):           "name": "in-store-gntl-inverse"\n
Action.c(35):         },\n
Action.c(35):         {\n
Action.c(35):           "order": 0,\n
Action.c(35):           "name": "pick-up-gntl-inverse"\n
Action.c(35):         },\n
Action.c(35):         {\n
Action.c(35):           "order": 0,\n
Action.c(35):           "name": "delivery-stsh-inverse"\n
Action.c(35):         },\n
Action.c(35):         {\n
Action.c(35):           "order": 0,\n
Action.c(35):           "name": "in-store-stsh-inverse"\n
Action.c(35):         },\n
Action.c(35):         {\n
Action.c(35):           "order": 0,\n
Action.c(35):           "name": "pick-up-stsh-inverse"\n
Action.c(35):         },\n
Action.c(35):         {\n
Action.c(35):           "order": 0,\n
Action.c(35):           "name": "Order-Genius_GM",\n
Action.c(35):           "prevSize": 32\n
Action.c(35):         },\n
Action.c(35):         {\n
Action.c(35):           "order": 0,\n
Action.c(35):           "name": "Recipes_GM",\n
Action.c(35):           "prevSize": 32\n
Action.c(35):         },\n
Action.c(35):         {\n
Action.c(35):           "order": 0,\n
Action.c(35):           "name": "gf-gas-savings-icon-orig",\n
Action.c(35):           "prevSize": 32\n
Action.c(35):         },\n
Action.c(35):         {\n
Action.c(35):           "order": 0,\n
Action.c(35):           "name": "gm-gas-savings-icon-1",\n
Action.c(35):           "prevSize": 32\n
Action.c(35):         },\n
Action.c(35):         {\n
Action.c(35):           "order": 0,\n
Action.c(35):           "name": "sns-gas-savings-icon",\n
Action.c(35):           "prevSize": 32\n
Action.c(35):         },\n
Action.c(35):         {\n
Action.c(35):           "order": 0,\n
Action.c(35):           "name": "gm-grocery-dollars-icon",\n
Action.c(35):           "prevSize": 32\n
Action.c(35):         },\n
Action.c(35):         {\n
Action.c(35):           "order": 0,\n
Action.c(35):           "name": "sns-grocery-dollars-icon",\n
Action.c(35):           "prevSize": 32\n
Action.c(35):         },\n
Action.c(35):         {\n
Action.c(35):           "order": 0,\n
Action.c(35):           "name": "peapod-powered-by-stop-and-shop",\n
Action.c(35):           "prevSize": 32\n
Action.c(35):         },\n
Action.c(35):         {\n
Action.c(35):           "order": 0,\n
Action.c(35):           "name": "pick-up-gntl",\n
Action.c(35):           "prevSize": 32\n
Action.c(35):         },\n
Action.c(35):         {\n
Action.c(35):           "order": 0,\n
Action.c(35):           "name": "pick-up-gntc"\n
Action.c(35):         },\n
Action.c(35):         {\n
Action.c(35):           "order": 0,\n
Action.c(35):           "name": "delivery-gntc",\n
Action.c(35):           "prevSize": 32\n
Action.c(35):         },\n
Action.c(35):         {\n
Action.c(35):           "order": 0,\n
Action.c(35):           "name": "delivery-mrtn"\n
Action.c(35):         },\n
Action.c(35):         {\n
Action.c(35):           "order": 0,\n
Action.c(35):           "name": "in-store-gntc"\n
Action.c(35):         },\n
Action.c(35):         {\n
Action.c(35):           "order": 0,\n
Action.c(35):           "name": "in-store-gntl"\n
Action.c(35):         },\n
Action.c(35):         {\n
Action.c(35):           "order": 0,\n
Action.c(35):           "name": "in-store-mrtn"\n
Action.c(35):         },\n
Action.c(35):         {\n
Action.c(35):           "order": 0,\n
Action.c(35):           "name": "pick-up-mrtn"\n
Action.c(35):         },\n
Action.c(35):         {\n
Action.c(35):           "order": 0,\n
Action.c(35):           "name": "delivery-gntl"\n
Action.c(35):         },\n
Action.c(35):         {\n
Action.c(35):           "order": 0,\n
Action.c(35):           "name": "delivery-stsh"\n
Action.c(35):         },\n
Action.c(35):         {\n
Action.c(35):           "order": 0,\n
Action.c(35):           "name": "in-store-stsh"\n
Action.c(35):         },\n
Action.c(35):         {\n
Action.c(35):           "order": 0,\n
Action.c(35):           "name": "pick-up-stsh"\n
Action.c(35):         },\n
Action.c(35):         {\n
Action.c(35):           "order": 0,\n
Action.c(35):           "name": "martins-powered-by-peapod"\n
Action.c(35):         },\n
Action.c(35):         {\n
Action.c(35):           "order": 0,\n
Action.c(35):           "name": "giant-carlisle-powered-by-peapod"\n
Action.c(35):         },\n
Action.c(35):         {\n
Action.c(35):           "order": 0,\n
Action.c(35):           "name": "giant-landover-powered-by-peapod"\n
Action.c(35):         },\n
Action.c(35):         {\n
Action.c(35):           "order": 0,\n
Action.c(35):           "name": "stop-and-shop-powered-by-peapod"\n
Action.c(35):         },\n
Action.c(35):         {\n
Action.c(35):           "order": 0,\n
Action.c(35):           "name": "barcode-icon",\n
Action.c(35):           "prevSize": 32\n
Action.c(35):         },\n
Action.c(35):         {\n
Action.c(35):           "order": 0,\n
Action.c(35):           "name": "Print",\n
Action.c(35):           "prevSize": 32\n
Action.c(35):         },\n
Action.c(35):         {\n
Action.c(35):           "order": 0,\n
Action.c(35):           "name": "icon
Action.c(35): t=7161ms: 12288-byte ENCODED response body received for "https://stage.peapod.com/shop/images/icons/PeapodIcons.json" (RelFrameId=1, Internal ID=3)
Action.c(35): t=7162ms: 12288-byte DECODED response body for "https://stage.peapod.com/shop/images/icons/PeapodIcons.json" (RelFrameId=1, Internal ID=3)
Action.c(35):     _rewards"\n
Action.c(35):         },\n
Action.c(35):         {\n
Action.c(35):           "order": 0,\n
Action.c(35):           "name": "Coupon-Fulfilled-3",\n
Action.c(35):           "prevSize": 32\n
Action.c(35):         },\n
Action.c(35):         {\n
Action.c(35):           "order": 0,\n
Action.c(35):           "name": "Information",\n
Action.c(35):           "prevSize": 32\n
Action.c(35):         },\n
Action.c(35):         {\n
Action.c(35):           "order": 0,\n
Action.c(35):           "name": "Coupon-Fulfilled-1",\n
Action.c(35):           "prevSize": 32\n
Action.c(35):         },\n
Action.c(35):         {\n
Action.c(35):           "order": 0,\n
Action.c(35):           "name": "person",\n
Action.c(35):           "prevSize": 32\n
Action.c(35):         },\n
Action.c(35):         {\n
Action.c(35):           "order": 0,\n
Action.c(35):           "name": "menu",\n
Action.c(35):           "prevSize": 32\n
Action.c(35):         },\n
Action.c(35):         {\n
Action.c(35):           "order": 0,\n
Action.c(35):           "name": "fuel-rewards",\n
Action.c(35):           "prevSize": 32\n
Action.c(35):         },\n
Action.c(35):         {\n
Action.c(35):           "order": 0,\n
Action.c(35):           "name": "Fuel-savings",\n
Action.c(35):           "prevSize": 32\n
Action.c(35):         },\n
Action.c(35):         {\n
Action.c(35):           "order": 0,\n
Action.c(35):           "name": "pin",\n
Action.c(35):           "prevSize": 32\n
Action.c(35):         },\n
Action.c(35):         {\n
Action.c(35):           "order": 0,\n
Action.c(35):           "name": "google-play",\n
Action.c(35):           "prevSize": 32\n
Action.c(35):         },\n
Action.c(35):         {\n
Action.c(35):           "order": 0,\n
Action.c(35):           "name": "app-store",\n
Action.c(35):           "prevSize": 32\n
Action.c(35):         },\n
Action.c(35):         {\n
Action.c(35):           "order": 0,\n
Action.c(35):           "name": "icon-directions",\n
Action.c(35):           "prevSize": 32\n
Action.c(35):         },\n
Action.c(35):         {\n
Action.c(35):           "order": 0,\n
Action.c(35):           "name": "icon-locator-pin",\n
Action.c(35):           "prevSize": 32\n
Action.c(35):         },\n
Action.c(35):         {\n
Action.c(35):           "order": 0,\n
Action.c(35):           "name": "organic",\n
Action.c(35):           "prevSize": 32\n
Action.c(35):         },\n
Action.c(35):         {\n
Action.c(35):           "order": 0,\n
Action.c(35):           "name": "giant-logo-solo",\n
Action.c(35):           "prevSize": 32\n
Action.c(35):         },\n
Action.c(35):         {\n
Action.c(35):           "order": 0,\n
Action.c(35):           "name": "martins-logo-solo",\n
Action.c(35):           "prevSize": 32\n
Action.c(35):         },\n
Action.c(35):         {\n
Action.c(35):           "order": 0,\n
Action.c(35):           "name": "martins-direct-logo",\n
Action.c(35):           "prevSize": 32\n
Action.c(35):         },\n
Action.c(35):         {\n
Action.c(35):           "order": 0,\n
Action.c(35):           "name": "giant-direct-logo",\n
Action.c(35):           "prevSize": 32\n
Action.c(35):         },\n
Action.c(35):         {\n
Action.c(35):           "order": 0,\n
Action.c(35):           "name": "martins-logo",\n
Action.c(35):           "prevSize": 32,\n
Action.c(35):           "codes": [\n
Action.c(35):             59649,\n
Action.c(35):             59650,\n
Action.c(35):             59651,\n
Action.c(35):             59652,\n
Action.c(35):             59653,\n
Action.c(35):             59654,\n
Action.c(35):             59665,\n
Action.c(35):             59666,\n
Action.c(35):             59667,\n
Action.c(35):             59668,\n
Action.c(35):             59669,\n
Action.c(35):             59670,\n
Action.c(35):             59671,\n
Action.c(35):             59672,\n
Action.c(35):             59673,\n
Action.c(35):             59674,\n
Action.c(35):             59675,\n
Action.c(35):             59676,\n
Action.c(35):             59677,\n
Action.c(35):             59678,\n
Action.c(35):             59679,\n
Action.c(35):             59680,\n
Action.c(35):             59681,\n
Action.c(35):             59682,\n
Action.c(35):             59683,\n
Action.c(35):             59684,\n
Action.c(35):             59685,\n
Action.c(35):             59686,\n
Action.c(35):             59687,\n
Action.c(35):             59688,\n
Action.c(35):             59689,\n
Action.c(35):             59690,\n
Action.c(35):             59691,\n
Action.c(35):             59692,\n
Action.c(35):             59693,\n
Action.c(35):             59694,\n
Action.c(35):             59695,\n
Action.c(35):             59696,\n
Action.c(35):             59697,\n
Action.c(35):             59698\n
Action.c(35):           ]\n
Action.c(35):         },\n
Action.c(35):         {\n
Action.c(35):           "order": 0,\n
Action.c(35):           "name": "peapod-by-martins",\n
Action.c(35):           "prevSize": 32\n
Action.c(35):         },\n
Action.c(35):         {\n
Action.c(35):           "order": 0,\n
Action.c(35):           "name": "SSlogo_noTM",\n
Action.c(35):           "prevSize": 32,\n
Action.c(35):           "codes": [\n
Action.c(35):             59699,\n
Action.c(35):             59700,\n
Action.c(35):             59701,\n
Action.c(35):             59702,\n
Action.c(35):             59703,\n
Action.c(35):             59704,\n
Action.c(35):             59705,\n
Action.c(35):             59706,\n
Action.c(35):             59707,\n
Action.c(35):             59708,\n
Action.c(35):             59709\n
Action.c(35):           ]\n
Action.c(35):         },\n
Action.c(35):         {\n
Action.c(35):           "order": 0,\n
Action.c(35):           "name": "svgxmlbase64, PHN2ZyB4bWxucz0iaHR0cDovL3d3dy53My5vcmcvMjAwMC9zdmciIHZlcnNpb
Action.c(35):     249IjEuMSIgeD0iMHB4IiB5PSIwcHgiIGZvY3VzYWJsZT0iZmFsc2UiIHZpZXdCb3g9IjAgMCAzNTIwIDEwMjQiIGN
Action.c(35):     sYXNzPSIiIHJvbGU9InByZXNlbnRhdGlvbiIgYXJpYS1oaWRkZW49InRydWUiPjx0aXRsZT5QZ",\n
Action.c(35):           "prevSize": 32\n
Action.c(35):         },\n
Action.c(35):         {\n
Action.c(35):           "order": 0,\n
Action.c(35):           "name": "giant-carlisle-logo",\n
Action.c(35):           "prevSize": 32,\n
Action.c(35):           "codes": [\n
Action.c(35):             59655,\n
Action.c(35):             59656,\n
Action.c(35):             59657,\n
Action.c(35):             59658,\n
Action.c(35):             59659,\n
Action.c(35):             59660,\n
Action.c(35):             59661,\n
Action.c(35):             59662,\n
Action.c(35):             59663,\n
Action.c(35):             59664\n
Action.c(35):           ]\n
Action.c(35):         },\n
Action.c(35):         {\n
Action.c(35):           "order": 13,\n
Action.c(35):           "name": "giant-landover-logo",\n
Action.c(35):           "prevSize": 32,\n
Action.c(35):           "codes": [\n
Action.c(35):             59665,\n
Action.c(35):             59666,\n
Action.c(35):             59667,\n
Action.c(35):             59668,\n
Action.c(35):             59669,\n
Action.c(35):             59670,\n
Action.c(35):             59671,\n
Action.c(35):             59672,\n
Action.c(35):             59673,\n
Action.c(35):             59674,\n
Action.c(35):             59675\n
Action.c(35):           ]\n
Action.c(35):         },\n
Action.c(35):         {\n
Action.c(35):           "order": 0,\n
Action.c(35):           "name": "sns-logo",\n
Action.c(35):           "prevSize": 32,\n
Action.c(35):           "codes": [\n
Action.c(35):             59676,\n
Action.c(35):             59677,\n
Action.c(35):             59678,\n
Action.c(35):             59679,\n
Action.c(35):             59680,\n
Action.c(35):             59681,\n
Action.c(35):             59682,\n
Action.c(35):             59683,\n
Action.c(35):             59684,\n
Action.c(35):             59685,\n
Action.c(35):             59686,\n
Action.c(35):             59687,\n
Action.c(35):             59688,\n
Action.c(35):             59689,\n
Action.c(35):             59690\n
Action.c(35):           ]\n
Action.c(35):         },\n
Action.c(35):         {\n
Action.c(35):           "order": 0,\n
Action.c(35):           "name": "peapod-giant-landover-link-logo",\n
Action.c(35):           "prevSize": 32,\n
Action.c(35):           "codes": [\n
Action.c(35):             59691,\n
Action.c(35):             59692,\n
Action.c(35):             59693,\n
Action.c(35):             59694,\n
Action.c(35):             59695,\n
Action.c(35):             59696,\n
Action.c(35):             59697,\n
Action.c(35):             59698,\n
Action.c(35):             59699,\n
Action.c(35):             59700,\n
Action.c(35):             59701,\n
Action.c(35):             59702,\n
Action.c(35):             59703,\n
Action.c(35):             59704,\n
Action.c(35):             59705,\n
Action.c(35):             59706,\n
Action.c(35):             59707,\n
Action.c(35):             59708,\n
Action.c(35):             59709,\n
Action.c(35):             59710\n
Action.c(35):           ]\n
Action.c(35):         },\n
Action.c(35):         {\n
Action.c(35):           "order": 0,\n
Action.c(35):           "name": "peapod-giant-carlisle-link-logo",\n
Action.c(35):           "prevSize": 32,\n
Action.c(35):           "codes": [\n
Action.c(35):             59711,\n
Action.c(35):             59712,\n
Action.c(35):             59713,\n
Action.c(35):             59714,\n
Action.c(35):             59715,\n
Action.c(35):             59716,\n
Action.c(35):             59717,\n
Action.c(35):             59718,\n
Action.c(35):             59719,\n
Action.c(35):             59720,\n
Action.c(35):             59721,\n
Action.c(35):             59722,\n
Action.c(35):             59723,\n
Action.c(35):             59724,\n
Action.c(35):             59725,\n
Action.c(35):             59726,\n
Action.c(35):             59727,\n
Action.c(35):             59728,\n
Action.c(35):             59729\n
Action.c(35):           ]\n
Action.c(35):         },\n
Action.c(35):         {\n
Action.c(35):           "order": 0,\n
Action.c(35):           "name": "peapod-stopnshop-link-logo",\n
Action.c(35):           "prevSize": 32,\n
Action.c(35):           "codes": [\n
Action.c(35):             59730,\n
Action.c(35):             59731,\n
Action.c(35):             59732,\n
Action.c(35):             59733,\n
Action.c(35):             59734,\n
Action.c(35):             59735,\n
Action.c(35):             59736,\n
Action.c(35):             59737,\n
Action.c(35):             59738,\n
Action.c(35):             59739,\n
Action.c(35):             59740,\n
Action.c(35):             59741,\n
Action.c(35):             59742,\n
Action.c(35):             59743,\n
Action.c(35):             59744,\n
Action.c(35):             59745,\n
Action.c(35):             59746,\n
Action.c(35):             59747,\n
Action.c(35):             59748,\n
Action.c(35):             59749,\n
Action.c(35):             59750,\n
Action.c(35):             59751,\n
Action.c(35):             59752,\n
Action.c(35):             59753\n
Action.c(35):           ]\n
Action.c(35):         },\n
Action.c(35):         {\n
Action.c(35):           "order": 0,\n
Action.c(35):           "name": "icon_truck",\n
Action.c(35):           "prevSize": 32\n
Action.c(35):         },\n
Action.c(35):         {\n
Action.c(35):           "order": 0,\n
Action.c(35):           "name": "truck",\n
Action.c(35):           "prevSize": 32\n
Action.c(35):         },\n
Action.c(35):         {\n
Action.c(35):           "order": 0,\n
Action.c(35):           "prevSize": 32,\n
Action.c(35):           "name": "peapod-logo-giant-carlisle",\n
Action.c(35):           "codes": [\n
Action.c(35):             59756,\n
Action.c(35):             59757,\n
Action.c(35):             59758,\n
Action.c(35):             59759,\n
Action.c(35):             59760,\n
Action.c(35):             59761,\n
Action.c(35):             59762,\n
Action.c(35):             59763,\n
Action.c(35):             59764,\n
Action.c(35):             59765,\n
Action.c(35):             59766,\n
Action.c(35):             59767,\n
Action.c(35):             59768,\n
Action.c(35):             59769,\n
Action.c(35):             59770,\n
Action.c(35):             59771,\n
Action.c(35):             59772,\n
Action.c(35):             59773,\n
Action.c(35):             59774,\n
Action.c(35):             59775,\n
Action.c(35):             59776,\n
Action.c(35):             59777\n
Action.c(35):           ]\n
Action.c(35):         },\n
Action.c(35):         {\n
Action.c(35):           "order": 0,\n
Action.c(35):           "name": "guiding-stars-1",\n
Action.c(35):           "prevSize": 32,\n
Action.c(35):           "codes": [\n
Action.c(35):             59778,\n
Action.c(35):             59779,\n
Action.c(35):             59780,\n
Action.c(35):             59781,\n
Action.c(35):             59782,\n
Action.c(35):             59783,\n
Action.c(35):             59784,\n
Action.c(35):             59785\n
Action.c(35):           ]\n
Action.c(35):         },\n
Action.c(35):         {\n
Action.c(35):           "order": 0,\n
Action.c(35):           "name": "guiding-stars-2",\n
Action.c(35):           "prevSize": 32,\n
Action.c(35):           "codes": [\n
Action.c(35):             59786,\n
Action.c(35):             59787,\n
Action.c(35):             59788,\n
Action.c(35):             59789,\n
Action.c(35):             59790,\n
Action.c(35):             59791,\n
Action.c(35):             59792,\n
Action.c(35):             59793,\n
Action.c(35):             59794,\n
Action.c(35):             59795\n
Action.c(35):           ]\n
Action.c(35):         },\n
Action.c(35):         {\n
Action.c(35):           "order": 0,\n
Action.c(35):           "name": "guiding-stars-3",\n
Action.c(35):           "prevSize": 32,\n
Action.c(35):           "codes": [\n
Action.c(35):             59796,\n
Action.c(35):             59797,\n
Action.c(35):             59798,\n
Action.c(35):             59799,\n
Action.c(35):             59800,\n
Action.c(35):             59801,\n
Action.c(35):             59802,\n
Action.c(35):             59803,\n
Action.c(35):             59804,\n
Action.c(35):             59805,\n
Action.c(35):             59806,\n
Action.c(35):             59807\n
Action.c(35):           ]\n
Action.c(35):         },\n
Action.c(35):         {\n
Action.c(35):           "order": 0,\n
Action.c(35):           "name": "shop_icon",\n
Action.c(35):           "prevSize": 32,\n
Action.c(35):           "codes": [\n
Action.c(35):             59808,\n
Action.c(35):             59809,\n
Action.c(35):             59810,\n
Action.c(35):             59811,\n
Action.c(35):             59812,\n
Action.c(35):             59813\n
Action.c(35):           ]\n
Action.c(35):         },\n
Action.c(35):         {\n
Action.c(35):           "order": 0,\n
Action.c(35):           "name": "schedule_icon",\n
Action.c(35):           "prevSize": 32,\n
Action.c(35):           "codes": [\n
Action.c(35):             59814,\n
Action.c(35):             59815,\n
Action.c(35):             59816,\n
Action.c(35):             59817\n
Action.c(35):           ]\n
Action.c(35):         },\n
Action.c(35):         {\n
Action.c(35):           "order": 0,\n
Action.c(35):           "name": "deliver_icon",\n
Action.c(35):           "prevSize": 32,\n
Action.c(35):           "codes": [\n
Action.c(35):             59818,\n
Action.c(35):             59819,\n
Action.c(35):             59820\n
Action.c(35):           ]\n
Action.c(35):         },\n
Action.c(35):         {\n
Action.c(35):           "order": 0,\n
Action.c(35):           "name": "trash-can-closed",\n
Action.c(35):           "prevSize": 32\n
Action.c(35):         },\n
Action.c(35):         {\n
Action.c(35):           "order": 0,\n
Action.c(35):           "name": "trash-can-open",\n
Action.c(35):           "prevSize": 32\n
Action.c(35):         },\n
Action.c(35):         {\n
Action.c(35):           "order": 0,\n
Action.c(35):           "name": "coffee",\n
Action.c(35):           "prevSize": 32\n
Action.c(35):         },\n
Action.c(35):         {\n
Action.c(35):           "order": 0,\n
Action.c(35):           "name": "carrot",\n
Action.c(35):           "prevSize": 32\n
Action.c(35):         },\n
Action.c(35):         {\n
Action.c(35):           "order": 0,\n
Action.c(35):           "name": "minus",\n
Action.c(35):           "prevSize": 32\n
Action.c(35):         },\n
Action.c(35):         {\n
Action.c(35):           "order": 0,\n
Action.c(35):           "name": "plus",\n
Action.c(35):           "prevSize": 32\n
Action.c(35):         },\n
Action.c(35):         {\n
Action.c(35):           "order": 0,\n
Action.c(35):           "prevSize": 32,\n
Action.c(35):           "name": "icon_pencil-edit"\n
Action.c(35):         },\n
Action.c(35):         {\n
Action.c(35):           "order": 0,\n
Action.c(35):           "prevSize": 32,\n
Action.c(35):           "name": "barcode"\n
Action.c(35):         },\n
Action.c(35):         {\n
Action.c(35):           "order": 0,\n
Action.c(35):           "prevSize": 32,\n
Action.c(35):           "name": "social-facebook"\n
Action.c(35):         },\n
Action.c(35):         {\n
Action.c(35):           "order": 0,\n
Action.c(35):           "prevSize": 32,\n
Action.c(35):           "name": "social-instagram"\n
Action.c(35):         },\n
Action.c(35):         {\n
Action.c(35):           "order": 0,\n
Action.c(35):           "prevSize": 32,\n
Action.c(35):           "name": "social-pinterest"\n
Action.c(35):         },\n
Action.c(35):         {\n
Action.c(35):           "order": 0,\n
Action.c(35):           "prevSize": 32,\n
Action.c(35):           "name": "social-twitter"\n
Action.c(35):         },\n
Action.c(35):         {\n
Action.c(35):           "order": 0,\n
Action.c(35):           "prevSize": 32,\n
Action.c(35):           "name": "social-youtube"\n
Action.c(35):         },\n
Action.c(35):         {\n
Action.c(35):           "order": 0,\n
Action.c(35):           "prevSize": 32,\n
Action.c(35):           "name": "icon_star"\n
Action.c(35):         },\n
Action.c(35):         {\n
Action.c(35):           "order": 0,\n
Action.c(35):           "prevSize": 32,\n
Action.c(35):           "name": "icon_contacts_alt"\n
Action.c(35):         },\n
Action.c(35):         {\n
Action.c(35):           "order": 0,\n
Action.c(35):           "prevSize": 32,\n
Action.c(35):           "name": "peapod-logo-2c",\n
Action.c(35):           "codes": [\n
Action.c(35):             59648,\n
Action.c(35):             59649,\n
Action.c(35):             59650,\n
Action.c(35):             59651,\n
Action.c(35):             59652,\n
Action.c(35):             59653,\n
Action.c(35):             59654\n
Action.c(35):           ]\n
Action.c(35):         },\n
Action.c(35):         {\n
Action.c(35):           "order": 0,\n
Action.c(35):           "prevSize": 32,\n
Action.c(35):           "name": "peapod-logo-business-2c",\n
Action.c(35):           "codes": [\n
Action.c(35):             59836,\n
Action.c(35):             59837,\n
Action.c(35):             59838,\n
Action.c(35):             59839,\n
Action.c(35):             59840,\n
Action.c(35):             59841,\n
Action.c(35):             59842,\n
Action.c(35):             59843,\n
Action.c(35):             59844,\n
Action.c(35):             59845,\n
Action.c(35):             59846,\n
Action.c(35):             59847,\n
Action.c(35):             59848,\n
Action.c(35):             59849,\n
Action.c(35):             59850,\n
Action.c(35):             59851,\n
Action.c(35):             59852,\n
Action.c(35):             59853,\n
Action.c(35):             59854,\n
Action.c(35):             59855,\n
Action.c(35):             59856,\n
Action.c(35):             59857,\n
Action.c(35):             59858\n
Action.c(35):           ]\n
Action.c(35):         },\n
Action.c(35):         {\n
Action.c(35):           "order": 0,\n
Action.c(35):           "prevSize": 32,\n
Action.c(35):           "name": "peapod-logo-giant-carlisle1",\n
Action.c(35):           "codes": [\n
Action.c(35):             59859,\n
Action.c(35):             59860,\n
Action.c(35):             59861,\n
Action.c(35):             59862,\n
Action.c(35):             59863,\n
Action.c(35):             59864,\n
Action.c(35):             59865,\n
Action.c(35):             59866,\n
Action.c(35):             59867,\n
Action.c(35):             59868,\n
Action.c(35):             59869,\n
Action.c(35):             59870,\n
Action.c(35):             59871,\n
Action.c(35):             59872,\n
Action.c(35):             59873,\n
Action.c(35):             59874,\n
Action.c(35):             59875,\n
Action.c(35):             59876,\n
Action.c(35):             59877,\n
Action.c(35):             59878,\n
Action.c(35):             59879,\n
Action.c(35):             59880\n
Action.c(35):           ]\n
Action.c(35):         },\n
Action.c(35):         {\n
Action.c(35):           "order": 0,\n
Action.c(35):           "prevSize": 32,\n
Action.c(35):           "name": "peapod-logo-giant-landover",\n
Action.c(35):           "codes": [\n
Action.c(35):             59881,\n
Action.c(35):             59882,\n
Action.c(35):             59883,\n
Action.c(35):             59884,\n
Action.c(35):             59885,\n
Action.c(35):             59886,\n
Action.c(35):             59887,\n
Action.c(35):             59888,\n
Action.c(35):             59889,\n
Action.c(35):             59890,\n
Action.c(35):             59891,\n
Action.c(35):             59892,\n
Action.c(35):             59893,\n
Action.c(35):             59894,\n
Action.c(35):             59895,\n
Action.c(35):             59896,\n
Action.c(35):             59897,\n
Action.c(35):             59898,\n
Action.c(35):             59899,\n
Action.c(35):             59900\n
Action.c(35):           ]\n
Action.c(35):         },\n
Action.c(35):         {\n
Action.c(35):           "order": 0,\n
Action.c(35):           "prevSize": 32,\n
Action.c(35):           "name": "peapod-logo-stopnshop",\n
Action.c(35):           "codes": [\n
Action.c(35):             59901,\n
Action.c(35):             59902,\n
Action.c(35):             59903,\n
Action.c(35):             59904,\n
Action.c(35):             59905,\n
Action.c(35):             59906,\n
Action.c(35):             59907,\n
Action.c(35):             59908,\n
Action.c(35):             59909,\n
Action.c(35):             59910,\n
Action.c(35):             59911,\n
Action.c(35):             59912,\n
Action.c(35):             59913,\n
Action.c(35):             59914,\n
Action.c(35):             59915,\n
Action.c(35):             59916,\n
Action.c(35):             59917,\n
Action.c(35):             59918,\n
Action.c(35):             59919,\n
Action.c(35):             59920,\n
Action.c(35):             59921,\n
Action.c(35):             59922,\n
Action.c(35):             59923\n
Action.c(35):           ]\n
Action.c(35):         },\n
Action.c(35):         {\n
Action.c(35):           "order": 0,\n
Action.c(35):           "prevSize": 32,\n
Action.c(35):           "name": "icon_ul"\n
Action.c(35):         },\n
Action.c(35):         {\n
Action.c(35):           "order": 0,\n
Action.c(35):           "prevSize": 32,\n
Action.c(35):           "name": "icon_grid-2x2"\n
Action.c(35):         },\n
Action.c(35):         {\n
Action.c(35):           "order": 0,\n
Action.c(35):           "prevSize": 32,\n
Action.c(35):           "name": "icon_plus"\n
Action.c(35):         },\n
Action.c(35):         {\n
Action.c(35):           "order": 0,\n
Action.c(35):           "prevSize": 32,\n
Action.c(35):           "name": "icon_error-triangle_alt"\n
Action.c(35):         },\n
Action.c(35):         {\n
Action.c(35):           "order": 0,\n
Action.c(35):           "prevSize": 32,\n
Action.c(35):           "name": "icon_check_circle"\n
Action.c(35):         },\n
Action.c(35):         {\n
Action.c(35):           "order": 0,\n
Action.c(35):           "prevSize": 32,\n
Action.c(35):           "name": "arrow_triangle-down"\n
Action.c(35):         },\n
Action.c(35):         {\n
Action.c(35):           "order": 0,\n
Action.c(35):           "prevSize": 32,\n
Action.c(35):           "name": "icon_chat_alt"\n
Action.c(35):         },\n
Action.c(35):         {\n
Action.c(35):           "order": 0,\n
Action.c(35):           "prevSize": 32,\n
Action.c(35):           "name": "icon_box-checked"\n
Action.c(35):         },\n
Action.c(35):         {\n
Action.c(35):           "order": 0,\n
Action.c(35):           "prevSize": 32,\n
Action.c(35):           "name": "vip_ribbon"\n
Action.c(35):         },\n
Action.c(35):         {\n
Action.c(35):           "order": 0,\n
Action.c(35):           "prevSize": 32,\n
Action.c(35):           "name": "cc_amex_bw"\n
Action.c(35):         },\n
Action.c(35):         {\n
Action.c(35):           "order": 0,\n
Action.c(35):           "prevSize": 32,\n
Action.c(35):           "name": "cc_discover_bw",\n
Action.c(35):           "codes": [\n
Action.c(35):             59934,\n
Action.c(35):             59935,\n
Action.c(35):             59936,\n
Action.c(35):             59937,\n
Action.c(35):             59938,\n
Action.c(35):             59939,\n
Action.c(35):             59940,\n
Action.c(35):             59941\n
Action.c(35):           ]\n
Action.c(35):         },\n
Action.c(35):         {\n
Action.c(35):           "order": 0,\n
Action.c(35):           "prevSize": 32,\n
Action.c(35):           "name": "cc_mastercard_bw",\n
Action.c(35):           "codes": [\n
Action.c(35):             59942,\n
Action.c(35):             59943\n
Action.c(35):           ]\n
Action.c(35):         },\n
Action.c(35):         {\n
Action.c(35):           "order": 0,\n
Action.c(35):           "prevSize": 32,\n
Action.c(35):           "name": "cc_visa_bw"\n
Action.c(35):         },\n
Action.c(35):         {\n
Action.c(35):           "order": 0,\n
Action.c(35):           "prevSize": 32,\n
Action.c(35):           "name": "largeIcon_addToCart"\n
Action.c(35):         },\n
Action.c(35):         {\n
Action.c(35):           "order": 0,\n
Action.c(35):           "prevSize": 32,\n
Action.c(35):           "name": "largeIcon_addToCartSuccess"\n
Action.c(35):         },\n
Action.c(35):         {\n
Action.c(35):           "order": 0,\n
Action.c(35):           "prevSize": 32,\n
Action.c(35):           "name": "largeIcon_calendar"\n
Action.c(35):         },\n
Action.c(35):         {\n
Action.c(35):           "order": 0,\n
Action.c(35):           "prevSize": 32,\n
Action.c(35):           "name": "largeIcon_calendarClock"\n
Action.c(35):         },\n
Action.c(35):         {\n
Action.c(35):           "order": 0,\n
Action.c(35):           "prevSize": 32,\n
Action.c(35):           "name": "largeIcon_dollarSign"\n
Action.c(35):         },\n
Action.c(35):         {\n
Action.c(35):           "order": 0,\n
Action.c(35):           "prevSize": 32,\n
Action.c(35):           "name": "largeIcon_orderGenius"\n
Action.c(35):         },\n
Action.c(35):         {\n
Action.c(35):           "order": 0,\n
Action.c(35):           "prevSize": 32,\n
Action.c(35):           "name": "largeIcon_success"\n
Action.c(35):         },\n
Action.c(35):         {\n
Action.c(35):           "order": 0,\n
Action.c(35):           "prevSize": 32,\n
Action.c(35):           "name": "cc_visa",\n
Action.c(35):           "codes": [\n
Action.c(35):             59952,\n
Action.c(35):             59953,\n
Action.c(35):             59954,\n
Action.c(35):             59955,\n
Action.c(35):             59956,\n
Action.c(35):             59957\n
Action.c(35):           ]\n
Action.c(35):         },\n
Action.c(35):         {\n
Action.c(35):           "order": 0,\n
Action.c(35):           "prevSize": 32,\n
Action.c(35):           "name"
Action.c(35): t=7290ms: 12288-byte DECODED response body for "https://stage.peapod.com/shop/images/icons/PeapodIcons.json" (RelFrameId=1, Internal ID=3)
Action.c(35):     : "cc_mastercard",\n
Action.c(35):           "codes": [\n
Action.c(35):             59958,\n
Action.c(35):             59959,\n
Action.c(35):             59960\n
Action.c(35):           ]\n
Action.c(35):         },\n
Action.c(35):         {\n
Action.c(35):           "order": 0,\n
Action.c(35):           "prevSize": 32,\n
Action.c(35):           "name": "cc_discover",\n
Action.c(35):           "codes": [\n
Action.c(35):             59961,\n
Action.c(35):             59962,\n
Action.c(35):             59963,\n
Action.c(35):             59964,\n
Action.c(35):             59965,\n
Action.c(35):             59966,\n
Action.c(35):             59967,\n
Action.c(35):             59968,\n
Action.c(35):             59969\n
Action.c(35):           ]\n
Action.c(35):         },\n
Action.c(35):         {\n
Action.c(35):           "order": 0,\n
Action.c(35):           "prevSize": 32,\n
Action.c(35):           "name": "cc_amex",\n
Action.c(35):           "codes": [\n
Action.c(35):             59970,\n
Action.c(35):             59971,\n
Action.c(35):             59972,\n
Action.c(35):             59973,\n
Action.c(35):             59974\n
Action.c(35):           ]\n
Action.c(35):         },\n
Action.c(35):         {\n
Action.c(35):           "order": 0,\n
Action.c(35):           "prevSize": 32,\n
Action.c(35):           "name": "icon_printer"\n
Action.c(35):         },\n
Action.c(35):         {\n
Action.c(35):           "order": 0,\n
Action.c(35):           "prevSize": 32,\n
Action.c(35):           "name": "icon_lightbulb"\n
Action.c(35):         },\n
Action.c(35):         {\n
Action.c(35):           "order": 0,\n
Action.c(35):           "prevSize": 32,\n
Action.c(35):           "name": "ahold-wedge",\n
Action.c(35):           "codes": [\n
Action.c(35):             59977,\n
Action.c(35):             59978,\n
Action.c(35):             59979,\n
Action.c(35):             59980\n
Action.c(35):           ]\n
Action.c(35):         },\n
Action.c(35):         {\n
Action.c(35):           "order": 0,\n
Action.c(35):           "prevSize": 32,\n
Action.c(35):           "name": "icon_logout"\n
Action.c(35):         },\n
Action.c(35):         {\n
Action.c(35):           "order": 0,\n
Action.c(35):           "prevSize": 32,\n
Action.c(35):           "name": "icon_login"\n
Action.c(35):         },\n
Action.c(35):         {\n
Action.c(35):           "order": 0,\n
Action.c(35):           "prevSize": 32,\n
Action.c(35):           "name": "icon_search"\n
Action.c(35):         },\n
Action.c(35):         {\n
Action.c(35):           "order": 0,\n
Action.c(35):           "prevSize": 32,\n
Action.c(35):           "name": "icon_zoom-in_alt"\n
Action.c(35):         },\n
Action.c(35):         {\n
Action.c(35):           "order": 0,\n
Action.c(35):           "prevSize": 32,\n
Action.c(35):           "name": "icon_wallet"\n
Action.c(35):         },\n
Action.c(35):         {\n
Action.c(35):           "order": 0,\n
Action.c(35):           "prevSize": 32,\n
Action.c(35):           "name": "icon_profile"\n
Action.c(35):         },\n
Action.c(35):         {\n
Action.c(35):           "order": 0,\n
Action.c(35):           "prevSize": 32,\n
Action.c(35):           "name": "icon_mobile"\n
Action.c(35):         },\n
Action.c(35):         {\n
Action.c(35):           "order": 0,\n
Action.c(35):           "prevSize": 32,\n
Action.c(35):           "name": "icon_old-phone"\n
Action.c(35):         },\n
Action.c(35):         {\n
Action.c(35):           "order": 0,\n
Action.c(35):           "prevSize": 32,\n
Action.c(35):           "name": "icon_pin_alt"\n
Action.c(35):         },\n
Action.c(35):         {\n
Action.c(35):           "order": 0,\n
Action.c(35):           "prevSize": 32,\n
Action.c(35):           "name": "icon_mail_alt"\n
Action.c(35):         },\n
Action.c(35):         {\n
Action.c(35):           "order": 0,\n
Action.c(35):           "prevSize": 32,\n
Action.c(35):           "name": "icon_lock_alt"\n
Action.c(35):         },\n
Action.c(35):         {\n
Action.c(35):           "order": 0,\n
Action.c(35):           "prevSize": 32,\n
Action.c(35):           "name": "icon_info"\n
Action.c(35):         },\n
Action.c(35):         {\n
Action.c(35):           "order": 0,\n
Action.c(35):           "prevSize": 32,\n
Action.c(35):           "name": "icon_id"\n
Action.c(35):         },\n
Action.c(35):         {\n
Action.c(35):           "order": 0,\n
Action.c(35):           "prevSize": 32,\n
Action.c(35):           "name": "icon_house_alt"\n
Action.c(35):         },\n
Action.c(35):         {\n
Action.c(35):           "order": 0,\n
Action.c(35):           "prevSize": 32,\n
Action.c(35):           "name": "icon_heart_alt"\n
Action.c(35):         },\n
Action.c(35):         {\n
Action.c(35):           "order": 0,\n
Action.c(35):           "prevSize": 32,\n
Action.c(35):           "name": "icon_grid-2x22"\n
Action.c(35):         },\n
Action.c(35):         {\n
Action.c(35):           "order": 0,\n
Action.c(35):           "prevSize": 32,\n
Action.c(35):           "name": "icon_gift_alt"\n
Action.c(35):         },\n
Action.c(35):         {\n
Action.c(35):           "order": 0,\n
Action.c(35):           "prevSize": 32,\n
Action.c(35):           "name": "icon_error-circle_alt"\n
Action.c(35):         },\n
Action.c(35):         {\n
Action.c(35):           "order": 0,\n
Action.c(35):           "prevSize": 32,\n
Action.c(35):           "name": "icon_document_alt"\n
Action.c(35):         },\n
Action.c(35):         {\n
Action.c(35):           "order": 0,\n
Action.c(35):           "prevSize": 32,\n
Action.c(35):           "name": "icon_currency"\n
Action.c(35):         },\n
Action.c(35):         {\n
Action.c(35):           "order": 0,\n
Action.c(35):           "prevSize": 32,\n
Action.c(35):           "name": "icon_creditcard"\n
Action.c(35):         },\n
Action.c(35):         {\n
Action.c(35):           "order": 0,\n
Action.c(35):           "prevSize": 32,\n
Action.c(35):           "name": "icon_contacts_alt1"\n
Action.c(35):         },\n
Action.c(35):         {\n
Action.c(35):           "order": 0,\n
Action.c(35):           "prevSize": 32,\n
Action.c(35):           "name": "icon_comment_alt"\n
Action.c(35):         },\n
Action.c(35):         {\n
Action.c(35):           "order": 0,\n
Action.c(35):           "prevSize": 32,\n
Action.c(35):           "name": "icon_check"\n
Action.c(35):         },\n
Action.c(35):         {\n
Action.c(35):           "order": 0,\n
Action.c(35):           "prevSize": 32,\n
Action.c(35):           "name": "icon_cart_alt"\n
Action.c(35):         },\n
Action.c(35):         {\n
Action.c(35):           "order": 0,\n
Action.c(35):           "prevSize": 32,\n
Action.c(35):           "name": "icon_bag_alt"\n
Action.c(35):         },\n
Action.c(35):         {\n
Action.c(35):           "order": 0,\n
Action.c(35):           "prevSize": 32,\n
Action.c(35):           "name": "icon_calendar"\n
Action.c(35):         },\n
Action.c(35):         {\n
Action.c(35):           "order": 0,\n
Action.c(35):           "prevSize": 32,\n
Action.c(35):           "name": "arrow_triangle-right_alt2"\n
Action.c(35):         },\n
Action.c(35):         {\n
Action.c(35):           "order": 0,\n
Action.c(35):           "prevSize": 32,\n
Action.c(35):           "name": "icon_easel"\n
Action.c(35):         },\n
Action.c(35):         {\n
Action.c(35):           "order": 0,\n
Action.c(35):           "prevSize": 32,\n
Action.c(35):           "name": "arrow_carrot-left"\n
Action.c(35):         },\n
Action.c(35):         {\n
Action.c(35):           "order": 0,\n
Action.c(35):           "prevSize": 32,\n
Action.c(35):           "name": "arrow_carrot-right"\n
Action.c(35):         },\n
Action.c(35):         {\n
Action.c(35):           "order": 0,\n
Action.c(35):           "prevSize": 32,\n
Action.c(35):           "name": "arrow_carrot-up"\n
Action.c(35):         },\n
Action.c(35):         {\n
Action.c(35):           "order": 0,\n
Action.c(35):           "prevSize": 32,\n
Action.c(35):           "name": "arrow_carrot-down"\n
Action.c(35):         },\n
Action.c(35):         {\n
Action.c(35):           "order": 0,\n
Action.c(35):           "prevSize": 32,\n
Action.c(35):           "name": "icon_star-half-color",\n
Action.c(35):           "codes": [\n
Action.c(35):             60014,\n
Action.c(35):             60015\n
Action.c(35):           ]\n
Action.c(35):         },\n
Action.c(35):         {\n
Action.c(35):           "order": 0,\n
Action.c(35):           "prevSize": 32,\n
Action.c(35):           "name": "icon_clock_alt"\n
Action.c(35):         },\n
Action.c(35):         {\n
Action.c(35):           "order": 0,\n
Action.c(35):           "prevSize": 32,\n
Action.c(35):           "name": "icon_close"\n
Action.c(35):         },\n
Action.c(35):         {\n
Action.c(35):           "order": 0,\n
Action.c(35):           "name": "location_alt",\n
Action.c(35):           "prevSize": 32\n
Action.c(35):         },\n
Action.c(35):         {\n
Action.c(35):           "order": 0,\n
Action.c(35):           "name": "bmsm-sticker",\n
Action.c(35):           "prevSize": 32,\n
Action.c(35):           "codes": [\n
Action.c(35):             60019,\n
Action.c(35):             60020,\n
Action.c(35):             60021,\n
Action.c(35):             60022,\n
Action.c(35):             60023,\n
Action.c(35):             60024,\n
Action.c(35):             60025,\n
Action.c(35):             60026,\n
Action.c(35):             60027,\n
Action.c(35):             60028,\n
Action.c(35):             60029,\n
Action.c(35):             60030\n
Action.c(35):           ]\n
Action.c(35):         },\n
Action.c(35):         {\n
Action.c(35):           "order": 0,\n
Action.c(35):           "name": "view-deal-sticker",\n
Action.c(35):           "prevSize": 32,\n
Action.c(35):           "codes": [\n
Action.c(35):             60031,\n
Action.c(35):             60032,\n
Action.c(35):             60033,\n
Action.c(35):             60034,\n
Action.c(35):             60035,\n
Action.c(35):             60036,\n
Action.c(35):             60037,\n
Action.c(35):             60038,\n
Action.c(35):             60039,\n
Action.c(35):             60040\n
Action.c(35):           ]\n
Action.c(35):         },\n
Action.c(35):         {\n
Action.c(35):           "order": 0,\n
Action.c(35):           "name": "tool-tip",\n
Action.c(35):           "prevSize": 32,\n
Action.c(35):           "codes": [\n
Action.c(35):             60041\n
Action.c(35):           ]\n
Action.c(35):         }\n
Action.c(35):       ],\n
Action.c(35):       "metadata": {\n
Action.c(35):         "name": "PeapodIcons",\n
Action.c(35):         "importSize": {\n
Action.c(35):           "width": 332,\n
Action.c(35):           "height": 92\n
Action.c(35):         },\n
Action.c(35):         "iconsHash": 716739837\n
Action.c(35):       },\n
Action.c(35):       "height": 1024,\n
Action.c(35):       "prevSize": 32,\n
Action.c(35):       "icons": [\n
Action.c(35):         {\n
Action.c(35):           "paths": [\n
Action.c(35):             "M1871.237 913.481c-89.867 46.612-196.15 74.073-308.818 74.385l-0.1 0c-264.978 0-4
Action.c(35):     40.737-167.953-440.737-413.637 0-233.305 176.986-421.667 462.149-421.667 87.908 0.788 171.
Action.c(35):     909 16.454 249.95 44.596l-5.27-1.66v137.284c-66.583-41.941-147.289-67.339-233.831-68.693l-
Action.c(35):     0.366-0.005c-183.678 0-317.839 126.244-317.839 307.691 0 171.299 117.21 308.806 301.111 30
Action.c(35):     8.806 2.724 0.086 5.928 0.135 9.143 0.135 53.188 0 103.241-13.428 146.952-37.078l-1.636 0.
Action.c(35):     809 3.346-182.562h-204.532l66.914-109.404h280.145z",\n
Action.c(35):             "M2107.107 968.573h-131.82v-557.613h131.82zM2111.568 224.495c0.038 0.864 0.060 1.8
Action.c(35):     78 0.060 2.897 0 38.926-31.556 70.482-70.482 70.482s-70.482-31.556-70.482-70.482c0-38.709 
Action.c(35):     31.205-70.13 69.832-70.479l0.033-0c1.066-0.060 2.314-0.094 3.569-0.094 37.425 0 67.78 30.2
Action.c(35):     7 67.917 67.663l0 0.013z",\n
Action.c(35):             "M2315.989 809.654c0-36.133 20.297-71.151 67.583-85.761 13.494-4.572 37.249-9.033 
Action.c(35):     89.218-9.033 11.152 0 23.754 1.115 36.022 2.342v146.541c-28.877 14.64-62.712 23.987-98.528
Action.c(35):      25.848l-0.615 0.025c-69.925 0-93.567-40.594-93.567-79.962zM2646.43 968.573c-6.803-24.758-
Action.c(35):     9.033-32.676-9.033-144.979v-224.829c-1.115-47.397-1.115-103.716-47.286-149.998-48.512-48.4
Action.c(35):     01-118.437-51.858-159.031-51.858-49.096 1.447-95.931 7.992-140.953 19.133l4.561-0.955-68.8
Action.c(35):     09 117.21c48.512-19.182 103.604-39.479 165.723-39.479 100.37 0 117.21 52.973 117.21 137.50
Action.c(35):     7-20.665-2.913-44.537-4.577-68.797-4.577-0.749 0-1.498 0.002-2.247 0.005l0.116-0c-2.293-0.
Action.c(35):     051-4.995-0.080-7.704-0.080-50.042 0-97.762 9.946-141.289 27.968l2.452-0.9c-58.661 24.87-1
Action.c(35):     09.404 78.066-109.404 161.15-0.060 1.626-0.095 3.536-0.095 5.454 0 47.266 20.913 89.647 53
Action.c(35):     .992 118.396l0.192 0.163c30.446 25.985 75.501 44.051 142.080 44.051 49.565-1.806 96.396-11
Action.c(35):     .015 140.233-26.553l-3.283 1.015c0.892 4.015 1.673 8.253 2.9 12.044z",\n
Action.c(35):             "M3539.503 974.484c-20.087 5.078-43.153 8.004-66.898 8.030l-0.016 0c-31.561 0-76.6
Action.c(35):     16-4.572-111.523-42.936s-33.457-78.066-32.676-127.359l2.342-305.46h-72.155v-95.129h74.386v
Action.c(35):     -104.831l130.704-40.594v144.979h125.128v95.798h-127.359l-2.23 243.454c0 60.891 0 84.646 13
Action.c(35):     .494 104.831 10.149 14.609 31.672 30.446 68.809 30.446 26.978-1.087 52.395-6.352 76.086-15
Action.c(35):     .163l-1.7 0.554z",\n
Action.c(35):             "M3165.233 444.417c-46.17-41.598-105.835-46.17-139.738-46.17-40.185 0.968-78.396 8
Action.c(35):     .037-114.19 20.311l2.667-0.795c-13.16 4.684-30.669 12.602-45.724 19.739v-25.093h-133.827v5
Action.c(35):     56.832h133.827v-434.938c28.683-21.395 64.788-34.308 103.903-34.46l0.036-0c1.908-0.111 4.13
Action.c(35):     9-0.175 6.384-0.175 26.494 0 50.927 8.824 70.521 23.694l-0.29-0.211c37.137 31.672 37.137 7
Action.c(35):     5.612 38.252 163.492v282.598h131.82v-371.482c-0.669-48.512-1.784-105.835-53.642-153.343z",
Action.c(35):     \n
Action.c(35):             "M3660.17 455.681h6.914c4.349 0 7.695-0.669 7.695-5.465s-4.461-4.907-8.030-4.907h-
Action.c(35):     6.58zM3652.363 439.287h14.832c9.814 0 15.39 3.123 15.39 11.152 0.015 0.204 0.024 0.441 0.0
Action.c(35):     24 0.68 0 5.42-4.394 9.814-9.814 9.814-0.165 0-0.329-0.004-0.493-0.012l0.023 0.001 10.483 
Action.c(35):     17.063h-8.141l-9.479-16.728h-4.907v17.286h-7.807zM3666.304 486.573c0.333 0.014 0.723 0.023
Action.c(35):      1.115 0.023 15.213 0 27.546-12.333 27.546-27.546s-12.333-27.546-27.546-27.546c-15.166 0-2
Action.c(35):     7.47 12.256-27.546 27.405l-0 0.007c-0.012 0.299-0.019 0.651-0.019 1.004 0 14.626 11.831 26
Action.c(35):     .49 26.445 26.542l0.005 0zM3666.304 424.009c18.952 0.498 34.126 15.981 34.126 35.007 0 19.
Action.c(35):     34-15.678 35.018-35.018 35.018s-35.018-15.678-35.018-35.018c0-0.035 0-0.070 0-0.106l-0 0.0
Action.c(35):     05c-0.001-0.073-0.001-0.159-0.001-0.245 0-19.155 15.528-34.684 34.684-34.684 0.432 0 0.862
Action.c(35):      0.008 1.289 0.024l-0.062-0.002z",\n
Action.c(35):             "M889.615 640.362h-248.138l295.646-295.646c9.265-9.247 14.997-22.031 14.997-36.154
Action.c(35):      0-21.653-13.473-40.159-32.493-47.591l-0.347-0.12-2.342-0.781h1.004c-23.886-8.46-51.433-13
Action.c(35):     .348-80.121-13.348-67.946 0-129.488 27.421-174.164 71.8l0.014-0.014c-4.238 4.126-8.141 8.4
Action.c(35):     76-12.044 12.937v-277.357c-0.040-29.842-24.241-54.018-54.088-54.018-7.912 0-15.426 1.699-2
Action.c(35):     2.2 4.751l0.341-0.138-1.896 0.892h-1.004c-103.387 52.103-173.149 157.263-173.529 278.755l-
Action.c(35):     0 0.051c0.016 16.864 1.394 33.394 4.031 49.5l-0.239-1.769-205.090-205.090c-10.528-10.494-2
Action.c(35):     5.054-16.983-41.096-16.983s-30.568 6.489-41.098 16.984l0.002-0.002c-5.563 5.553-9.993 12.2
Action.c(35):     4-12.913 19.684l-0.135 0.39-0.781 2.23v-0.892c-14.075 39.274-22.21 84.586-22.21 131.797 0 
Action.c(35):     156.799 89.737 292.639 220.656 358.963l2.294 1.054h-239.104c-0.033-0-0.072-0-0.112-0-35.04
Action.c(35):     6 0-63.456 28.41-63.456 63.456 0 9.327 2.012 18.184 5.626 26.161l-0.162-0.399 1.004 2.007v
Action.c(35):     -0.669c86.271 175.149 263.507 293.537 468.395 293.537s382.124-118.387 467.035-290.487l1.36
Action.c(35):     -3.049-1.338 2.453c0.781-1.338 1.45-2.677 2.007-4.015 3.526-7.641 5.582-16.58 5.582-26 0-3
Action.c(35):     3.574-26.12-61.047-59.147-63.208l-0.189-0.010z",\n
Action.c(35):             "M43.717 712.741c-1.154-2.561-1.826-5.551-1.826-8.699 0-11.949 9.686-21.635 21.635
Action.c(35):     -21.635 0.015 0 0.029 0 0.044 0l-0.002-0h821.698c0.063-0.001 0.138-0.001 0.213-0.001 11.88
Action.c(35):     7 0 21.524 9.637 21.524 21.524 0 3.192-0.695 6.221-1.941 8.946l0.055-0.134c-79.384 160.946
Action.c(35):     -242.312 269.715-430.644 269.715s-351.26-108.769-429.393-266.915l-1.251-2.8z",\n
Action.c(35):             "M141.634 162.154c0.865-2.179 2.114-4.037 3.678-5.574l0.002-0.002c2.944-2.931 7.00
Action.c(35):     4-4.743 11.487-4.743s8.543 1.812 11.487 4.743l-0.001-0.001 437.168 437.168c2.964 2.949 4.7
Action.c(35):     98 7.032 4.798 11.543s-1.834 8.593-4.798 11.542l-0.001 0.001c-1.541 1.564-3.398 2.812-5.46
Action.c(35):     8 3.642l-0.108 0.038c-35.185 12.616-75.78 19.909-118.078 19.909-198.881 0-360.106-161.225-
Action.c(35):     360.106-360.106 0-42.329 7.303-82.952 20.718-120.678l-0.781 2.517z",\n
Action.c(35):             "M592.854 42.936c1.36-0.636 2.952-1.007 4.631-1.007 0.097 0 0.194 0.001 0.29 0.004
Action.c(35):     l-0.014-0c6.714 0 12.156 5.442 12.156 12.156v0 0 461.257c0 6.714-5.442 12.156-12.156 12.15
Action.c(35):     6v0c-0.028 0-0.060 0-0.093 0-1.741 0-3.396-0.37-4.891-1.035l0.077 0.030c-90.415-44.529-151
Action.c(35):     .53-136.018-151.53-241.781s61.115-197.252 149.956-241.079l1.574-0.702z",\n
Action.c(35):             "M904.448 300.107c1.265 0.491 2.344 1.211 3.233 2.117l0.001 0.001c1.662 1.673 2.69
Action.c(35):      3.979 2.69 6.524s-1.028 4.851-2.691 6.525l0-0-247.58 247.022c-1.66 1.688-3.969 2.735-6.52
Action.c(35):     2 2.735-3.868 0-7.175-2.402-8.512-5.795l-0.022-0.062c-7.047-19.794-11.12-42.626-11.12-66.4
Action.c(35):     09 0-112.591 91.273-203.863 203.863-203.863 23.876 0 46.793 4.104 68.084 11.646l-1.426-0.4
Action.c(35):     4z"\n
Action.c(35):           ],\n
Action.c(35):           "attrs": [\n
Action.c(35):             {\n
Action.c(35):               "fill": "rgb(112, 40, 119)"\n
Action.c(35):             },\n
Action.c(35):             {\n
Action.c(35):               "fill": "rgb(112, 40, 119)"\n
Action.c(35):             },\n
Action.c(35):             {\n
Action.c(35):               "fill": "rgb(112, 40, 119)"\n
Action.c(35):             },\n
Action.c(35):             {\n
Action.c(35):               "fill": "rgb(112, 40, 119)"\n
Action.c(35):             },\n
Action.c(35):             {\n
Action.c(35):               "fill": "rgb(112, 40, 119)"\n
Action.c(35):             },\n
Action.c(35):             {\n
Action.c(35):               "fill": "rgb(112, 40, 119)"\n
Action.c(35):             },\n
Action.c(35):             {\n
Action.c(35):               "fill": "rgb(255, 255, 255)"\n
Action.c(35):             },\n
Action.c(35):             {\n
Action.c(35):               "fill": "rgb(247, 168, 0)"\n
Action.c(35):             },\n
Action.c(35):             {\n
Action.c(35):               "fill": "rgb(226, 35, 26)"\n
Action.c(35):             },\n
Action.c(35):             {\n
Action.c(35):               "fill": "rgb(113, 33, 119)"\n
Action.c(35):             },\n
Action.c(35):             {\n
Action.c(35):               "fill": "rgb(130, 188, 0)"\n
Action.c(35):             }\n
Action.c(35):           ],\n
Action.c(35):           "width": 3702,\n
Action.c(35):           "isMulticolor": true,\n
Action.c(35):           "grid": 32,\n
Action.c(35):           "tags": [\n
Action.c(35):             "gntl-logo"\n
Action.c(35):           ]\n
Action.c(35):         },\n
Action.c(35):         {\n
Action.c(35):           "paths": [\n
Action.c(35):             "M512 0l152.316 345.623 359.684 45.506-265.563 259.113 70.015 373.758-316.452-185.
Action.c(35):     497-316.428 185.497 69.992-373.758-265.563-259.113 359.708-45.506 152.292-345.623zM512.002
Action.c(35):      84.646l-128.848 292.416-308.673 39.049 227.995 222.457-59.572 318.118 269.096-157.75 269.
Action.c(35):     116 157.75-59.592-318.117 227.996-222.459-308.65-39.049-128.867-292.416z",\n
Action.c(35):             "M410.125 593.875c-0.525-0.525-0.525-1.050-0.525-2.1 0-2.625 2.1-4.725 4.725-4.725
Action.c(35):     v0h187.94c2.625 0 4.725 2.1 4.725 4.725 0 0.525 0 1.575-0.525 2.1v0c-17.849 36.748-55.
Action.c(35): t=7356ms: 12288-byte DECODED response body for "https://stage.peapod.com/shop/images/icons/PeapodIcons.json" (RelFrameId=1, Internal ID=3)
Action.c(35):     122 61.422-98.695 61.422-41.998 0.525-79.796-24.674-97.645-61.422z",\n
Action.c(35):             "M432.699 468.406c0-0.525 0.525-1.050 1.050-1.050 1.575-1.575 3.675-1.575 5.25 0v0
Action.c(35):     l99.745 99.745c1.575 1.575 1.575 3.675 0 5.25-0.525 0.525-1.050 0.525-1.050 1.050v0c-28.87
Action.c(35):     4 9.974-61.947 3.675-85.046-19.424-23.624-23.624-29.923-56.697-19.949-85.571z",\n
Action.c(35):             "M536.118 441.108c0.525 0 0.525 0 1.050 0 1.575 0 2.625 1.050 2.625 2.625v0 105.52
Action.c(35):     c0 1.575-1.050 2.625-2.625 2.625-0.525 0-0.525 0-1.050 0v0c-20.474-9.974-34.648-30.973-34.
Action.c(35):     648-55.122 0-24.674 14.174-45.673 34.648-55.647z",\n
Action.c(35):             "M606.99 499.905c0 0 0.525 0 0.525 0.525 1.050 1.050 1.050 2.1 0 3.15v0l-56.697 56
Action.c(35):     .697c-1.050 1.050-2.1 1.050-3.15 0 0 0-0.525-0.525-0.525-0.525v0c-5.775-16.274-2.1-35.173 
Action.c(35):     11.024-48.298 13.649-13.649 32.548-17.324 48.822-11.549z"\n
Action.c(35):           ],\n
Action.c(35):           "attrs": [\n
Action.c(35):             {\n
Action.c(35):               "fill": "rgb(255, 255, 255)"\n
Action.c(35):             },\n
Action.c(35):             {\n
Action.c(35):               "fill": "rgb(255, 255, 255)"\n
Action.c(35):             },\n
Action.c(35):             {\n
Action.c(35):               "fill": "rgb(255, 255, 255)"\n
Action.c(35):             },\n
Action.c(35):             {\n
Action.c(35):               "fill": "rgb(255, 255, 255)"\n
Action.c(35):             },\n
Action.c(35):             {\n
Action.c(35):               "fill": "rgb(255, 255, 255)"\n
Action.c(35):             }\n
Action.c(35):           ],\n
Action.c(35):           "grid": 32,\n
Action.c(35):           "tags": [\n
Action.c(35):             "flexible rewards mark"\n
Action.c(35):           ]\n
Action.c(35):         },\n
Action.c(35):         {\n
Action.c(35):           "paths": [\n
Action.c(35):             "M628.765 140.272l-1.89-140.272 459.381 507.020-456.734 516.85-1.89-136.113-627.63
Action.c(35):     1 5.293 1.512-747.108z",\n
Action.c(35):             "M118.721 770.549h-23.82v-139.894h33.65c26.844 0 40.834 11.343 40.834 41.212 0 22.
Action.c(35):     307-8.696 31.382-17.014 35.162l20.417 63.141h-24.576l-17.014-57.47c-3.025 0.378-7.94 0.756
Action.c(35):     -12.477 0.756v57.092zM118.721 693.419h8.696c12.855 0 17.77-4.915 17.77-21.551s-4.915-21.55
Action.c(35):     1-17.77-21.551h-8.696v43.102z",\n
Action.c(35):             "M185.265 770.549v-139.894h64.275v20.795h-40.078v35.919h31.003v20.795h-31.003v41.2
Action.c(35):     12h43.102v20.795h-67.3z",\n
Action.c(35):             "M310.791 630.656h19.661l16.258 88.851h0.378l13.233-88.851h22.307l-24.576 139.894h
Action.c(35):     -20.039l-17.392-92.254h-0.378l-16.258 92.254h-20.039l-26.466-139.894h22.307l14.746 88.851h
Action.c(35):     0.378z",\n
Action.c(35):             "M400.776 770.549h-23.064l25.71-139.894h29.869l25.71 139.894h-23.064l-4.159-31.003
Action.c(35):     h-26.466l-4.537 31.003zM408.716 718.751h19.283l-9.452-60.116h-0.378l-9.452 60.116z",\n
Action.c(35):             "M493.031 770.549h-23.82v-139.894h33.65c26.844 0 40.834 11.343 40.834 41.212 0 22.
Action.c(35):     307-8.696 31.382-17.014 35.162l20.417 63.141h-24.576l-17.014-57.848c-3.025 0.378-8.318 0.7
Action.c(35):     56-12.477 0.756v57.47zM493.031 693.419h8.696c12.855 0 17.77-4.915 17.77-21.551s-4.915-21.5
Action.c(35):     51-17.77-21.551h-8.696v43.102z",\n
Action.c(35):             "M559.197 630.656h35.541c24.954 0 37.809 13.611 37.809 42.346v55.201c0 28.735-13.2
Action.c(35):     33 42.346-37.809 42.346h-35.541v-139.894zM583.394 750.889h8.318c12.855 0 17.392-4.915 17.3
Action.c(35):     92-19.661v-61.251c0-14.746-4.537-19.661-17.392-19.661h-8.318v100.572z",\n
Action.c(35):             "M694.175 665.062c-1.134-12.099-7.184-15.502-12.855-15.502-7.562 0-12.099 4.915-12
Action.c(35):     .099 13.611 0 23.82 48.774 35.162 48.774 73.35 0 23.064-15.502 35.919-37.809 35.919s-35.16
Action.c(35):     2-17.77-35.919-38.565l22.685-3.403c1.134 13.989 6.428 21.173 14.367 21.173 8.318 0 13.989-
Action.c(35):     4.537 13.989-12.855 0-27.601-48.774-35.162-48.774-75.24 0-22.307 13.611-34.784 37.053-34.7
Action.c(35):     84 19.661 0 31.003 13.989 33.272 34.028l-22.685 2.269z",\n
Action.c(35):             "M717.239 605.702v-28.735h-58.982v-56.336h42.724v-28.735h-42.724v-49.53h55.201v-28
Action.c(35):     .735h-88.473v192.070h92.254zM605.324 477.907v-13.989c0-28.735-15.88-52.555-48.774-52.555-3
Action.c(35):     4.406 0-50.664 21.929-50.664 49.152v99.060c0 27.223 15.88 49.152 50.664 49.152 32.894 0 48
Action.c(35):     .774-21.929 48.774-49.152v-21.929h-32.894v23.064c0 12.477-4.159 19.283-15.88 19.283-13.233
Action.c(35):      0-17.392-6.806-17.392-21.173v-97.169c0-14.367 4.159-21.173 17.392-21.173 8.318 0 15.88 6.
Action.c(35):     806 15.88 23.064v14.746h32.894v-0.378z",\n
Action.c(35):             "M454.087 413.632h32.894v192.070h-32.894v-192.070z",\n
Action.c(35):             "M367.126 460.893c0-14.367 4.159-21.173 17.392-21.173s17.392 6.806 17.392 21.173v9
Action.c(35):     7.169c0 14.367-4.159 21.173-17.392 21.173s-17.392-6.806-17.392-21.173v-97.169zM334.232 559
Action.c(35):     .197c0 27.223 15.88 49.152 50.664 49.152s50.664-21.929 50.664-49.152v-99.060c0-27.223-15.8
Action.c(35):     8-49.152-50.664-49.152s-50.664 21.929-50.664 49.152v99.060zM246.137 605.702v-85.070h35.162
Action.c(35):     v85.070h32.894v-192.070h-32.894v78.265h-35.162v-78.265h-32.894v192.070h32.894zM193.204 477
Action.c(35):     .907v-13.989c0-28.735-15.88-52.555-48.774-52.555-34.406 0-50.664 21.929-50.664 49.152v99.0
Action.c(35):     60c0 27.223 15.88 49.152 50.664 49.152 32.894 0 48.774-21.929 48.774-49.152v-21.929h-32.89
Action.c(35):     4v23.064c0 12.477-4.159 19.283-15.88 19.283-13.233 0-17.392-6.806-17.392-21.173v-97.169c0-
Action.c(35):     14.367 4.159-21.173 17.392-21.173 8.318 0 15.88 6.806 15.88 23.064v14.746h32.894v-0.378z",
Action.c(35):     \n
Action.c(35):             "M703.249 374.31c0-2.269-1.512-3.403-4.159-3.403h-4.537v12.099h1.89v-5.293h2.269l3
Action.c(35):     .025 5.293h1.89l-3.403-5.293c1.512-0.378 3.025-1.134 3.025-3.403v0zM696.065 376.201v-3.781
Action.c(35):     h2.647c1.134 0 2.647 0.378 2.647 1.89 0 1.89-1.512 1.89-3.025 1.89h-2.269z",\n
Action.c(35):             "M698.334 366.748c-5.671 0-10.587 4.537-10.587 10.208 0 6.049 4.915 10.587 10.587 
Action.c(35):     10.587s10.587-4.537 10.587-10.587c0-6.049-4.915-10.208-10.587-10.208zM698.334 385.653c-4.9
Action.c(35):     15 0-8.318-3.781-8.318-8.696s3.781-8.696 8.318-8.696c4.537 0 8.318 3.781 8.318 8.696s-3.78
Action.c(35):     1 8.696-8.318 8.696z",\n
Action.c(35):             "M134.978 316.462v0c0.756-5.671 4.159-12.099 8.318-17.014 2.269-2.269 4.537-4.159 
Action.c(35):     6.806-5.671s4.537-2.269 6.428-1.89h75.24v-39.321h-72.972c-1.134 0-2.269 0-3.025 0-8.318 0-
Action.c(35):     15.88 1.134-23.064 3.781s-13.989 7.184-20.795 13.611v0 0c-13.989 13.611-20.039 31.76-20.03
Action.c(35):     9 49.152 0 7.94 1.134 15.88 3.781 23.442 3.781 11.721 11.343 22.307 20.795 30.625s20.795 1
Action.c(35):     3.611 32.516 14.746v0h82.424v-70.325h-40.456v31.382h-36.297c-2.647 0-4.915-1.134-7.562-3.0
Action.c(35):     25-3.403-2.647-6.806-7.562-9.074-12.477s-3.403-10.587-3.403-14.367c0.378-1.134 0.378-1.89 
Action.c(35):     0.378-2.647v0z",\n
Action.c(35):             "M455.6 384.14l-52.177-111.915-5.293-10.587c-3.781-6.806-11.343-10.965-18.526-12.4
Action.c(35):     77-1.512-0.378-3.403-0.378-4.915-0.378-4.537 0-9.074 1.134-12.855 3.403-4.159 1.89-7.562 4
Action.c(35):     .915-9.83 8.696v0 0c-0.378 0.756-0.756 1.512-1.512 2.647-2.647 4.537-7.184 14.746-12.477 2
Action.c(35):     6.844-16.636 37.053-41.59 95.279-41.59 95.279l-1.134 2.269h45.371l34.406-86.205 19.661 46.
Action.c(35):     127h-28.357v39.7h86.583c0.756 0 1.134 0 1.512 0s0.756 0 1.134-0.378c0.378 0 0.378-0.378 0.
Action.c(35):     378-0.756s0-0.756 0-0.756c0-0.756 0-1.134-0.378-1.512z",\n
Action.c(35):             "M552.769 251.809v69.569l-39.7-59.738c-1.512-2.647-3.403-4.915-5.671-6.806s-4.915-
Action.c(35):     3.403-7.562-4.537v0 0c-3.781-1.512-7.184-2.269-10.587-2.269-6.806 0-13.233 2.647-17.392 6.
Action.c(35):     049s-6.806 8.318-8.696 13.233c-1.89 4.915-2.647 9.83-2.647 13.233v105.865h40.456v-70.703l4
Action.c(35):     6.505 70.703h45.749v-1.512c0 0 0-62.007 0-94.145h40.456v96.035h43.859v-94.901h40.456v-40.0
Action.c(35):     78h-165.226z",\n
Action.c(35):             "M243.869 388.678h44.615v-136.869h-44.615z"\n
Action.c(35):           ],\n
Action.c(35):           "attrs": [\n
Action.c(35):             {\n
Action.c(35):               "fill": "rgb(255, 255, 255)"\n
Action.c(35):             },\n
Action.c(35):             {\n
Action.c(35):               "fill": "rgb(234, 0, 41)"\n
Action.c(35):             },\n
Action.c(35):             {\n
Action.c(35):               "fill": "rgb(234, 0, 41)"\n
Action.c(35):             },\n
Action.c(35):             {\n
Action.c(35):               "fill": "rgb(234, 0, 41)"\n
Action.c(35):             },\n
Action.c(35):             {\n
Action.c(35):               "fill": "rgb(234, 0, 41)"\n
Action.c(35):             },\n
Action.c(35):             {\n
Action.c(35):               "fill": "rgb(234, 0, 41)"\n
Action.c(35):             },\n
Action.c(35):             {\n
Action.c(35):               "fill": "rgb(234, 0, 41)"\n
Action.c(35):             },\n
Action.c(35):             {\n
Action.c(35):               "fill": "rgb(234, 0, 41)"\n
Action.c(35):             },\n
Action.c(35):             {\n
Action.c(35):               "fill": "rgb(0, 0, 0)"\n
Action.c(35):             },\n
Action.c(35):             {\n
Action.c(35):               "fill": "rgb(0, 0, 0)"\n
Action.c(35):             },\n
Action.c(35):             {\n
Action.c(35):               "fill": "rgb(0, 0, 0)"\n
Action.c(35):             },\n
Action.c(35):             {\n
Action.c(35):               "fill": "rgb(234, 0, 41)"\n
Action.c(35):             },\n
Action.c(35):             {\n
Action.c(35):               "fill": "rgb(234, 0, 41)"\n
Action.c(35):             },\n
Action.c(35):             {\n
Action.c(35):               "fill": "rgb(234, 0, 41)"\n
Action.c(35):             },\n
Action.c(35):             {\n
Action.c(35):               "fill": "rgb(234, 0, 41)"\n
Action.c(35):             },\n
Action.c(35):             {\n
Action.c(35):               "fill": "rgb(234, 0, 41)"\n
Action.c(35):             },\n
Action.c(35):             {\n
Action.c(35):               "fill": "rgb(234, 0, 41)"\n
Action.c(35):             }\n
Action.c(35):           ],\n
Action.c(35):           "width": 1086,\n
Action.c(35):           "isMulticolor": true,\n
Action.c(35):           "grid": 32,\n
Action.c(35):           "tags": [\n
Action.c(35):             "giant choice rewards logo"\n
Action.c(35):           ]\n
Action.c(35):         },\n
Action.c(35):         {\n
Action.c(35):           "paths": [\n
Action.c(35):             "M512 1024c-282.772 0-512-229.228-512-512s229.228-512 512-512c282.772 0 512 229.22
Action.c(35):     8 512 512s-229.228 512-512 512z",\n
Action.c(35):             "M365.334 492.066h111.209v125.051c-15.002 12.991-32.527 23.015-52.576 30.078-20.05
Action.c(35):     4 7.069-42.915 10.604-68.583 10.604-23.657 0-44.791-3.683-63.395-11.036-18.605-7.359-34.39
Action.c(35):     7-17.667-47.375-30.942-12.985-13.263-22.873-29.135-29.647-47.597-6.779-18.457-10.166-38.79
Action.c(35):     5-10.166-61.014 0-21.634 3.603-41.682 10.814-60.145 7.211-18.457 17.457-34.545 30.726-48.2
Action.c(35):     51 13.263-13.694 28.987-24.446 47.16-32.237 18.179-7.785 38.369-11.677 60.583-11.677 26.24
Action.c(35):     8 0 49.257 4.83 69.021 14.49 19.752 9.672 36.13 23.151 49.109 40.46l-44.137 41.972c-9.235-
Action.c(35):     10.962-19.4-19.9-30.504-26.828-11.11-6.921-24.736-10.388-40.892-10.388-13.275 0-25.094 2.4
Action.c(35):     61-35.482 7.359-10.388 4.91-19.185 11.542-26.396 19.906-7.211 8.371-12.695 18.173-16.44 29
Action.c(35):     .425-3.757 11.252-5.626 23.225-5.626 35.914 0 13.849 2.165 26.396 6.489 37.647s10.388 20.8
Action.c(35):     44 18.173 28.777c7.791 7.933 16.945 14.058 27.475 18.395 10.53 4.324 21.997 6.483 34.403 6
Action.c(35):     .483 11.535 0 22.065-1.363 31.584-4.108 9.524-2.739 18.031-7.137 25.538-13.201v-36.346h-51
Action.c(35):     .064v-52.792z",\n
Action.c(35):             "M667.796 596.779c12.689 0 24.083-2.443 34.187-7.353 10.092-4.898 18.673-11.529 25
Action.c(35):     .742-19.906 7.069-8.359 12.479-18.025 16.23-28.987 3.744-10.962 5.626-22.645 5.626-35.050s
Action.c(35):     -1.881-24.083-5.626-35.050c-3.751-10.962-9.16-20.554-16.23-28.777s-15.65-14.712-25.742-19.
Action.c(35):     475c-10.104-4.762-21.498-7.137-34.187-7.137-12.695 0-24.163 2.375-34.403 7.137-10.246 4.76
Action.c(35):     2-18.895 11.252-25.964 19.475s-12.479 17.815-16.217 28.777c-3.757 10.968-5.632 22.645-5.63
Action.c(35):     2 35.050s1.875 24.089 5.632 35.050c3.738 10.962 9.148 20.628 16.217 28.987 7.069 8.377 15.
Action.c(35):     718 15.008 25.964 19.906 10.24 4.91 21.708 7.353 34.403 7.353zM667.796 658.232c-21.35 0-41
Action.c(35):     .182-3.899-59.497-11.683-18.327-7.791-34.187-18.463-47.597-32.022-13.417-13.559-23.953-29.
Action.c(35):     647-31.59-48.245-7.643-18.611-11.468-38.579-11.468-59.935 0-21.634 3.825-41.682 11.468-60.
Action.c(35):     151 7.637-18.457 18.173-34.464 31.59-48.029 13.411-13.553 29.27-24.231 47.597-32.022 18.31
Action.c(35):     5-7.791 38.147-11.683 59.497-11.683s41.17 3.892 59.497 11.683c18.315 7.791 34.187 18.469 4
Action.c(35):     7.597 32.022 13.417 13.565 23.947 29.573 31.59 48.029 7.637 18.469 11.461 38.517 11.461 60
Action.c(35):     .151 0 21.356-3.825 41.324-11.461 59.935-7.643 18.599-18.173 34.686-31.59 48.245-13.411 13
Action.c(35):     .559-29.283 24.231-47.597 32.022-18.327 7.785-38.147 11.683-59.497 11.683v0z",\n
Action.c(35):             "M239.776 748.134c3.788 0 6.761-1.123 8.926-3.387 2.165-2.245 3.245-5.083 3.245-8.
Action.c(35):     507 0-3.701-1.080-6.631-3.245-8.797s-5.139-3.245-8.926-3.245h-12.572v23.934h12.572zM207.32
Action.c(35):     9 707.433h33.533c5.225 0 9.821 0.746 13.793 2.233 3.96 1.48 7.273 3.51 9.938 6.082 2.659 2
Action.c(35):     .566 4.639 5.57 5.947 8.988 1.308 3.43 1.962 7.088 1.962 10.956 0 5.86-1.283 10.98-3.855 1
Action.c(35):     5.348-2.572 4.374-6.193 7.865-10.882 10.481l20.011 36.105h-22.448l-16.766-33.126h-11.357v3
Action.c(35):     3.126h-19.875v-90.192z",\n
Action.c(35):             "M289.403 707.433h61.662v17.846h-41.244v17.587h32.046v17.303h-32.046v19.475h44.217
Action.c(35):     v17.982h-64.635v-90.192z",\n
Action.c(35):             "M360.8 707.433h21.905l13.256 65.314 15.823-62.883h18.525l15.952 62.883 13.115-65.
Action.c(35):     314h21.097l-22.991 90.192h-21.498l-15.416-58.954-15.687 58.954h-21.498l-22.584-90.192z",\n
Action.c(35):             "M530.907 761.119l-10.949-34.082-11.227 34.082h22.176zM509.409 707.433h22.584l32.9
Action.c(35):     96 90.192h-22.318l-6.897-20.69h-31.775l-6.897 20.69h-21.362l33.669-90.192z",\n
Action.c(35):             "M607.17 748.134c3.794 0 6.761-1.123 8.932-3.387 2.159-2.245 3.239-5.083 3.239-8.5
Action.c(35):     07 0-3.701-1.080-6.631-3.239-8.797-2.171-2.165-5.139-3.245-8.932-3.245h-12.572v23.934h12.5
Action.c(35):     72zM574.723 707.433h33.533c5.225 0 9.827 0.746 13.793 2.233 3.96 1.48 7.273 3.51 9.938 6.0
Action.c(35):     82 2.659 2.566 4.645 5.57 5.953 8.988 1.308 3.43 1.955 7.088 1.955 10.956 0 5.86-1.283 10.
Action.c(35):     98-3.849 15.348-2.572 4.374-6.2 7.865-10.888 10.481l20.017 36.105h-22.448l-16.773-33.126h-
Action.c(35):     11.357v33.126h-19.875v-90.192z",\n
Action.c(35):             "M689.664 779.508c9.006 0 15.946-2.375 20.819-7.1 4.873-4.738 7.304-11.245 7.304-1
Action.c(35):     9.542 0-4.145-0.568-7.908-1.69-11.289-1.129-3.38-2.838-6.267-5.139-8.655s-5.206-4.238-8.71
Action.c(35):     6-5.546c-3.522-1.308-7.711-1.955-12.578-1.955h-12.442v54.087h12.442zM656.797 707.433h34.08
Action.c(35):     2c6.94 0 13.361 0.901 19.265 2.702 5.903 1.807 10.999 4.552 15.28 8.248 4.287 3.701 7.618 
Action.c(35):     8.433 10.006 14.2s3.584 12.578 3.584 20.418c0 7.483-1.215 13.997-3.646 19.542-2.437 5.546-
Action.c(35):     5.799 10.191-10.073 13.923-4.287 3.751-9.383 6.545-15.286 8.389s-12.331 2.77-19.271 2.77h-
Action.c(35):     33.94v-90.192z",\n
Action.c(35):             "M759.839 770.718c1.172 1.265 2.548 2.554 4.121 3.849 1.579 1.308 3.337 2.511 5.28
Action.c(35):      3.59 1.937 1.080 4.053 1.962 6.348 2.634 2.301 0.679 4.762 1.012 7.378 1.012 1.53 0 3.060
Action.c(35):     -0.222 4.596-0.672s2.93-1.104 4.189-1.955c1.265-0.864 2.276-1.9 3.041-3.115 0.771-1.221 
Action.c(35): t=7387ms: 5621-byte DECODED response body for "https://stage.peapod.com/shop/images/icons/PeapodIcons.json" (RelFrameId=1, Internal ID=3)
Action.c(35):     1.154-2.591 1.154-4.121 0-3.337-1.629-5.928-4.867-7.779-3.245-1.851-8.383-3.677-15.416-5.4
Action.c(35):     78-3.43-0.814-6.6-1.98-9.537-3.516-2.93-1.53-5.453-3.38-7.575-5.539-2.11-2.171-3.763-4.645
Action.c(35):     -4.929-7.446-1.178-2.794-1.758-5.903-1.758-9.327 0-3.788 0.672-7.347 2.029-10.684 1.345-3.
Action.c(35):     331 3.399-6.286 6.15-8.852 2.745-2.572 6.175-4.602 10.277-6.095 4.102-1.48 8.945-2.227 14.
Action.c(35):     533-2.227 4.596 0 8.655 0.475 12.171 1.425 3.516 0.944 6.508 2.073 8.994 3.374 2.474 1.308
Action.c(35):      4.509 2.659 6.082 4.059 1.579 1.4 2.776 2.504 3.584 3.313l-11.764 12.979c-0.993-0.808-2.1
Action.c(35):     41-1.69-3.448-2.628-1.308-0.95-2.77-1.826-4.392-2.64s-3.405-1.487-5.342-2.029c-1.937-0.543
Action.c(35):     -3.991-0.808-6.15-0.808-1.443 0-2.868 0.222-4.263 0.672-1.4 0.45-2.659 1.061-3.781 1.82-1.
Action.c(35):     129 0.771-2.036 1.678-2.708 2.708-0.672 1.043-1.012 2.141-1.012 3.313 0 3.072 1.622 5.546 
Action.c(35):     4.861 7.439 3.245 1.888 7.711 3.473 13.392 4.731 3.337 0.808 6.6 1.918 9.802 3.313 3.195 1
Action.c(35):     .4 6.058 3.226 8.587 5.478 2.523 2.252 4.552 5.027 6.088 8.315 1.53 3.294 2.295 7.279 2.29
Action.c(35):     5 11.967 0 4.059-0.907 7.803-2.708 11.227s-4.256 6.403-7.365 8.926c-3.109 2.523-6.761 4.47
Action.c(35):     8-10.949 5.879-4.195 1.4-8.723 2.097-13.596 2.097-4.503 0-8.605-0.432-12.307-1.283-3.695-0
Action.c(35):     .864-7.026-1.98-10.006-3.387-2.973-1.394-5.657-2.992-8.038-4.793-2.393-1.801-4.448-3.658-6
Action.c(35):     .156-5.546l13.115-14.2z",\n
Action.c(35):             "M260.010 200.897c0 15.249-12.362 27.605-27.605 27.605-15.249 0-27.605-12.356-27.6
Action.c(35):     05-27.605s12.356-27.605 27.605-27.605c15.243 0 27.605 12.356 27.605 27.605z",\n
Action.c(35):             "M260.010 263.33c0 15.243-12.362 27.605-27.605 27.605-15.249 0-27.605-12.362-27.60
Action.c(35):     5-27.605 0-15.249 12.356-27.611 27.605-27.611 15.243 0 27.605 12.362 27.605 27.611z",\n
Action.c(35):             "M272.921 252.535l9.037-10.789c5.854 4.602 12.208 7.026 18.981 7.026 4.435 0 6.779
Action.c(35):     -1.505 6.779-4.016v-0.167c0-2.511-1.925-3.763-9.956-5.688-12.461-2.844-22.078-6.36-22.078-
Action.c(35):     18.315v-0.173c0-10.869 8.618-18.734 22.664-18.734 9.956 0 17.735 2.677 24.089 7.779l-8.112
Action.c(35):      11.461c-5.354-3.849-11.208-5.774-16.39-5.774-3.936 0-5.86 1.592-5.86 3.763v0.173c0 2.671 
Action.c(35):     2.011 3.843 10.209 5.688 13.38 2.924 21.745 7.273 21.745 18.228v0.167c0 11.961-9.45 19.074
Action.c(35):     -23.669 19.074-10.376 0-20.159-3.263-27.438-9.703z",\n
Action.c(35):             "M347.778 216.905h-18.833v-14.219h53.976v14.219h-18.919v44.328h-16.224v-44.328z",\n
Action.c(35):             "M432.813 232.129v-0.167c0-8.531-6.021-15.81-14.971-15.81s-14.885 7.193-14.885 15.
Action.c(35):     638v0.173c0 8.445 6.107 15.804 15.052 15.804 8.864 0 14.805-7.193 14.805-15.638zM386.393 2
Action.c(35):     32.129v-0.167c0-16.816 13.553-30.449 31.614-30.449 18.068 0 31.448 13.466 31.448 30.276v0.
Action.c(35):     173c0 16.81-13.546 30.442-31.614 30.442-18.062 0-31.448-13.466-31.448-30.276v0z",\n
Action.c(35):             "M481.767 231.79c5.688 0 9.284-3.091 9.284-7.692v-0.167c0-5.021-3.596-7.612-9.364-
Action.c(35):     7.612h-7.692v15.471h7.773zM457.765 202.686h25.174c14.718 0 24.255 7.612 24.255 20.492v0.16
Action.c(35):     7c0 13.886-10.622 21.159-25.088 21.159h-8.112v16.729h-16.23v-58.547z",\n
Action.c(35):             "M569.387 252.535l9.037-10.789c5.848 4.602 12.214 7.026 18.981 7.026 4.435 0 6.779
Action.c(35):     -1.505 6.779-4.016v-0.167c0-2.511-1.925-3.763-9.95-5.688-12.467-2.844-22.084-6.36-22.084-1
Action.c(35):     8.315v-0.173c0-10.869 8.611-18.734 22.664-18.734 9.956 0 17.735 2.677 24.089 7.779l-8.118 
Action.c(35):     11.461c-5.348-3.849-11.202-5.774-16.39-5.774-3.929 0-5.854 1.592-5.854 3.763v0.173c0 2.671
Action.c(35):      2.011 3.843 10.203 5.688 13.386 2.924 21.751 7.273 21.751 18.228v0.167c0 11.961-9.457 19.
Action.c(35):     074-23.669 19.074-10.376 0-20.159-3.263-27.438-9.703z",\n
Action.c(35):             "M629.6 202.686h16.23v21.911h18.814v-21.911h16.23v58.547h-16.23v-22.25h-18.814v22.
Action.c(35):     25h-16.23v-58.547z",\n
Action.c(35):             "M736.015 232.129v-0.167c0-8.531-6.014-15.81-14.971-15.81-8.945 0-14.885 7.193-14.
Action.c(35):     885 15.638v0.173c0 8.445 6.107 15.804 15.058 15.804 8.864 0 14.799-7.193 14.799-15.638zM68
Action.c(35):     9.602 232.129v-0.167c0-16.816 13.546-30.449 31.614-30.449 18.062 0 31.442 13.466 31.442 30
Action.c(35):     .276v0.173c0 16.81-13.546 30.442-31.614 30.442-18.062 0-31.442-13.466-31.442-30.276v0z",\n
Action.c(35):             "M784.976 231.79c5.688 0 9.284-3.091 9.284-7.692v-0.167c0-5.021-3.596-7.612-9.37-7
Action.c(35):     .612h-7.692v15.471h7.779zM760.974 202.686h25.168c14.725 0 24.261 7.612 24.261 20.492v0.167
Action.c(35):     c0 13.886-10.629 21.159-25.1 21.159h-8.106v16.729h-16.224v-58.547z",\n
Action.c(35):             "M539.636 222.389c0-1.277-0.426-2.369-1.277-3.263-0.857-0.901-2.011-1.351-3.479-1.
Action.c(35):     351-1.376 0-2.517 0.444-3.442 1.314-0.919 0.876-1.265 2.073-1.265 3.325 0 1.123 0.315 2.20
Action.c(35):     2 0.938 3.232 0.623 1.036 1.474 2.282 2.708 3.276 1.61-0.66 2.973-1.536 4.115-2.628 1.135-
Action.c(35):     1.086 1.703-2.387 1.703-3.905zM530.531 240.179c-1.332 0.555-2.504 1.308-3.485 2.301-1.141 
Action.c(35):     1.166-1.678 2.375-1.678 4.269 0 0.993 0.105 1.567 0.531 2.375 0.413 0.814 0.956 1.493 1.61
Action.c(35):     6 2.060 0.666 0.568 1.419 0.993 2.258 1.289 0.827 0.29 1.48 0.358 2.406 0.358 1.696 0 2.77
Action.c(35):     -0.308 4.053-0.987 1.228-0.642 2.184-1.419 3.060-2.56l-8.76-9.105zM551.128 261.233l-4.429-
Action.c(35):     4.398c-1.585 1.635-3.368 3.047-5.755 4.133-2.455 1.123-5.33 1.875-9.012 1.875-2.387 0-4.71
Action.c(35):     9-0.296-7.001-0.894-2.289-0.598-4.398-1.807-6.163-3.078-1.764-1.265-3.152-3.115-4.219-4.98
Action.c(35):     4s-1.604-4.084-1.604-6.637c0-1.752 0.296-3.362 0.894-4.83 0.592-1.462 1.406-2.77 2.424-3.9
Action.c(35):     05s2.202-2.128 3.535-2.979c1.345-0.857 2.739-1.653 4.108-2.27-1.561-1.511-2.788-3.239-3.75
Action.c(35):     1-5.108-0.975-1.875-1.456-3.948-1.456-6.212 0-2.369 0.364-4.454 1.339-6.15 0.981-1.696 2.2
Action.c(35):     39-3.097 3.781-4.195 1.542-1.092 3.276-1.894 5.2-2.393 1.937-0.493 3.849-0.746 5.762-0.746
Action.c(35):      1.955 0 3.886 0.259 5.799 0.79 1.9 0.518 3.596 1.332 5.095 2.43 1.487 1.098 2.653 2.597 3
Action.c(35):     .572 4.269 0.907 1.678 1.363 3.677 1.363 5.996 0 1.672-0.197 3.263-0.74 4.62s-1.258 2.554-
Action.c(35):     2.233 3.64c-1.024 1.147-1.857 2.097-3.362 3.202-1.24 0.919-2.147 1.511-3.516 2.221l5.749 5
Action.c(35):     .743 4.842-7.112h13.522l-10.894 14.62 12.788 12.356h-15.638z",\n
Action.c(35):             "M807.609 255.959h0.734c0.857 0 1.555-0.284 1.555-0.981 0-0
Action.c(35): t=7398ms: 9616-byte ENCODED response body received for "https://stage.peapod.com/shop/images/icons/PeapodIcons.json" (RelFrameId=1, Internal ID=3)
Action.c(35): t=7398ms: 12288-byte DECODED response body for "https://stage.peapod.com/shop/images/icons/PeapodIcons.json" (RelFrameId=1, Internal ID=3)
Action.c(35):     .611-0.45-1.018-1.431-1.018-0.407 0-0.691 0.037-0.857 0.080v1.918zM807.572 259.759h-1.555v
Action.c(35):     -6.699c0.611-0.123 1.468-0.204 2.572-0.204 1.271 0 1.838 0.204 2.332 0.487 0.358 0.29 0.64
Action.c(35):     8 0.82 0.648 1.474 0 0.734-0.574 1.308-1.382 1.548v0.086c0.648 0.241 1.018 0.734 1.221 1.6
Action.c(35):     29 0.204 1.024 0.327 1.431 0.487 1.678h-1.678c-0.197-0.247-0.321-0.857-0.524-1.635-0.123-0
Action.c(35):     .734-0.531-1.061-1.388-1.061h-0.734v2.696zM803.445 256.242c0 2.979 2.202 5.348 5.231 5.348
Action.c(35):      2.936 0 5.101-2.369 5.101-5.305 0-2.979-2.165-5.391-5.145-5.391-2.986 0-5.188 2.412-5.188
Action.c(35):      5.348zM815.493 256.242c0 3.8-2.979 6.779-6.86 6.779-3.837 0-6.897-2.979-6.897-6.779 0-3.7
Action.c(35):     14 3.060-6.693 6.897-6.693 3.88 0 6.86 2.979 6.86 6.693v0z"\n
Action.c(35):           ],\n
Action.c(35):           "attrs": [\n
Action.c(35):             {\n
Action.c(35):               "fill": "rgb(35, 31, 32)"\n
Action.c(35):             },\n
Action.c(35):             {\n
Action.c(35):               "fill": "rgb(255, 255, 255)"\n
Action.c(35):             },\n
Action.c(35):             {\n
Action.c(35):               "fill": "rgb(255, 255, 255)"\n
Action.c(35):             },\n
Action.c(35):             {\n
Action.c(35):               "fill": "rgb(255, 255, 255)"\n
Action.c(35):             },\n
Action.c(35):             {\n
Action.c(35):               "fill": "rgb(255, 255, 255)"\n
Action.c(35):             },\n
Action.c(35):             {\n
Action.c(35):               "fill": "rgb(255, 255, 255)"\n
Action.c(35):             },\n
Action.c(35):             {\n
Action.c(35):               "fill": "rgb(255, 255, 255)"\n
Action.c(35):             },\n
Action.c(35):             {\n
Action.c(35):               "fill": "rgb(255, 255, 255)"\n
Action.c(35):             },\n
Action.c(35):             {\n
Action.c(35):               "fill": "rgb(255, 255, 255)"\n
Action.c(35):             },\n
Action.c(35):             {\n
Action.c(35):               "fill": "rgb(255, 255, 255)"\n
Action.c(35):             },\n
Action.c(35):             {\n
Action.c(35):               "fill": "rgb(231, 0, 76)"\n
Action.c(35):             },\n
Action.c(35):             {\n
Action.c(35):               "fill": "rgb(134, 195, 0)"\n
Action.c(35):             },\n
Action.c(35):             {\n
Action.c(35):               "fill": "rgb(255, 255, 255)"\n
Action.c(35):             },\n
Action.c(35):             {\n
Action.c(35):               "fill": "rgb(255, 255, 255)"\n
Action.c(35):             },\n
Action.c(35):             {\n
Action.c(35):               "fill": "rgb(255, 255, 255)"\n
Action.c(35):             },\n
Action.c(35):             {\n
Action.c(35):               "fill": "rgb(255, 255, 255)"\n
Action.c(35):             },\n
Action.c(35):             {\n
Action.c(35):               "fill": "rgb(255, 255, 255)"\n
Action.c(35):             },\n
Action.c(35):             {\n
Action.c(35):               "fill": "rgb(255, 255, 255)"\n
Action.c(35):             },\n
Action.c(35):             {\n
Action.c(35):               "fill": "rgb(255, 255, 255)"\n
Action.c(35):             },\n
Action.c(35):             {\n
Action.c(35):               "fill": "rgb(255, 255, 255)"\n
Action.c(35):             },\n
Action.c(35):             {\n
Action.c(35):               "fill": "rgb(255, 255, 255)"\n
Action.c(35):             },\n
Action.c(35):             {\n
Action.c(35):               "fill": "rgb(255, 255, 255)"\n
Action.c(35):             }\n
Action.c(35):           ],\n
Action.c(35):           "isMulticolor": true,\n
Action.c(35):           "grid": 32,\n
Action.c(35):           "tags": [\n
Action.c(35):             "go rewards logo"\n
Action.c(35):           ]\n
Action.c(35):         },\n
Action.c(35):         {\n
Action.c(35):           "paths": [\n
Action.c(35):             "M629.754 141.115l-1.9-140.279 458.576 506.273-455.878 516.269-2.204-136.174-626.4
Action.c(35):     09 5.435 1.368-746.051z",\n
Action.c(35):             "M119.988 653.561v43.292h8.58c13.065 0 17.941-4.875 17.941-21.646s-4.875-21.646-17
Action.c(35):     .941-21.646h-8.58zM119.988 716.744v57.722h-24.181v-140.795h33.931c27.106 0 40.951 11.505 4
Action.c(35):     0.951 41.537 0 22.621-8.775 31.786-16.966 35.491l20.476 63.767h-24.571l-17.161-58.307c-3.1
Action.c(35):     2 0.39-8.19 0.585-12.48 0.585z",\n
Action.c(35):             "M119.988 653.561v43.292h8.58c13.065 0 17.941-4.875 17.941-21.646s-4.875-21.646-17
Action.c(35):     .941-21.646h-8.58zM119.988 716.744v57.722h-24.181v-140.795h33.931c27.106 0 40.951 11.505 4
Action.c(35):     0.951 41.537 0 22.621-8.775 31.786-16.966 35.491l20.476 63.767h-24.571l-17.161-58.307c-3.1
Action.c(35):     2 0.39-8.19 0.585-12.48 0.585z",\n
Action.c(35):             "M254.151 774.466h-67.472v-140.795h64.742v21.061h-40.561v36.271h31.201v21.061h-31.
Action.c(35):     201v41.342h43.292z",\n
Action.c(35):             "M254.151 774.466h-67.472v-140.795h64.742v21.061h-40.561v36.271h31.201v21.061h-31.
Action.c(35):     201v41.342h43.292z",\n
Action.c(35):             "M297.22 723.374l15.796-89.703h19.891l16.381 89.703h0.39l13.455-89.703h22.621l-24.
Action.c(35):     766 140.795h-20.281l-17.551-93.018h-0.39l-16.381 93.018h-20.281l-26.716-140.795h22.621l14.
Action.c(35):     821 89.703z",\n
Action.c(35):             "M297.22 723.374l15.796-89.703h19.891l16.381 89.703h0.39l13.455-89.703h22.621l-24.
Action.c(35):     766 140.795h-20.281l-17.551-93.018h-0.39l-16.381 93.018h-20.281l-26.716-140.795h22.621l14.
Action.c(35):     821 89.703z",\n
Action.c(35):             "M421.253 661.752l-9.555 60.452h19.501l-9.555-60.452h-0.39zM408.187 743.265l-4.29 
Action.c(35):     31.201h-23.401l25.936-140.795h30.031l25.936 140.795h-23.401l-4.29-31.201h-26.521z",\n
Action.c(35):             "M421.253 661.752l-9.555 60.452h19.501l-9.555-60.452h-0.39zM408.187 743.265l-4.29 
Action.c(35):     31.201h-23.401l25.936-140.795h30.031l25.936 140.795h-23.401l-4.29-31.201h-26.521z",\n
Action.c(35):             "M496.7 653.561v43.292h8.58c13.065 0 17.941-4.875 17.941-21.646s-4.875-21.646-17.9
Action.c(35):     41-21.646h-8.58zM496.7 716.744v57.722h-24.181v-140.795h33.931c27.106 0 40.951 11.505 40.95
Action.c(35):     1 41.537 0 22.621-8.775 31.786-16.966 35.491l20.476 63.767h-24.571l-17.161-58.307c-3.12 0.
Action.c(35):     39-8.19 0.585-12.48 0.585z",\n
Action.c(35):             "M496.7 653.561v43.292h8.58c13.065 0 17.941-4.875 17.941-21.646s-4.875-21.646-17.9
Action.c(35):     41-21.646h-8.58zM496.7 716.744v57.722h-24.181v-140.795h33.931c27.106 0 40.951 11.505 40.95
Action.c(35):     1 41.537 0 22.621-8.775 31.786-16.966 35.491l20.476 63.767h-24.571l-17.161-58.307c-3.12 0.
Action.c(35):     39-8.19 0.585-12.48 0.585z",\n
Action.c(35):             "M583.695 653.561v101.014h8.385c12.87 0 17.356-4.875 17.356-19.696v-61.622c0-14.82
Action.c(35):     1-4.485-19.696-17.356-19.696h-8.385zM559.514 774.466v-140.795h35.881c24.961 0 38.221 13.65
Action.c(35):      38.221 42.512v55.772c0 28.861-13.26 42.512-38.221 42.512h-35.881z",\n
Action.c(35):             "M583.695 653.561v101.014h8.385c12.87 0 17.356-4.875 17.356-19.696v-61.622c0-14.82
Action.c(35):     1-4.485-19.696-17.356-19.696h-8.385zM559.514 774.466v-140.795h35.881c24.961 0 38.221 13.65
Action.c(35):      38.221 42.512v55.772c0 28.861-13.26 42.512-38.221 42.512h-35.881z",\n
Action.c(35):             "M718.418 665.847l-23.011 2.535c-0.975-12.090-7.41-15.601-12.87-15.601-7.8 0-12.09
Action.c(35):     0 5.070-12.090 13.846 0 23.986 49.142 35.491 49.142 73.713 0 23.206-15.601 36.076-38.221 3
Action.c(35):     6.076-22.426 0-35.296-17.941-36.271-39.001l23.011-3.315c0.975 14.236 6.63 21.256 14.431 21
Action.c(35):     .256 8.385 0 14.041-4.485 14.041-12.87 0-27.886-49.142-35.296-49.142-75.663 0-22.426 13.65
Action.c(35):     -35.101 37.441-35.101 19.696 0 31.396 14.236 33.541 34.126z",\n
Action.c(35):             "M718.418 665.847l-23.011 2.535c-0.975-12.090-7.41-15.601-12.87-15.601-7.8 0-12.09
Action.c(35):     0 5.070-12.090 13.846 0 23.986 49.142 35.491 49.142 73.713 0 23.206-15.601 36.076-38.221 3
Action.c(35):     6.076-22.426 0-35.296-17.941-36.271-39.001l23.011-3.315c0.975 14.236 6.63 21.256 14.431 21
Action.c(35):     .256 8.385 0 14.041-4.485 14.041-12.87 0-27.886-49.142-35.296-49.142-75.663 0-22.426 13.65
Action.c(35):     -35.101 37.441-35.101 19.696 0 31.396 14.236 33.541 34.126z",\n
Action.c(35):             "M718.117 605.772v-28.694h-58.947v-56.286h42.452v-28.656h-42.452v-49.407h55.222v-2
Action.c(35):     8.656h-88.173v191.701h91.898zM606.076 478.035v-14.062c0-28.656-15.924-52.562-48.837-52.562
Action.c(35):     -34.509 0-50.472 22.043-50.472 49.103v98.815c0 27.098 15.962 49.141 50.472 49.141 32.913 0
Action.c(35):      48.837-22.043 48.837-49.141v-22.043h-33.065v23.107c0 12.466-3.801 19.383-15.924 19.383-13
Action.c(35):     .302 0-17.521-6.917-17.521-21.245v-97.218c0-14.328 4.219-21.245 17.521-21.245 8.475 0 15.9
Action.c(35):     24 6.917 15.924 23.107v14.86h33.065z",\n
Action.c(35):             "M455.308 414.034h32.913v191.701h-32.913v-191.701z",\n
Action.c(35):             "M368.503 461.313c0-14.328 4.257-21.245 17.521-21.245s17.521 6.917 17.521 21.245v9
Action.c(35):     7.18c0 14.328-4.257 21.245-17.521 21.245s-17.521-6.917-17.521-21.245v-97.18zM335.59 559.29
Action.c(35):     1c0 27.098 15.924 49.141 50.434 49.141s50.434-22.043 50.434-49.141v-98.815c0-27.060-15.924
Action.c(35):     -49.103-50.434-49.103s-50.434 22.043-50.434 49.103v98.815zM247.759 605.772v-84.981h35.041v
Action.c(35):     84.981h32.951v-191.701h-32.951v78.064h-35.041v-78.064h-32.913v191.701h32.913zM194.551 478.
Action.c(35):     035v-14.062c0-28.656-15.924-52.562-48.875-52.562-34.509 0-50.434 22.043-50.434 49.103v98.8
Action.c(35):     15c0 27.098 15.924 49.141 50.434 49.141 32.951 0 48.875-22.043 48.875-49.141v-22.043h-32.9
Action.c(35):     51v23.107c0 12.466-3.801 19.383-15.924 19.383-13.264 0-17.521-6.917-17.521-21.245v-97.218c
Action.c(35):     0-14.328 4.257-21.245 17.521-21.245 8.513 0 15.924 6.917 15.924 23.107v14.86h32.951z",\n
Action.c(35):             "M201.734 285.423c-0.057-2.83-0.677-5.621-1.824-8.209-1.080-2.611-2.729-4.948-4.82
Action.c(35):     7-6.841-2.039-1.755-4.333-3.19-6.803-4.257-3.153-1.377-6.555-2.088-9.995-2.090-0.912 0-1.8
Action.c(35):     24 0-2.774 0-2.010 0.174-3.977 0.688-5.815 1.52-2.154 1.003-3.955 2.632-5.169 4.675-0.901 
Action.c(35):     1.537-1.688 3.137-2.356 4.789v0c-2.394 6.005-6.423 15.772-9.843 24.058l-3.801 8.665-15.696
Action.c(35):     -36.219c-1.642-2.427-3.915-4.358-6.575-5.587-3.237-1.556-6.784-2.362-10.376-2.356v0c-2.227
Action.c(35):      0.137-4.425 0.571-6.537 1.292-3.686 1.040-7.089 2.898-9.957 5.435-1.548 1.351-2.837 2.974
Action.c(35):     -3.801 4.789-0.984 1.959-1.504 4.117-1.52 6.309v0 102.615h28.352v-69.74l14.214 39.982 0.22
Action.c(35):     8 0.304c0.852 1.286 1.847 2.472 2.964 3.535 0.688 0.623 1.439 1.17 2.242 1.634 0.821 0.425
Action.c(35):      1.707 0.708 2.622 0.836 1.467 0.441 2.99 0.672 4.523 0.684 2.378 0.061 4.719-0.587 6.727-
Action.c(35):     1.862 1.963-1.27 3.52-3.077 4.485-5.207v0l13.036-38.88v68.41h25.958l0.608-0.304c0.474-0.23
Action.c(35):     8 0.87-0.608 1.14-1.064 0.105-0.169 0.194-0.347 0.266-0.532 0.009-0.139 0.009-0.279 0-0.41
Action.c(35):     8-0.008-0.101-0.008-0.203 0-0.304v-0.456c0-1.292 0-9.159 0-19.953 0-13.492 0-31.507 0-46.5
Action.c(35):     19s0-27.060 0-28.732z",\n
Action.c(35):             "M277.783 280.672v-0.342c0 0-0.608-1.368-1.52-3.040-0.995-1.839-2.193-3.56-3.573-5
Action.c(35):     .131-0.986-1.386-2.12-2.66-3.383-3.801-1.364-1.219-2.901-2.231-4.561-3.002v0c-2.192-0.909-
Action.c(35):     4.544-1.374-6.917-1.368-4.013 0.093-7.936 1.205-11.402 3.231-1.526 0.892-2.92 1.992-4.143 
Action.c(35):     3.268-1.165 1.138-2.028 2.549-2.508 4.105l-32.533 105.656c-0.263 0.88-0.109 1.832 0.418 2.
Action.c(35):     584 0.566 0.73 1.433 1.164 2.356 1.178h22.043c1.273-0.008 2.394-0.838 2.774-2.052l22.499-7
Action.c(35):     4.111 14.974 50.548h-24.628c-1.595 0-2.888 1.293-2.888 2.888v19.763c-0.023 0.771 0.28 1.51
Action.c(35):     7 0.836 2.052 0.534 0.562 1.277 0.878 2.052 0.874h57.389c0.928-0.006 1.798-0.451 2.345-1.2
Action.c(35):     01s0.706-1.714 0.429-2.6l-30.062-99.499z",\n
Action.c(35):             "M565.030 321.452l-23.107-47.545c-0.895-1.913-2.191-3.611-3.801-4.979-2.196-1.927-
Action.c(35):     4.792-3.342-7.601-4.143-2.47-0.722-5.027-1.106-7.601-1.14h-0.266c-2.383 0.049-4.728 0.607-
Action.c(35):     6.879 1.634-3.283 1.482-6.231 3.616-8.665 6.271-1.132 1.138-2.115 2.415-2.926 3.801-0.777 
Action.c(35):     1.398-1.207 2.962-1.254 4.561v103.603h28.276v-66.092l33.711 66.282h29.568v-119.946h-29.34l
Action.c(35):     -0.114 57.693z",\n
Action.c(35):             "M694.63 337.262c-2-4.492-4.721-8.626-8.057-12.238v0c-2.15-2.344-4.731-4.254-7.601
Action.c(35):     -5.625-3.756-1.575-7.632-2.846-11.592-3.801-3.545-0.884-6.87-2.488-9.767-4.713-0.993-1.258
Action.c(35):     -1.718-2.707-2.128-4.257-0.565-1.938-0.847-3.948-0.836-5.967-0.083-3.791 1.275-7.471 3.801
Action.c(35):     -10.3 0.615-0.59 1.321-1.078 2.090-1.444 0.755-0.328 1.571-0.496 2.394-0.494h28.846v-24.62
Action.c(35):     8h-30.975c-3.907-0.076-7.767 0.853-11.212 2.698-2.7 1.618-5.301 3.395-7.791 5.321v0 0c-4.1
Action.c(35):     39 3.488-7.416 7.884-9.577 12.846-1.948 4.617-2.931 9.583-2.888 14.594 0.017 4.345 0.631 8
Action.c(35):     .668 1.824 12.846v0.228c2.289 6.381 6.222 12.045 11.402 16.418 4.064 3.34 8.699 5.915 13.6
Action.c(35):     82 7.601 3.999 1.271 7.771 3.17 11.174 5.625 1.487 1.025 2.775 2.313 3.801 3.801 0.818 1.2
Action.c(35):     41 1.254 2.694 1.254 4.181-0.006 1.039-0.199 2.069-0.57 3.040-0.729 1.892-1.842 3.613-3.26
Action.c(35):     8 5.055-0.618 0.676-1.335 1.253-2.128 1.71-0.433 0.287-0.928 0.469-1.444 0.532h-28.314v23.
Action.c(35):     297h29.682c5.974-0.175 11.753-2.163 16.57-5.701 5.128-3.558 9.157-8.483 11.63-14.214v0c1.7
Action.c(35):     2-4.266 2.623-8.817 2.66-13.416-0.011-4.401-0.903-8.756-2.622-12.808z",\n
Action.c(35):             "M461.997 263.759h-79.014v23.678c-2.234-5.839-5.665-11.147-10.072-15.582-2.42-2.37
Action.c(35):     4-5.221-4.327-8.285-5.777-3.283-1.49-6.846-2.268-10.452-2.28h-40.552l-0.38 120.022h26.148v
Action.c(35):     -43.783h2.166c4.692-0.342 9.378 0.73 13.454 3.078 1.104 0.714 2.038 1.661 2.736 2.774 0.56
Action.c(35):     5 0.952 0.915 2.015 1.026 3.116 0 1.292 0 9.121 0 16.684v10.49c0 2.812 0 4.637 0 4.675v2.8
Action.c(35):     88h25.654v-48.837c-0.139-1.549-0.633-3.044-1.444-4.371-1.322-2.152-3.052-4.024-5.093-5.511
Action.c(35):     -0.819-0.598-1.683-1.132-2.584-1.596 0.372-0.365 0.716-0.759 1.026-1.178 2.578-3.275 4.583
Action.c(35):     -6.963 5.929-10.908 1.578-4.325 2.401-8.889 2.432-13.492 0.030-3.205-0.484-6.392-1.52-9.42
Action.c(35):     5h23.868v95.318h30.405v-95.356h24.438v-2.926l0.114-21.701zM356.379 307.39c-1 1.257-2.193 2
Action.c(35):     .347-3.535 3.23-0.618 0.426-1.28 0.783-1.976 1.064-0.373 0.182-0.769 0.31-1.178 0.38h-10.3
Action.c(35):     76v-23.716h2.508c3.346-0.137 6.691 0.314 9.881 1.33 1.24 0.443 2.388 1.113 3.383 1.976 1.0
Action.c(35):     46 0.945 1.864 2.114 2.394 3.421v0 0c0.797 1.622 1.226 3.4 1.254 5.207-0.071 2.555-0.905 5
Action.c(35):     .030-2.394 7.107h0.038z",\n
Action.c(35):             "M496.848 263.797l-27.858-0.076v120.022l27.858-0.038v-2.888z",\n
Action.c(35):             "M627.474 263.721h-27.858v24.628h5.245l-4.143 17.027 3.23 0.418c0.923 0.072 1.851 
Action.c(35):     0.072 2.774 0 1.494 0.016 2.982-0.202 4.409-0.646 1.797-0.612 3.452-1.582 4.865-2.85 1.33-
Action.c(35):     1.14 2.47-2.28 3.801-3.421v0 0c3.199-4.091 5.34-8.908 6.233-14.024 0.901-4.773 1.321-9.624
Action.c(35):      1.254-14.48 0-1.292 0-2.546 0-3.801l0.19-2.85z",\n
Action.c(35):             "M700.406 373.672c0.125-4.476 3.829-8.018 8.306-7.942s8.059 3.741 8.033 8.219c-0.0
Action.c(35):     27 4.478-3.652 8.1-8.13 8.123-2.217 0.022-4.347-0.862-5.897-2.448s-2.385-3.735-2.312-5.951
Action.c(35):     v0zM708.616 383.781c5.563-0.084 10.013-4.646 9.957-10.209s-4.596-10.036-10.159-10.009c-5.5
Action.c(35):     63 0.028-10.059 4.545-10.060 10.108-0 2.708 1.086 5.302 3.015 7.203s4.54 2.947 7.247 2.907
Action.c(35):     v0zM706.487 374.47h2.014l3.078 5.017h2.052l-3.306-5.093c0.827-0.009 1.614-0.355 2.181-0.95
Action.c(35):     7s0.863-1.409 0.822-2.235c0-2.318-1.368-3.306-4.105-3.306h-4.447v11.402h1.78
Action.c(35): t=7431ms: 12288-byte DECODED response body for "https://stage.peapod.com/shop/images/icons/PeapodIcons.json" (RelFrameId=1, Internal ID=3)
Action.c(35):     6l-0.076-4.827zM706.487 372.95v-3.573h2.394c1.216 0 2.508 0.266 2.508 1.71s-1.33 1.862-2.8
Action.c(35):     12 1.862h-2.090z"\n
Action.c(35):           ],\n
Action.c(35):           "attrs": [\n
Action.c(35):             {\n
Action.c(35):               "fill": "rgb(255, 255, 255)"\n
Action.c(35):             },\n
Action.c(35):             {\n
Action.c(35):               "fill": "rgb(0, 0, 0)"\n
Action.c(35):             },\n
Action.c(35):             {\n
Action.c(35):               "fill": "rgb(234, 0, 41)"\n
Action.c(35):             },\n
Action.c(35):             {\n
Action.c(35):               "fill": "rgb(0, 0, 0)"\n
Action.c(35):             },\n
Action.c(35):             {\n
Action.c(35):               "fill": "rgb(234, 0, 41)"\n
Action.c(35):             },\n
Action.c(35):             {\n
Action.c(35):               "fill": "rgb(0, 0, 0)"\n
Action.c(35):             },\n
Action.c(35):             {\n
Action.c(35):               "fill": "rgb(234, 0, 41)"\n
Action.c(35):             },\n
Action.c(35):             {\n
Action.c(35):               "fill": "rgb(0, 0, 0)"\n
Action.c(35):             },\n
Action.c(35):             {\n
Action.c(35):               "fill": "rgb(234, 0, 41)"\n
Action.c(35):             },\n
Action.c(35):             {\n
Action.c(35):               "fill": "rgb(0, 0, 0)"\n
Action.c(35):             },\n
Action.c(35):             {\n
Action.c(35):               "fill": "rgb(234, 0, 41)"\n
Action.c(35):             },\n
Action.c(35):             {\n
Action.c(35):               "fill": "rgb(0, 0, 0)"\n
Action.c(35):             },\n
Action.c(35):             {\n
Action.c(35):               "fill": "rgb(234, 0, 41)"\n
Action.c(35):             },\n
Action.c(35):             {\n
Action.c(35):               "fill": "rgb(0, 0, 0)"\n
Action.c(35):             },\n
Action.c(35):             {\n
Action.c(35):               "fill": "rgb(234, 0, 41)"\n
Action.c(35):             },\n
Action.c(35):             {\n
Action.c(35):               "fill": "rgb(35, 31, 32)"\n
Action.c(35):             },\n
Action.c(35):             {\n
Action.c(35):               "fill": "rgb(35, 31, 32)"\n
Action.c(35):             },\n
Action.c(35):             {\n
Action.c(35):               "fill": "rgb(35, 31, 32)"\n
Action.c(35):             },\n
Action.c(35):             {\n
Action.c(35):               "fill": "rgb(234, 0, 41)"\n
Action.c(35):             },\n
Action.c(35):             {\n
Action.c(35):               "fill": "rgb(234, 0, 41)"\n
Action.c(35):             },\n
Action.c(35):             {\n
Action.c(35):               "fill": "rgb(234, 0, 41)"\n
Action.c(35):             },\n
Action.c(35):             {\n
Action.c(35):               "fill": "rgb(234, 0, 41)"\n
Action.c(35):             },\n
Action.c(35):             {\n
Action.c(35):               "fill": "rgb(234, 0, 41)"\n
Action.c(35):             },\n
Action.c(35):             {\n
Action.c(35):               "fill": "rgb(234, 0, 41)"\n
Action.c(35):             },\n
Action.c(35):             {\n
Action.c(35):               "fill": "rgb(234, 0, 41)"\n
Action.c(35):             },\n
Action.c(35):             {\n
Action.c(35):               "fill": "rgb(234, 0, 41)"\n
Action.c(35):             }\n
Action.c(35):           ],\n
Action.c(35):           "width": 1086,\n
Action.c(35):           "isMulticolor": true,\n
Action.c(35):           "grid": 32,\n
Action.c(35):           "tags": [\n
Action.c(35):             "martins choice rewards logo"\n
Action.c(35):           ]\n
Action.c(35):         },\n
Action.c(35):         {\n
Action.c(35):           "paths": [\n
Action.c(35):             "M512 0c-282.77 0-512 229.23-512 512 0 282.78 229.24 512 512 512s512-229.22 512-51
Action.c(35):     2c0-282.78-229.22-512-512-512zM851.42 851.42c-174.413 173.95-452.399 187.041-642.387 30.25
Action.c(35):     1s-229.876-432.211-92.176-636.459c137.7-204.248 407.978-270.561 624.575-153.239s308.713 37
Action.c(35):     9.928 212.868 606.847c-24.103 57.041-59.042 108.864-102.88 152.6z",\n
Action.c(35):             "M250.14 581.74c4.578-4.575 5.949-11.458 3.473-17.438s-8.311-9.879-14.783-9.879c-6
Action.c(35):     .472 0-12.307 3.899-14.783 9.879s-1.105 12.863 3.473 17.438c6.248 6.243 16.372 6.243 22.62
Action.c(35):      0v0z",\n
Action.c(35):             "M254.82 618.42c0 8.837-7.163 16-16 16s-16-7.163-16-16c0-8.837 7.163-16 16-16s16 7
Action.c(35):     .163 16 16z",\n
Action.c(35):             "M735.54 295.36h-444.88c-37.528 0.066-67.934 30.472-68 68v160.84c0 8.837 7.163 16 
Action.c(35):     16 16s16-7.163 16-16v-47.3h154.74c-22.18 26.72-43.4 44-51.64 44-8.837 0-16 7.163-16 16s7.1
Action.c(35):     63 16 16 16c17.6 0 37.78-13.080 63.54-41.18 6.52-7.1 12.44-14.16 17.3-20.22 4.76 6 10.62 1
Action.c(35):     3.12 17.12 20.22 25.4 27.72 47 41.18 66 41.18 8.837 0 16-7.163 16-16s-7.163-16-16-16c-12.2
Action.c(35):      0-34.62-20.3-54-44h303.86v193.4c0 19.882-16.118 36-36 36h-444.92c-19.882 0-36-16.118-36-3
Action.c(35):     6v-6c0-8.837-7.163-16-16-16s-16 7.163-16 16v6c0.066 37.528 30.472 67.934 68 68h444.88c37.5
Action.c(35):     28-0.066 67.934-30.472 68-68v-306.9c-0.044-37.544-30.456-67.974-68-68.040zM371.78 404.62c3
Action.c(35):     .060-3.82 4.88-4.28 5.78-4.28h0.42c6.86 0.92 19.5 14 32 34.14-8.575-2.463-17.002-5.415-25.
Action.c(35):     24-8.84-16-6.9-17.82-11.52-17.88-11.72s0.16-3.36 4.92-9.3zM469.62 434.5c11.26-18.3 23.76-3
Action.c(35):     3.040 31.84-34.12h0.42c0.9 0 2.72 0.46 5.78 4.28 4.76 6 5.14 8.88 4.98 9.34s-1.8 4.82-17.8
Action.c(35):     6 11.72c-8.219 3.387-16.618 6.318-25.16 8.78v0zM526.26 444.9c8.38-5.9 14-12.6 16.68-20.6 4
Action.c(35):     .26-12.5 0.78-25.84-10.3-39.68-12.38-15.46-26-17.2-35.44-16-17.66 2.38-35.020 17.5-53.040 
Action.c(35):     46.24-1.56 2.48-3.040 4.92-4.44 7.34-1.4-2.42-2.88-4.86-4.44-7.34-18-28.74-35.38-43.86-53.
Action.c(35):     020-46.24-9.36-1.26-23.080 0.5-35.46 16-11.080 13.84-14.56 27.18-10.3 39.68 2.74 8 8.3 14.
Action.c(35):     7 16.68 20.6h-98.56v-81.5c0-19.882 16.118-36 36-36h444.92c19.882 0 36 16.118 36 36v81.5h-2
Action.c(35):     45.28z",\n
Action.c(35):             "M695.060 617.14c-1.523 0.862-3.179 1.463-4.9 1.78-1.78 0.335-3.588 0.502-5.4 0.5-
Action.c(35):     6.020 0.090-11.967-1.326-17.3-4.12-2.925-1.56-5.702-3.381-8.3-5.44-2.545-2.036-6.235-1.738
Action.c(35):     -8.42 0.68l-7.020 7.82c-1.117 1.238-1.68 2.877-1.56 4.54 0.122 1.672 0.916 3.223 2.2 4.3 3
Action.c(35):     .27 2.674 6.801 5.013 10.54 6.98 6.662 3.451 13.943 5.545 21.42 6.16v9.54c0 3.402 2.758 6.
Action.c(35):     16 6.16 6.16h3.9c3.394-0.011 6.14-2.766 6.14-6.16v-10.2c4.254-0.641 8.4-1.866 12.32-3.64 3
Action.c(35):     .671-1.631 7.049-3.854 10-6.58 2.794-2.638 5.055-5.789 6.66-9.28 1.665-3.736 2.497-7.79 2.
Action.c(35):     44-11.88 0.142-4.845-0.902-9.65-3.040-14-1.966-3.752-4.691-7.055-8-9.7-3.416-2.679-7.193-4
Action.c(35):     .86-11.22-6.48-4.065-1.633-8.242-2.97-12.5-4-5.346-1.224-10.548-3.007-15.52-5.32-3.153-1.3
Action.c(35):     94-5.152-4.554-5.060-8-0.082-1.711 0.411-3.401 1.4-4.8 1.029-1.351 2.357-2.447 3.88-3.2 1.
Action.c(35):     663-0.812 3.424-1.404 5.24-1.76 1.775-0.385 3.584-0.586 5.4-0.6 2.365-0.010 4.721 0.307 7 
Action.c(35):     0.94 2.077 0.575 4.088 1.366 6 2.36 1.537 0.78 3.020 1.662 4.44 2.64 2.548 1.784 6.028 1.3
Action.c(35):     8 8.1-0.94l6.38-7.14c1.169-1.294 1.731-3.026 1.544-4.759s-1.105-3.306-2.524-4.321c-1.62-1.
Action.c(35):     18-3.46-2.4-5.44-3.62-5.418-3.089-11.431-4.991-17.64-5.58v-8.86c0-3.391-2.749-6.14-6.14-6.
Action.c(35):     14h-3.9c-1.632-0.005-3.199 0.639-4.355 1.791s-1.805 2.717-1.805 4.349v8.84c-9.74 1.24-17.4
Action.c(35):     8 4.62-23.020 10-5.608 5.592-8.637 13.265-8.36 21.18-0.183 7.481 2.709 14.709 8 20 5.26 5.
Action.c(35):     26 13.28 9.42 23.78 12.32 4.34 1.26 7.9 2.36 10.88 3.36 2.544 0.804 4.981 1.912 7.26 3.3 1
Action.c(35):     .613 0.935 2.983 2.237 4 3.8 0.803 1.376 1.211 2.947 1.18 4.54 0.061 1.813-0.405 3.605-1.3
Action.c(35):     4 5.16-0.869 1.425-2.070 2.619-3.5 3.48z"\n
Action.c(35):           ],\n
Action.c(35):           "attrs": [\n
Action.c(35):             {\n
Action.c(35):               "fill": "rgb(217, 217, 214)"\n
Action.c(35):             },\n
Action.c(35):             {\n
Action.c(35):               "fill": "rgb(0, 25, 25)"\n
Action.c(35):             },\n
Action.c(35):             {\n
Action.c(35):               "fill": "rgb(0, 25, 25)"\n
Action.c(35):             },\n
Action.c(35):             {\n
Action.c(35):               "fill": "rgb(224, 0, 77)"\n
Action.c(35):             },\n
Action.c(35):             {\n
Action.c(35):               "fill": "rgb(224, 0, 77)"\n
Action.c(35):             }\n
Action.c(35):           ],\n
Action.c(35):           "isMulticolor": true,\n
Action.c(35):           "grid": 32,\n
Action.c(35):           "tags": [\n
Action.c(35):             "sns-special-offers-icon"\n
Action.c(35):           ]\n
Action.c(35):         },\n
Action.c(35):         {\n
Action.c(35):           "paths": [\n
Action.c(35):             "M235.19 433.824h567.274c7.541 0 13.653 6.113 13.653 13.653v412.683c0 7.541-6.113 
Action.c(35):     13.653-13.653 13.653h-567.274c-7.541 0-13.653-6.113-13.653-13.653v-412.683c0-7.541 6.113-1
Action.c(35):     3.653 13.653-13.653z",\n
Action.c(35):             "M875.575 291.124h-139.346c12.808-16.186 20.43-36.754 20.43-59.458 0-53.344-41.783
Action.c(35):     -95.133-95.133-95.133-74.067 0-118.704 57.12-142.699 103.228-23.995-46.108-68.632-103.228-
Action.c(35):     142.699-103.228-53.35 0-95.133 41.789-95.133 95.133 0 22.704 7.622 43.272 20.43 59.458h-13
Action.c(35):     9.346c-6.573 0-11.892 5.325-11.892 11.892v95.133c0 6.567 5.319 11.892 11.892 11.892h713.49
Action.c(35):     7c6.573 0 11.892-5.325 11.892-11.892v-95.133c0-6.567-5.319-11.892-11.892-11.892zM661.526 1
Action.c(35):     84.1c27.116 0 47.566 20.45 47.566 47.566s-20.45 47.566-47.566 47.566h-108.755c16.061-37.00
Action.c(35):     5 50.551-95.133 108.755-95.133zM376.127 184.1c58.204 0 92.706 58.14 108.755 95.133h-108.75
Action.c(35):     5c-27.116 0-47.566-20.45-47.566-47.566s20.45-47.566 47.566-47.566z"\n
Action.c(35):           ],\n
Action.c(35):           "attrs": [\n
Action.c(35):             {\n
Action.c(35):               "fill": "rgb(225, 30, 16)"\n
Action.c(35):             },\n
Action.c(35):             {\n
Action.c(35):               "fill": "rgb(225, 30, 16)"\n
Action.c(35):             }\n
Action.c(35):           ],\n
Action.c(35):           "grid": 32,\n
Action.c(35):           "tags": [\n
Action.c(35):             "gm-special-offers-icon"\n
Action.c(35):           ]\n
Action.c(35):         },\n
Action.c(35):         {\n
Action.c(35):           "paths": [\n
Action.c(35):             "M498.464 371.248c-5.922 0-11.421-3.384-13.959-8.883-38.916-82.484-58.796-136.627-
Action.c(35):     58.796-160.315-0.423-46.529 38.070-85.022 85.022-85.022s85.445 38.493 85.445 85.445c0 23.6
Action.c(35):     88-19.881 76.985-58.796 159.469-3.807 7.614-12.69 10.998-20.304 7.191-2.538-1.269-4.653-2.
Action.c(35):     961-5.922-5.076-1.692 2.538-3.807 4.23-6.345 5.499-2.115 1.269-4.23 1.692-6.345 1.692zM510
Action.c(35):     .731 147.907c-30.033 0-54.566 24.534-54.566 54.566 0 17.766 20.304 71.486 54.566 144.241 3
Action.c(35):     3.84-71.486 54.566-126.898 54.566-144.241 0.423-30.033-24.111-54.566-54.566-54.566z",\n
Action.c(35):             "M467.586 384.361c-50.759 0-131.974-2.115-158.623-14.382-42.299-19.881-60.911-71.0
Action.c(35):     63-41.030-113.363 9.729-20.727 26.649-36.378 48.221-43.991s44.837-6.768 65.141 2.961v0c0 0
Action.c(35):      0 0 0 0 37.224 17.343 128.167 131.128 138.742 143.818 3.807 4.653 4.23 10.575 1.692 16.07
Action.c(35):     4-2.538 5.076-7.614 8.883-13.536 8.883-4.653-0.423-19.881 0-40.608 0zM345.34 238.005c-6.34
Action.c(35):     5 0-12.69 1.269-18.612 3.384-13.536 5.076-24.534 15.228-30.879 28.341s-6.768 27.918-1.692 
Action.c(35):     41.876c5.076 13.536 15.228 24.534 28.341 30.879 19.458 8.883 95.174 11.844 153.97 11.421-3
Action.c(35):     7.647-45.26-87.983-101.519-107.441-110.825 0 0 0 0 0 0-8.037-3.384-15.651-5.076-23.688-5.0
Action.c(35):     76z",\n
Action.c(35):             "M554.299 384.361c-20.727 0-35.955-0.423-40.608-0.423-5.922 0-10.998-3.384-13.536-
Action.c(35):     8.883-2.538-5.076-1.692-11.421 1.692-16.074 10.152-12.69 101.519-126.475 138.742-143.818v0
Action.c(35):     c0 0 0 0 0 0 20.727-9.729 43.991-10.575 65.141-2.961 21.573 7.614 38.493 23.265 48.221 43.
Action.c(35):     991 19.881 42.722 1.269 93.482-41.030 113.363-26.649 12.69-108.287 14.805-158.623 14.805zM
Action.c(35):     545.84 353.483c58.373 0.423 134.512-2.538 153.97-11.421 13.113-6.345 23.265-17.343 28.341-
Action.c(35):     30.879s4.23-28.764-1.692-41.876c-6.345-13.113-17.343-23.265-30.879-28.341s-28.764-4.23-41.
Action.c(35):     876 1.692c0 0 0 0 0 0-19.881 9.306-70.217 65.564-107.864 110.825z",\n
Action.c(35):             "M800.905 876.304h-579.926c-8.46 0-15.228-6.768-15.228-15.228v-290.597h30.879v274.
Action.c(35):     947h549.047v-274.947h30.879v290.597c-0.423 8.46-7.191 15.228-15.651 15.228z",\n
Action.c(35):             "M845.32 526.488h-283.83v-30.879h268.602v-111.671h-638.299v111.671h262.257v30.879h
Action.c(35):     -277.908c-8.46 0-15.228-6.768-15.228-15.228v-142.549c0-8.46 6.768-15.228 15.228-15.228h669
Action.c(35):     .178c8.46 0 15.228 6.768 15.228 15.228v142.549c0.423 8.46-6.768 15.228-15.228 15.228z",\n
Action.c(35):             "M446.013 373.363h30.879v486.867h-30.879z",\n
Action.c(35):             "M544.994 373.363h30.879v486.867h-30.879z"\n
Action.c(35):           ],\n
Action.c(35):           "attrs": [\n
Action.c(35):             {\n
Action.c(35):               "fill": "rgb(113, 33, 119)"\n
Action.c(35):             },\n
Action.c(35):             {\n
Action.c(35):               "fill": "rgb(113, 33, 119)"\n
Action.c(35):             },\n
Action.c(35):             {\n
Action.c(35):               "fill": "rgb(113, 33, 119)"\n
Action.c(35):             },\n
Action.c(35):             {\n
Action.c(35):               "fill": "rgb(113, 33, 119)"\n
Action.c(35):             },\n
Action.c(35):             {\n
Action.c(35):               "fill": "rgb(113, 33, 119)"\n
Action.c(35):             },\n
Action.c(35):             {\n
Action.c(35):               "fill": "rgb(113, 33, 119)"\n
Action.c(35):             },\n
Action.c(35):             {\n
Action.c(35):               "fill": "rgb(113, 33, 119)"\n
Action.c(35):             }\n
Action.c(35):           ],\n
Action.c(35):           "grid": 32,\n
Action.c(35):           "tags": [\n
Action.c(35):             "gf-special-offers-icon"\n
Action.c(35):           ]\n
Action.c(35):         },\n
Action.c(35):         {\n
Action.c(35):           "paths": [\n
Action.c(35):             "M1024 512c0 282.77-229.23 512-512 512s-512-229.23-512-512c0-282.77 229.23-512 512
Action.c(35):     -512s512 229.23 512 512z",\n
Action.c(35):             "M708.471 375.467l-271.889 271.889-120.849-120.849"\n
Action.c(35):           ],\n
Action.c(35):           "attrs": [\n
Action.c(35):             {\n
Action.c(35):               "fill": "rgb(139, 196, 0)"\n
Action.c(35):             },\n
Action.c(35):             {\n
Action.c(35):               "fill": "none",\n
Action.c(35):               "stroke": "rgb(255, 255, 255)",\n
Action.c(35):               "strokeLinejoin": "round",\n
Action.c(35):               "strokeLinecap": "round",\n
Action.c(35):               "strokeMiterlimit": "4",\n
Action.c(35):               "strokeWidth": 34.13333333333333\n
Action.c(35):             }\n
Action.c(35):           ],\n
Action.c(35):           "isMulticolor2": true,\n
Action.c(35):           "grid": 32,\n
Action.c(35):           "tags": [\n
Action.c(35):             "Confirmation Check"\n
Action.c(35):           ]\n
Action.c(35):         },\n
Action.c(35):         {\n
Action.c(35):           "paths": [\n
Action.c(35):             "M515.936 192l-291.936 221.008v403.792h188.256v-172.928c0-57.248 46.416-103.68 103
Action.c(35):     .68-103.68s103.68 46.432 103.68 103.68v172.928h188.256v-403.792l-291.936-221.008z"\n
Action.c(35):           ],\n
Action.c(35):           "attrs": [\n
Action.c(35):             {\n
Action.c(35):               "fill": "none",\n
Action.c(35):               "strokeLinejoin": "miter",\n
Action.c(35):               "strokeLinecap": "round",\n
Action.c(35):               "strokeMiterlimit": "4",\n
Action.c(35):               "strokeWidth": 64\n
Action.c(35):             }\n
Action.c(35):           ],\n
Action.c(35):           "grid": 32,\n
Action.c(35):           "tags": [\n
Action.c(35):             "Home_GM"\n
Action.c(35):           ]\n
Action.c(35):         },\n
Action.c(35):         {\n
Action.c(35):           "paths": [\n
Action.c(35):             "M227.888 416c55.168 0 99.888 44.736 99.888 99.888 0 55.168-44.72 99.904-99.888 99
Action.c(35):     .904s-99.888-44.736-99.888-99.904c0-55.152 44.72-99.888 99.888-99.888zM527.208 416c55.168 
Action.c(35):     0 99.888 44.736 99.888 99.888 0 55.168-44.72 99.904-99.888 99.904s-99.888-44.736-99.888-99
Action.c(35):     .904c0-55.152 44.72-99.888 99.888-99.888zM826.528 416c55.168 0 99.888 44.736 99.888 99.888
Action.c(35):      0 55.168-44.72 99.904-99.888 99.904s-99.888-44.736-99.888-99.904c0-55.152 44.72-99.888 99
Action.c(35):     .888-99.888z"\n
Action.c(35):           ],\n
Action.c(35):           "attrs": [\n
Action.c(35):             {\n
Action.c(35):               "fill": "none",\n
Action.c(35):               "strokeLinejoin": "round",\n
Action.c(35):               "strokeLinecap": "round",\n
Action.c(35):               "strokeMiterlimit": "4",\n
Action.c(35):               "strokeWidth": 64\n
Action.c(35):             }\n
Action.c(35):           ],\n
Action.c(35):           "grid": 32,\n
Action.c(35):           "tags": [\n
Action.c(35):             "More_GM"\n
Action.c(35):           ]\n
Action.c(35):         },\n
Action.c(35):         {\n
Action.c(35):           "paths": [\n
Action.c(35):             "M512.064 192l104.736 226.032 247.328 29.76-182.608 169.456 48.144 244.432-217.6-1
Action.c(35):     21.312-217.584 121.312 48.128-244.432-182.608-169.456 247.344-29.76z"\n
Action.c(35):           ],\n
Action.c(35):           "attrs": [\n
Action.c(35):             {\n
Action.c(35):               "fill": "none",\n
Action.c(35):               "strokeLinejoin": "miter",\n
Action.c(35):               "strokeLinecap": "square",\n
Action.c(35):               "strokeMiterlimit": "4",\n
Action.c(35):               "strokeWidth": 64\n
Action.c(35):             }\n
Action.c(35):           ],\n
Action.c(35):           "grid": 32,\n
Action.c(35):           "tags": [\n
Action.c(35):             "Rewards_GM"\n
Action.c(35):           ]\n
Action.c(35):         },\n
Action.c(35):         {\n
Action.c(35):           "paths": [\n
Action.c(35):             "M702.101 490.78v-78.198c0-17.673 14.327-32 32-32s32 14.327 32 32v78.198h73.971c17
Action.c(35):     .673 0 32 14.327 32 32s-14.327
Action.c(35): t=7484ms: 6208-byte DECODED response body for "https://stage.peapod.com/shop/images/icons/PeapodIcons.json" (RelFrameId=1, Internal ID=3)
Action.c(35):      32-32 32h-73.971v81.341c0 17.673-14.327 32-32 32s-32-14.327-32-32v-81.341h-85.568c-17.673
Action.c(35):      0-32-14.327-32-32s14.327-32 32-32h85.568zM256 384c-17.673 0-32-14.327-32-32s14.327-32 32-
Action.c(35):     32h355.691c17.673 0 32 14.327 32 32s-14.327 32-32 32h-355.691zM256 554.78c-17.673 0-32-14.
Action.c(35):     327-32-32s14.327-32 32-32h215.042c17.673 0 32 14.327 32 32s-14.327 32-32 32h-215.042zM256 
Action.c(35):     736c-17.673 0-32-14.327-32-32s14.327-32 32-32h355.691c17.673 0 32 14.327 32 32s-14.327 32-
Action.c(35):     32 32h-355.691z"\n
Action.c(35):           ],\n
Action.c(35):           "grid": 32,\n
Action.c(35):           "tags": [\n
Action.c(35):             "icon-list-add"\n
Action.c(35):           ]\n
Action.c(35):         },\n
Action.c(35):         {\n
Action.c(35):           "paths": [\n
Action.c(35):             "M653.595 366.626c-17.673 0-32-14.327-32-32v-147.959h-360.262v668.033h540.221v-488
Action.c(35):     .074h-147.959zM865.555 886.7c0 17.673-14.327 32-32 32h-604.221c-17.673 0-32-14.327-32-32v-
Action.c(35):     732.033c0-17.673 14.327-32 32-32h422.472c8.496-0.539 17.339 2.294 24.418 9.373l179.959 179
Action.c(35):     .959c7.079 7.079 9.911 15.922 9.373 24.418v550.283zM756.3 302.626l-70.704-70.704v70.704h70
Action.c(35):     .704zM377.91 517.71c-17.673 0-32-14.327-32-32s14.327-32 32-32h298.667c17.673 0 32 14.327 3
Action.c(35):     2 32s-14.327 32-32 32h-298.667zM377.91 648.377c-17.673 0-32-14.327-32-32s14.327-32 32-32h2
Action.c(35):     98.667c17.673 0 32 14.327 32 32s-14.327 32-32 32h-298.667zM377.91 779.043c-17.673 0-32-14.
Action.c(35):     327-32-32s14.327-32 32-32h298.667c17.673 0 32 14.327 32 32s-14.327 32-32 32h-298.667z"\n
Action.c(35):           ],\n
Action.c(35):           "grid": 32,\n
Action.c(35):           "tags": [\n
Action.c(35):             "icon-list-nav"\n
Action.c(35):           ]\n
Action.c(35):         },\n
Action.c(35):         {\n
Action.c(35):           "paths": [\n
Action.c(35):             "M512 0c282.857 0 512 229.143 512 512s-229.143 512-512 512c-282.571 0-512-229.143-
Action.c(35):     512-512 0-139.428 56-266 146.286-358.286 92.857-94.857 222.571-153.714 365.714-153.714zM61
Action.c(35):     8.647 353.564v-58.024h-442.627v410.008h74.664c7.193 40.123 41.919 70.603 83.751 70.603s76.
Action.c(35):     557-30.48 83.751-70.603l215.324 0.001c7.194 40.123 41.919 70.602 83.75 70.602s76.557-30.48
Action.c(35):      83.75-70.602h45.743v-209.854l-99.071-142.13h-129.035zM663.025 690.109v-0.002c0-30.505 24.
Action.c(35):     331-55.159 54.235-55.159s54.235 24.654 54.235 55.161c0 30.51-24.328 55.159-54.235 55.159s-
Action.c(35):     54.235-24.649-54.235-55.159zM801.010 674.666c-7.196-40.118-41.921-70.599-83.75-70.599s-76.
Action.c(35):     554 30.481-83.75 70.599h-14.861v-290.22h112.915l84.307 120.949v169.271h-14.861z",\n
Action.c(35):             "M206.903 326.423h380.862v348.243h-169.585c-7.194-40.119-41.915-70.601-83.743-70.6
Action.c(35):     01s-76.555 30.482-83.75 70.601h-43.784v-348.243zM390.324 526.495c-14.741-0.017-25.853-27.4
Action.c(35):     67-24.047-40.556 1.864-14.874 15.736-30.87 26.458-30.87h83.235l-0.066-43.080h-80.501c-19.9
Action.c(35):     04-0.67-35.672 4.064-51.706 20.061-22.315 23.298-26.591 56.553-18.039 84.194 8.154 26.953 
Action.c(35):     33.269 50.252 58.526 52.628l91.248 0.148v-73.437h-42.144v30.913h-42.964z",\n
Action.c(35):             "M334.435 634.95c29.905 0 54.235 24.654 54.235 55.159 0 30.51-24.328 55.159-54.235
Action.c(35):      55.159s-54.235-24.649-54.235-55.159c0-30.505 24.331-55.159 54.235-55.159z"\n
Action.c(35):           ],\n
Action.c(35):           "grid": 32,\n
Action.c(35):           "tags": [\n
Action.c(35):             "delivery-gntc-inverse"\n
Action.c(35):           ],\n
Action.c(35):           "defaultCode": 59648\n
Action.c(35):         },\n
Action.c(35):         {\n
Action.c(35):           "paths": [\n
Action.c(35):             "M512-0c282.857 0 512 229.143 512 512s-229.143 512-512 512c-282.571 0-512-229.143-
Action.c(35):     512-512 0-139.429 56-266 146.286-358.286 92.857-94.857 222.571-153.714 365.714-153.714zM24
Action.c(35):     2.342 271.518l-0.022-0.014-50.8 83.035v4.909c0 37.132 18.56 70.92 48.239 90.544v350.488h54
Action.c(35):     0.411v-350.491c29.676-19.63 48.23-53.415 48.23-90.542v-4.908l-48.227-78.844 0.112-0.069-30
Action.c(35):     .691-49.854h-479.295l-27.242 44.533-0.715 1.213zM264.489 302.064l0.231 0.136 8.221-13.951 
Action.c(35):     16.896-27.617h440.28l17.854 29.002-0.101 0.062 45.526 74.426c-1.593 25.858-16.326 48.672-3
Action.c(35):     8.476 60.36l-0.244 0.127c-0.147 0.077-0.294 0.152-0.44 0.229-9.584 4.918-20.018 7.546-30.7
Action.c(35):     77 7.623-0.163 0.001-0.327 0.002-0.49 0.002-22.65 0-43.511-11.17-56.806-29.842l-14.202-19.
Action.c(35):     946-14.197 19.95c-13.286 18.67-34.146 29.839-56.804 29.839s-43.518-11.169-56.804-29.839l-1
Action.c(35):     4.205-19.96-14.2 19.964c-13.275 18.663-34.14 29.835-56.793 29.835-22.655 0-43.509-11.167-5
Action.c(35):     6.806-29.842l-14.202-19.946-14.197 19.95c-7.038 9.89-16.202 17.676-26.632 22.811-9.257 4.5
Action.c(35):     59-19.512 7.029-30.163 7.029-5.559 0-11.029-0.679-16.341-2.003-5.3-1.32-10.443-3.281-15.36
Action.c(35):     2-5.85l-0.276-0.144c-22.139-11.69-36.863-34.495-38.456-60.345l37.967-62.059zM287.005 466.8
Action.c(35):     4l-0 0.001c3.291 0.32 6.611 0.483 9.952 0.483 26.818 0 51.913-10.36 70.998-28.234 19.089 1
Action.c(35):     7.876 44.18 28.234 71.003 28.234 26.818 0 51.916-10.36 70.998-28.231 19.085 17.873 44.181 
Action.c(35):     28.231 71.003 28.231 26.824 0 51.921-10.359 71.007-28.235 19.089 17.875 44.185 28.235 71.0
Action.c(35):     03 28.235 0.186 0 0.371-0.001 0.557-0.002-0.186 0.001-0.371 0.002-0.557 0.002-26.817 0-51.
Action.c(35):     912-10.359-71.003-28.231-19.087 17.872-44.184 28.231-71.007 28.231-26.821 0-51.917-10.357-
Action.c(35):     71.003-28.227-19.083 17.868-44.182 28.227-70.998 28.227-26.821 0-51.913-10.357-71.003-28.2
Action.c(35):     31-19.086 17.872-44.181 28.231-70.998 28.231-3.341 0-6.661-0.162-9.952-0.483zM723.526 467.
Action.c(35):     322l21.255-2.346c-6.936 1.512-14.047 2.307-21.255 2.346z",\n
Action.c(35):             "M274.617 464.861c7.279 1.626 14.755 2.462 22.34 2.462 26.817 0 51.912-10.359 70.9
Action.c(35):     98-28.231 19.090 17.873 44.182 28.231 71.003 28.231 26.816 0 51.915-10.359 70.998-28.227 1
Action.c(35):     9.086 17.87 44.182 28.227 71.003 28.227 26.823 0 51.92-10.359 71.007-28.231 19.090 17.872 
Action.c(35):     44.186 28.231 71.003 28.231 7.582 0 15.059-0.837 22.34-2.464v300.763h-470.692v-300.761zM49
Action.c(35):     8.226 651.218c-14.121-0.017-24.765-26.412-23.034-38.999 1.786-14.302 15.073-29.684 25.344-
Action.c(35):     29.684h79.731l-0.063-41.426h-77.111c-19.066-0.644-34.17 3.908-49.529 19.29-21.375 22.403-2
Action.c(35):     5.471 54.381-17.28 80.96 7.81 25.918 31.869 48.322 56.062 50.607l87.406 0.142v-70.617h-40.
Action.c(35):     369v29.726h-41.155z"\n
Action.c(35):           ],\n
Action.c(35):           "grid": 32,\n
Action.c(35):           "tags": [\n
Action.c(35):             "in-store-gntc-inverse"\n
Action.c(35):           ]\n
Action.c(35):         },\n
Action.c(35):         {\n
Action.c(35):           "paths": [\n
Action.c(35):             "M512-0c282.572 0 512 229.143 512 512s-229.428 512-512 512c-282.857 0-512-229.143-
Action.c(35):     512-512 0-139.428 55.714-266 146-358.286 93.143-94.857 222.571-153.714 366-153.714zM677.46
Action.c(35):     9 410.321l39.91-132.286c10.625-35.215-9.522-72.276-44.916-82.78l-10.737-3.187c-35.337-10.4
Action.c(35):     96-72.592 9.435-83.195 44.589l-19.884 65.933c-24.617-33.343-64.109-54.407-107.769-54.407-7
Action.c(35):     3.988 0-133.971 59.903-133.971 133.813 0 8.258 0.767 16.422 2.266 24.422l-44.567-27.131v37
Action.c(35):     5.221c0 48.954 39.988 88.592 89.239 88.592h275.588c49.251 0 89.239-39.637 89.239-88.592v-3
Action.c(35):     75.361l-51.202 31.175zM642.179 424.883l3.173-1.937 3.084 5.052-0.571 0.347-5.686-3.462zM54
Action.c(35):     6.275 343.613l-0.176 0.584c-0.934 2.873-0.993 6.317-0.004 9.589 2.612 9.113 3.99 18.544 3.
Action.c(35):     99 28.033 0 12.11
Action.c(35): t=7497ms: 1369-byte ENCODED response body received for "https://stage.peapod.com/shop/images/icons/PeapodIcons.json" (RelFrameId=1, Internal ID=3)
Action.c(35): t=7498ms: 6270-byte DECODED response body for "https://stage.peapod.com/shop/images/icons/PeapodIcons.json" (RelFrameId=1, Internal ID=3)
Action.c(35):     2-2.124 23.919-6.204 35.047l-39.666-24.33-48.402 29.691-48.408-29.691-48.409 29.691-3.676-
Action.c(35):     2.254c-4.836-12.061-7.358-24.861-7.358-37.977 0-56.749 46.070-102.758 102.915-102.758 42.5
Action.c(35):     58 0 79.964 26.062 95.398 64.374zM578.927 342.889l29.336-97.265c5.652-18.737 25.632-29.426
Action.c(35):      44.622-23.785l10.741 3.188c18.944 5.622 29.663 25.34 24.021 44.037l-45.431 150.588-35.901
Action.c(35):     -21.884c-5.368-3.216-11.915-3.216-17.169-0.127l-5.662 3.452c0.904-6.279 1.364-12.656 1.364
Action.c(35):     -19.096 0-12.539-1.815-24.935-5.309-37.047-0.199-0.689-0.403-1.376-0.612-2.060zM330.988 44
Action.c(35):     9.968l24.207 14.736 48.781-29.696 48.775 29.696 48.782-29.696 48.775 29.696 48.782-29.696 
Action.c(35):     48.776 29.697 49.75-30.291v320.094c0 31.741-26.023 57.536-58.183 57.536h-275.588c-32.16 0-
Action.c(35):     58.183-25.795-58.183-57.536v-319.957l25.326 15.418zM484.528 659.659c-14.902-0.017-26.135-2
Action.c(35):     7.15-24.309-40.089 1.885-14.702 15.907-30.514 26.747-30.514h84.144l-0.067-42.583h-81.379c-
Action.c(35):     20.121-0.662-36.062 4.017-52.27 19.829-22.558 23.029-26.881 55.9-18.236 83.222 8.243 26.64
Action.c(35):     3 33.632 49.672 59.164 52.020l92.244 0.146v-72.59h-42.604v30.557h-43.433z"\n
Action.c(35):           ],\n
Action.c(35):           "grid": 32,\n
Action.c(35):           "tags": [\n
Action.c(35):             "pick-up-gntc-inverse"\n
Action.c(35):           ]\n
Action.c(35):         },\n
Action.c(35):         {\n
Action.c(35):           "paths": [\n
Action.c(35):             "M512 0c282.857 0 512 229.143 512 512s-229.143 512-512 512c-282.571 0-512-229.143-
Action.c(35):     512-512 0-139.428 56-266 146.286-358.286 92.857-94.857 222.571-153.714 365.714-153.714zM61
Action.c(35):     8.647 353.564v-58.024h-442.627v410.008h74.664c7.193 40.123 41.919 70.603 83.751 70.603s76.
Action.c(35):     557-30.48 83.751-70.603l215.324 0.001c7.194 40.123 41.919 70.602 83.75 70.602s76.557-30.48
Action.c(35):      83.75-70.602h45.743v-209.854l-99.071-142.13h-129.035zM663.025 690.109v-0.002c0-30.505 24.
Action.c(35):     331-55.159 54.235-55.159s54.235 24.654 54.235 55.161c0 30.51-24.328 55.159-54.235 55.159s-
Action.c(35):     54.235-24.649-54.235-55.159zM801.010 674.666c-7.196-40.118-41.921-70.599-83.75-70.599s-76.
Action.c(35):     554 30.481-83.75 70.599h-14.861v-290.22h112.915l84.307 120.949v169.271h-14.861z",\n
Action.c(35):             "M206.903 326.423h380.862v348.243h-169.585c-7.194-40.119-41.915-70.601-83.743-70.6
Action.c(35):     01s-76.555 30.482-83.75 70.601h-43.784v-348.243zM404.045 519.147c4.575 0.134 8.242-2.195 1
Action.c(35):     0.044-6.192l17.187-51.957-0.010 34.013 0.003 32.945c0.003 15.896 0.003 15.896 0.696 16.53l
Action.c(35):     0.703 0.638 0.806-0.112h6.666c16.453-0.006 18.631-0.007 19.177-0.141 0.775-0.003 1.225-0.0
Action.c(35):     06 1.233-0.010 0.004-0.002 0.008-0.503 0.011-1.436 0.123-0.826 0.125-2.271 0.128-4.993l0.0
Action.c(35):     10-11.897c0.003-9.851 0-23.052-0.010-36.42-0.010-25.409-0.038-54.028-0.069-56.83-0.062-6.0
Action.c(35):     90-2.923-12.657-7.109-16.345-3.609-3.183-9.696-6.972-18.194-6.972-0.985 0-1.99 0.052-2.995
Action.c(35):      0.157-9.37 0.983-11.641 6.254-13.46 10.489-0.202 0.471-0.405 0.941-0.666 1.509-4.158 10.5
Action.c(35):     8-12.626 31.303-16.362 40.419l-18.857-44.156-0.134-0.258c-2.481-4.106-9.219-8.526-18.236-8
Action.c(35):     .526-7.788 0.028-23.125 5.769-23.276 18.939v116.463l29.571 0.021v-2.067c0.014-12.023 0.058
Action.c(35):     -60.515 0.041-83.626 5.4 15.477 14.712 42.026 18.321 52.323l0.25 0.492c1.757 2.538 4.495 5
Action.c(35):     .94 8.159 6.379 2.199 0.671 4.358 0.862 6.369 0.624z",\n
Action.c(35):             "M334.435 634.95c29.905 0 54.235 24.654 54.235 55.159 0 30.51-24.328 55.159-54.235
Action.c(35):      55.159s-54.235-24.649-54.235-55.159c0-30.505 24.331-55.159 54.235-55.159z"\n
Action.c(35):           ],\n
Action.c(35):           "grid": 32,\n
Action.c(35):           "tags": [\n
Action.c(35):             "delivery-mrtn-inverse"\n
Action.c(35):           ]\n
Action.c(35):         },\n
Action.c(35):         {\n
Action.c(35):           "paths": [\n
Action.c(35):             "M512-0c282.857 0 512 229.143 512 512s-229.143 512-512 512c-282.571 0-512-229.143-
Action.c(35):     512-512 0-139.429 56-266 146.286-358.286 92.857-94.857 222.571-153.714 365.714-153.714zM24
Action.c(35):     2.342 271.518l-0.022-0.014-50.8 83.035v4.909c0 37.132 18.56 70.92 48.239 90.544v350.488h54
Action.c(35):     0.411v-350.491c29.676-19.63 48.23-53.415 48.23-90.542v-4.908l-48.227-78.844 0.112-0.069-30
Action.c(35):     .691-49.854h-479.295l-27.242 44.533-0.715 1.213zM264.489 302.064l0.231 0.136 8.221-13.951 
Action.c(35):     16.896-27.617h440.28l17.854 29.002-0.101 0.062 45.526 74.426c-1.593 25.858-16.326 48.672-3
Action.c(35):     8.476 60.36l-0.244 0.127c-0.147 0.077-0.294 0.152-0.44 0.229-9.584 4.918-20.018 7.546-30.7
Action.c(35):     77 7.623-0.163 0.001-0.327 0.002-0.49 0.002-22.65 0-43.511-11.17-56.806-29.842l-14.202-19.
Action.c(35):     946-14.197 19.95c-13.286 18.67-34.146 29.839-56.804 29.839s-43.518-11.169-56.804-29.839l-1
Action.c(35):     4.205-19.96-14.2 19.964c-13.275 18.663-34.14 29.835-56.793 29.835-22.655 0-43.509-11.167-5
Action.c(35):     6.806-29.842l-14.202-19.946-14.197 19.95c-7.038 9.89-16.202 17.676-26.632 22.811-9.257 4.5
Action.c(35):     59-19.512 7.029-30.163 7.029-5.559 0-11.029-0.679-16.341-2.003-5.3-1.32-10.443-3.281-15.36
Action.c(35):     2-5.85l-0.276-0.144c-22.139-11.69-36.863-34.495-38.456-60.345l37.967-62.059zM287.005 466.8
Action.c(35):     4l-0 0.001c3.291 0.32 6.611 0.483 9.952 0.483 26.818 0 51.913-10.36 70.998-28.234 19.089 1
Action.c(35):     7.876 44.18 28.234 71.003 28.234 26.818 0 51.916-10.36 70.998-28.231 19.085 17.873 44.181 
Action.c(35):     28.231 71.003 28.231 26.824 0 51.921-10.359 71.007-28.235 19.089 17.875 44.185 28.235 71.0
Action.c(35):     03 28.235 0.186 0 0.371-0.001 0.557-0.002-0.186 0.001-0.371 0.002-0.557 0.002-26.817 0-51.
Action.c(35):     912-10.359-71.003-28.231-19.087 17.872-44.184 28.231-71.007 28.231-26.821 0-51.917-10.357-
Action.c(35):     71.003-28.227-19.083 17.868-44.182 28.227-70.998 28.227-26.821 0-51.913-10.357-71.003-28.2
Action.c(35):     31-19.086 17.872-44.181 28.231-70.998 28.231-3.341 0-6.661-0.162-9.952-0.483zM723.526 467.
Action.c(35):     322l21.255-2.346c-6.936 1.512-14.047 2.307-21.255 2.346z",\n
Action.c(35):             "M274.617 464.861c7.279 1.626 14.755 2.462 22.34 2.462 26.817 0 51.912-10.359 70.9
Action.c(35):     98-28.231 19.090 17.873 44.182 28.231 71.003 28.231 26.816 0 51.915-10.359 70.998-28.227 1
Action.c(35):     9.086 17.87 44.182 28.227 71.003 28.227 26.823 0 51.92-10.359 71.007-28.231 19.090 17.872 
Action.c(35):     44.186 28.231 71.003 28.231 7.582 0 15.059-0.837 22.34-2.464v300.763h-470.692v-300.761zM51
Action.c(35):     4.343 652.409c5.151 0.151 9.279-2.472 11.309-6.972l19.351-58.5-0.011 38.297 0.004 37.094c0
Action.c(35):     .004 17.897 0.004 17.897 0.784 18.612l0.792 0.718 0.908-0.126h7.506c18.525-0.007 20.977-0.
Action.c(35):     008 21.592-0.159 0.873-0.003 1.379-0.007 1.388-0.012 0.005-0.002 0.008-0.566 0.012-1.617 0
Action.c(35):     .139-0.93 0.14-2.557 0.144-5.622l0.012-13.396c0.004-11.092 0-25.955-0.012-41.007-0.012-28.
Action.c(35):     608-0.042-60.831-0.077-63.987-0.070-6.857-3.291-14.251-8.004-18.404-4.064-3.583-10.917-7.8
Action.c(35):     5-20.486-7.85-1.109 0-2.241 0.059-3.372 0.177-10.55 1.107-13.107 7.041-15.155 11.81-0.228 
Action.c(35):     0.53-0.456 1.060-0.749 1.699-4.682 11.912-14.216 35.245-18.423 45.509l-21.231-49.716-0.151
Action.c(35):     -0.29c-2.793-4.623-10.38-9.6-20.532-9.6-8.769 0.031-26.037 6.496-26.207 21.324v131.129l33.
Action.c(35):     295 0.024v-2.327c0.015-13.537 0.066-68.136 0.046-94.157 6.080 17.426 16.565 47.318 20.629 
Action.c(35):     58.912l0.282 0.553c1.978 2.8
Action.c(35): t=7510ms: 12275-byte ENCODED response body received for "https://stage.peapod.com/shop/images/icons/PeapodIcons.json" (RelFrameId=1, Internal ID=3)
Action.c(35): t=7510ms: 12288-byte DECODED response body for "https://stage.peapod.com/shop/images/icons/PeapodIcons.json" (RelFrameId=1, Internal ID=3)
Action.c(35):     57 5.061 6.688 9.186 7.182 2.476 0.755 4.906 0.971 7.171 0.702z"\n
Action.c(35):           ],\n
Action.c(35):           "grid": 32,\n
Action.c(35):           "tags": [\n
Action.c(35):             "in-store-mrtn-inverse"\n
Action.c(35):           ]\n
Action.c(35):         },\n
Action.c(35):         {\n
Action.c(35):           "paths": [\n
Action.c(35):             "M512 0c282.572 0 512 229.143 512 512s-229.428 512-512 512c-282.857 0-512-229.143-
Action.c(35):     512-512 0-139.428 55.714-266 146-358.286 93.143-94.857 222.571-153.714 366-153.714zM677.46
Action.c(35):     9 410.321l39.91-132.286c10.625-35.215-9.522-72.276-44.916-82.78l-10.737-3.187c-35.337-10.4
Action.c(35):     96-72.592 9.435-83.195 44.589l-19.884 65.933c-24.617-33.343-64.109-54.407-107.769-54.407-7
Action.c(35):     3.988 0-133.971 59.903-133.971 133.813 0 8.258 0.767 16.422 2.266 24.422l-44.567-27.131v37
Action.c(35):     5.221c0 48.954 39.988 88.592 89.239 88.592h275.588c49.251 0 89.239-39.637 89.239-88.592v-3
Action.c(35):     75.361l-51.202 31.175zM642.179 424.883l3.173-1.937 3.084 5.052-0.571 0.347-5.686-3.462zM54
Action.c(35):     6.275 343.613l-0.176 0.584c-0.934 2.873-0.993 6.317-0.004 9.589 2.612 9.113 3.99 18.544 3.
Action.c(35):     99 28.033 0 12.112-2.124 23.919-6.204 35.047l-39.666-24.33-48.402 29.691-48.408-29.691-48.
Action.c(35):     409 29.691-3.676-2.254c-4.836-12.061-7.358-24.861-7.358-37.977 0-56.749 46.070-102.758 102
Action.c(35):     .915-102.758 42.558 0 79.964 26.062 95.398 64.374zM578.927 342.889l29.336-97.265c5.652-18.
Action.c(35):     737 25.632-29.426 44.622-23.785l10.741 3.188c18.944 5.622 29.663 25.34 24.021 44.037l-45.4
Action.c(35):     31 150.588-35.901-21.884c-5.368-3.216-11.915-3.216-17.169-0.127l-5.662 3.452c0.904-6.279 1
Action.c(35):     .364-12.656 1.364-19.096 0-12.539-1.815-24.935-5.309-37.047-0.199-0.689-0.403-1.376-0.612-
Action.c(35):     2.060zM330.988 449.968l24.207 14.736 48.781-29.696 48.775 29.696 48.782-29.696 48.775 29.6
Action.c(35):     96 48.782-29.696 48.776 29.697 49.75-30.291v320.094c0 31.741-26.023 57.536-58.183 57.536h-
Action.c(35):     275.588c-32.16 0-58.183-25.795-58.183-57.536v-319.957l25.326 15.418zM514.343 669.475c5.151
Action.c(35):      0.151 9.279-2.472 11.309-6.972l19.351-58.5-0.011 38.297 0.004 37.094c0.004 17.897 0.004 1
Action.c(35):     7.897 0.784 18.612l0.792 0.718 0.908-0.126h7.506c18.525-0.007 20.977-0.008 21.592-0.159 0.
Action.c(35):     873-0.003 1.379-0.007 1.388-0.012 0.005-0.002 0.008-0.566 0.012-1.617 0.139-0.93 0.14-2.55
Action.c(35):     7 0.144-5.622l0.012-13.396c0.004-11.092 0-25.955-0.012-41.007-0.012-28.608-0.042-60.831-0.
Action.c(35):     077-63.987-0.070-6.857-3.291-14.251-8.004-18.404-4.064-3.583-10.917-7.85-20.486-7.85-1.109
Action.c(35):      0-2.241 0.059-3.372 0.177-10.55 1.107-13.107 7.041-15.155 11.81-0.228 0.53-0.456 1.060-0.
Action.c(35):     749 1.699-4.682 11.912-14.216 35.245-18.423 45.509l-21.231-49.716-0.151-0.29c-2.793-4.623-
Action.c(35):     10.38-9.6-20.532-9.6-8.769 0.031-26.037 6.496-26.207 21.324v131.129l33.295 0.024v-2.327c0.
Action.c(35):     015-13.537 0.066-68.136 0.046-94.157 6.080 17.426 16.565 47.318 20.629 58.912l0.282 0.553c
Action.c(35):     1.978 2.857 5.061 6.688 9.186 7.182 2.476 0.755 4.906 0.971 7.171 0.702z"\n
Action.c(35):           ],\n
Action.c(35):           "grid": 32,\n
Action.c(35):           "tags": [\n
Action.c(35):             "pick-up-mrtn-inverse"\n
Action.c(35):           ]\n
Action.c(35):         },\n
Action.c(35):         {\n
Action.c(35):           "paths": [\n
Action.c(35):             "M512 0c282.857 0 512 229.143 512 512s-229.143 512-512 512c-282.571 0-512-229.143-
Action.c(35):     512-512 0-139.428 56-266 146.286-358.286 92.857-94.857 222.571-153.714 365.714-153.714zM63
Action.c(35):     2.741 574.329h-321.229c-8.727 0-15.802 7.163-15.802 16s7.075 16 15.802 16h321.229v16.034c0
Action.c(35):      8.727 7.075 15.802 15.802 15.802s15.802-7.075 15.802-15.802v-184.85h49.607c34.597 48.599 
Action.c(35):     51.922 82.198 51.922 97.569 0 14.357-2.964 14.202 53.436 30.212v111.874h-22.645v31.605h38.
Action.c(35):     448c8.727 0 15.802-7.075 15.802-15.802v-139.623c0-7.068-4.694-13.277-11.495-15.204-17.565-
Action.c(35):     4.977-30.687-8.951-39.273-11.886-1.337-0.457-2.55-0.884-3.636-1.28-4.542-25.309-25.078-61.
Action.c(35):     996-61.649-112.533-2.972-4.107-7.733-6.538-12.802-6.538h-57.715v-74.022c0-8.727-7.075-15.8
Action.c(35):     02-15.802-15.802h-337.032c-8.727 0-15.802 7.075-15.802 15.802v86.74c0 8.727 7.075 15.802 1
Action.c(35):     5.802 15.802s15.802-7.075 15.802-15.802v-70.937h305.427v226.641zM427.921 485.51c-1.751 0-3
Action.c(35):     .181 1.412-3.181 3.16l0.273 1.283c11.391 23.419 35.427 39.571 63.255 39.571s51.863-16.152 
Action.c(35):     63.255-39.571l0.273-1.283c0-1.748-1.43-3.16-3.181-3.16h-120.693zM443.313 408.458c-0.932-0.
Action.c(35):     946-2.442-0.946-3.374 0l-0.546 0.818c-6.427 18.51-2.233 39.86 12.564 54.649 14.797 14.773 
Action.c(35):     36.198 18.959 54.723 12.543h0.016l0.819-0.529c0.932-0.946 0.932-2.438 0-3.384l-64.203-64.0
Action.c(35):     96zM506.396 391.635l-0.723 0.16c-13.159 6.368-22.236 19.842-22.236 35.449 0 15.591 9.062 2
Action.c(35):     9.065 22.236 35.465l0.723 0.144c0.996 0 1.783-0.802 1.783-1.78v-67.657c0-0.978-0.787-1.78-
Action.c(35):     1.783-1.78zM551.897 431.673v-1.909l-0.466-0.305c-10.492-3.625-22.606-1.267-30.993 7.106-8.
Action.c(35):     371 8.357-10.749 20.451-7.101 30.925l0.305 0.481h1.912l36.343-36.299zM693.899 526.024c-8.7
Action.c(35):     27 0-15.802 7.075-15.802 15.802s7.075 15.802 15.802 15.802h44.531c11.218 0 18.864-11.364 1
Action.c(35):     4.638-21.756l-30.584-75.204c-3.288-8.084-12.507-11.973-20.591-8.685s-11.973 12.507-8.685 2
Action.c(35):     0.591l21.736 53.448h-21.045zM716.392 751.899c33.567 0 60.789-27.177 60.789-60.715s-27.222-
Action.c(35):     60.715-60.789-60.715c-33.567 0-60.789 27.177-60.789 60.715s27.222 60.715 60.789 60.715zM71
Action.c(35):     6.392 720.294c-16.124 0-29.184-13.039-29.184-29.11s13.060-29.11 29.184-29.11c16.124 0 29.1
Action.c(35):     84 13.039 29.184 29.11s-13.060 29.11-29.184 29.11zM423.978 751.899c33.567 0 60.789-27.177 
Action.c(35):     60.789-60.715s-27.222-60.715-60.789-60.715c-33.567 0-60.789 27.177-60.789 60.715s27.222 60
Action.c(35):     .715 60.789 60.715zM423.978 720.294c-16.124 0-29.184-13.039-29.184-29.11s13.060-29.11 29.1
Action.c(35):     84-29.11c16.124 0 29.184 13.039 29.184 29.11s-13.060 29.11-29.184 29.11zM515.55 703.61h100
Action.c(35):     .507c8.727 0 15.802-7.163 15.802-16s-7.075-16-15.802-16h-100.507c-8.727 0-15.802 7.163-15.
Action.c(35):     802 16s7.075 16 15.802 16zM200.651 408.655h71.632c8.727 0 15.802-7.163 15.802-16s-7.075-16
Action.c(35):     -15.802-16h-71.632c-8.727 0-15.802 7.163-15.802 16s7.075 16 15.802 16zM232.784 479.051h137
Action.c(35):     .462c8.727 0 15.802-7.163 15.802-16s-7.075-16-15.802-16h-137.462c-8.727 0-15.802 7.163-15.
Action.c(35):     802 16s7.075 16 15.802 16zM196.634 548.848h75.649c8.727 0 15.802-7.163 15.802-16s-7.075-16
Action.c(35):     -15.802-16h-75.649c-8.727 0-15.802 7.163-15.802 16s7.075 16 15.802 16z"\n
Action.c(35):           ],\n
Action.c(35):           "grid": 32,\n
Action.c(35):           "tags": [\n
Action.c(35):             "delivery-gntl-inverse"\n
Action.c(35):           ]\n
Action.c(35):         },\n
Action.c(35):         {\n
Action.c(35):           "paths": [\n
Action.c(35):             "M512-0c282.857 0 512 229.143 512 512s-229.143 512-512 512c-282.571 0-512-229.143-
Action.c(35):     512-512 0-139.429 56-266 146.286-358.286 92.857-94.857 222.571-153.714 365.714-153.714zM26
Action.c(35):     7.624 757.052h-29.863c-9.426 0-17.067 7.641-17.067 17.067s7.641 17.067 17.067 17.067h563.9
Action.c(35):     82c9.426 0 17.067-7.641 17.067-17.067s-7.641-17.067-17.067-17.067h-29.867v-235.959h-34.133
Action.c(35):     v235.959h-287.95v-235.959h-34.133v235.959h-113.903v-235.963h-34.133v235.963zM573.19 685.66
Action.c(35):     5l103.448-102.463c6.697-6.633 6.748-17.439 0.115-24.136s-17.439-6.748-24.136-0.115l-103.44
Action.c(35):     8 102.463c-6.697 6.633-6.748 17.439-0.115 24.136s17.439 6.748 24.136 0.115zM663.525 702.07
Action.c(35):     2l42.923-42.283c6.715-6.615 6.796-17.42 0.181-24.135s-17.42-6.796-24.135-0.181l-42.923 42.
Action.c(35):     283c-6.715 6.615-6.796 17.42-0.181 24.135s17.42 6.796 24.135 0.181zM363.853 602.919v34.154
Action.c(35):     c0 9.426 7.641 17.067 17.067 17.067s17.067-7.641 17.067-17.067v-34.154c0-9.426-7.641-17.06
Action.c(35):     7-17.067-17.067s-17.067 7.641-17.067 17.067zM695.912 430.569c0-9.426-7.641-17.067-17.067-1
Action.c(35):     7.067s-17.067 7.641-17.067 17.067c0 19.499-16.537 35.656-36.693 35.656-20.017 0-36.163-15.
Action.c(35):     997-36.163-35.656 0-9.426-7.641-17.067-17.067-17.067s-17.067 7.641-17.067 17.067c0 19.651-
Action.c(35):     16.159 35.656-36.163 35.656-19.756 0-35.752-15.615-36.135-34.946 0.002-0.237 0.004-0.473 0
Action.c(35):     .004-0.71 0-8.654-6.441-15.803-14.79-16.915-0.748-0.1-1.512-0.152-2.287-0.152-9.426 0-17.0
Action.c(35):     67 7.641-17.067 17.067 0 0.237 0.001 0.474 0.004 0.71-0.384 19.325-16.394 34.946-36.156 34
Action.c(35):     .946-19.837 0-35.591-15.838-35.591-35.656 0-8.654-6.441-15.803-14.79-16.915-0.748-0.1-1.51
Action.c(35):     2-0.152-2.287-0.152-9.426 0-17.067 7.641-17.067 17.067 0 19.826-15.74 35.656-35.591 35.656
Action.c(35):     -19.998 0-36.142-15.999-36.142-35.656v-41.12l58.926-100.633h43.989l-10.29 43.149c-2.187 9.
Action.c(35):     169 3.473 18.374 12.642 20.56s18.374-3.473 20.56-12.642l12.179-51.067h50.052l-2.918 46.028
Action.c(35):     c-0.596 9.407 6.546 17.516 15.953 18.112s17.516-6.546 18.112-15.953l3.055-48.188h51.974l3.
Action.c(35):     078 48.556c0.596 9.407 8.705 16.549 18.112 15.953s16.549-8.705 15.953-18.112l-2.941-46.397
Action.c(35):     h64.114l12.267 51.439c2.187 9.169 11.392 14.829 20.56 12.642s14.829-11.392 12.642-20.56l-1
Action.c(35):     0.379-43.521h32.688l45.166 78.698h-444.021c-9.426 0-17.067 7.641-17.067 17.067s7.641 17.06
Action.c(35):     7 17.067 17.067h456.564v28.922c0 19.651-16.159 35.656-36.163 35.656-20.156 0-36.693-16.157
Action.c(35):     -36.693-35.656zM678.846 475.893c13.036 14.972 32.36 24.466 53.76 24.466 38.782 0 70.296-31
Action.c(35):     .214 70.296-69.79v-45.749c0-2.981-0.781-5.91-2.265-8.495l-64.894-113.071c-3.043-5.302-8.68
Action.c(35):     9-8.571-14.802-8.571h-401.069c-6.060 0-11.665 3.213-14.728 8.443l-66.209 113.071c-1.532 2.
Action.c(35):     616-2.339 5.592-2.339 8.624v45.749c0 38.577 31.495 69.79 70.275 69.79 21.114 0 39.921-9.25
Action.c(35):     2 52.666-23.924 12.747 14.672 31.554 23.924 52.659 23.924 21.253 0 40.323-9.374 53.22-24.1
Action.c(35):     96 12.892 14.822 31.956 24.196 53.208 24.196 21.256 0 40.329-9.377 53.226-24.203 12.895 14
Action.c(35):     .827 31.968 24.203 53.233 24.203 21.4 0 40.724-9.494 53.76-24.466z"\n
Action.c(35):           ],\n
Action.c(35):           "grid": 32,\n
Action.c(35):           "tags": [\n
Action.c(35):             "in-store-gntl-inverse"\n
Action.c(35):           ]\n
Action.c(35):         },\n
Action.c(35):         {\n
Action.c(35):           "paths": [\n
Action.c(35):             "M512-0c282.572 0 512 229.143 512 512s-229.428 512-512 512c-282.857 0-512-229.143-
Action.c(35):     512-512 0-139.428 55.714-266 146-358.286 93.143-94.857 222.571-153.714 366-153.714zM582.78
Action.c(35):     9 281.188c-18.614 10.429-31.196 30.344-31.196 53.198v30.078h34.133v-30.078c0-14.803 12-26.
Action.c(35):     803 26.803-26.803s26.803 12 26.803 26.803v30.078h34.133v-30.078c0-32.177-24.94-58.53-56.54
Action.c(35):     4-60.781v-60.523h-198.413v56.134h34.133v-22.001h130.146v33.972zM329.646 723.022v-291.554l1
Action.c(35):     6.336 16.2 33.403-33.125 33.403 33.125 33.403-33.125 33.403 33.125 33.403-33.125 33.403 33
Action.c(35):     .125 33.403-33.125 32.062 31.795 32.062-31.795 32.062 31.795 14.995-14.87v291.554h-361.339
Action.c(35):     zM690.985 757.155v39.162h-361.339v-39.162h361.339zM444.070 609.215c11.454 23.385 35.709 39
Action.c(35):     .421 62.66 39.087 27.961 0 51.88-15.701 63.334-39.087 0.337-0.334 0.337-1.002 0.337-1.336 
Action.c(35):     0-1.67-1.348-3.007-3.032-3.007h-120.603c-1.684 0-3.032 1.336-3.032 3.007 0 0.668 0 1.002 0
Action.c(35):     .337 1.336zM458.556 529.372c-6.401 18.374-2.358 39.421 12.801 54.454 14.823 14.699 36.046 
Action.c(35):     18.708 54.575 12.361 0-0.334 0.337-0.334 0.674-0.668 1.011-1.002 1.011-2.339 0-3.341l-64.0
Action.c(35):     07-63.474c-1.011-1.002-2.358-1.002-3.369 0-0.337 0-0.674 0.334-0.674 0.668zM524.922 512c-1
Action.c(35):     3.138 6.347-22.234 19.71-22.234 35.412 0 15.367 9.096 28.73 22.234 35.078 0.337 0 0.337 0 
Action.c(35):     0.674 0 1.011 0 1.684-0.668 1.684-1.67v-67.149c0-1.002-0.674-1.67-1.684-1.67-0.337 0-0.337
Action.c(35):      0-0.674 0zM570.401 549.416c-10.443-3.675-22.571-1.336-31.33 7.35-8.422 8.352-10.78 20.378
Action.c(35):     -7.075 30.735 0 0 0.337 0.334 0.337 0.334 0.674 0.668 1.348 0.668 2.021 0l36.383-36.080c0.
Action.c(35):     674-0.668 0.674-1.336 0-2.004 0-0.334-0.337-0.334-0.337-0.334zM725.118 349.548l-49.129 48.
Action.c(35):     719-32.062-31.795-32.062 31.795-32.062-31.795-33.403 33.125-33.403-33.125-33.403 33.125-33
Action.c(35):     .403-33.125-33.403 33.125-33.403-33.125-33.403 33.125-50.47-50.049v480.903h429.606v-480.90
Action.c(35):     3zM502.241 321.728v42.736h34.133v-76.87h-196.764v76.87h34.133v-42.736h128.498z"\n
Action.c(35):           ],\n
Action.c(35):           "grid": 32,\n
Action.c(35):           "tags": [\n
Action.c(35):             "pick-up-gntl-inverse"\n
Action.c(35):           ]\n
Action.c(35):         },\n
Action.c(35):         {\n
Action.c(35):           "paths": [\n
Action.c(35):             "M0 512c0-282.77 229.23-512 512-512s512 229.23 512 512c0 282.77-229.23 512-512 512
Action.c(35):     s-512-229.23-512-512zM173.949 472.85c-9.084 0-16.41 7.324-16.41 16.406s7.619 16.406 16.703
Action.c(35):      16.406c9.084-0.293 16.117-7.617 16.117-16.699s-7.619-16.406-16.41-16.113zM157.885 541.768
Action.c(35):     c0 9.082 7.324 16.406 16.406 16.406 9.082-0.293 16.406-7.617 16.406-16.699-0.293-9.082-7.6
Action.c(35):     17-16.406-16.699-16.113-9.082 0-16.406 7.324-16.113 16.406zM862.205 521.449c-0.288-0.575-0
Action.c(35):     .288-0.575-0.288-0.575-51.238-91.65-51.238-91.65-51.238-91.65-5.181-11.492-16.408-18.675-2
Action.c(35):     9.073-18.675-104.203 0-104.203 0-104.203 0 0-52.289 0-52.289 0-52.289 0-31.029-25.331-56.3
Action.c(35):     12-56.419-56.312-407.026 0-407.026 0-407.026 0-31.088 0-56.419 25.283-56.419 56.312 0 88.4
Action.c(35):     9 0 88.49 0 88.49 0 8.906 7.196 16.089 16.12 16.089s16.12-7.183 16.12-16.089c0-88.49 0-88.
Action.c(35):     49 0-88.49 0-13.216 10.938-24.134 24.18-24.134 407.026 0 407.026 0 407.026 0 13.241 0 24.1
Action.c(35):     8 10.918 24.18 24.134 0 83.893 0 83.893 0 83.893 0 211.743 0 211.743 0 211.743 0 13.216-10
Action.c(35):     .939 24.134-24.18 24.134-266.841 0-266.841 0-266.841 0-8.636-32.465-38.572-56.312-73.691-5
Action.c(35):     6.312-34.83 0-64.479 23.272-73.691 55.162-9.787-3.16-16.983-12.354-16.983-22.984 0-66.367 
Action.c(35):     0-66.367 0-66.367 0-8.906-7.196-16.089-16.12-16.089s-16.12 7.183-16.12 16.089c0 66.367 0 6
Action.c(35):     6.367 0 66.367 0 27.869 20.438 51.14 47.208 55.45 5.469 36.775 37.421 65.218 75.706 65.218
Action.c(35):      37.997 0 69.661-27.868 75.706-64.356 264.826 0 264.826 0 264.826 0 11.514 0 22.453-3.735 
Action.c(35):     31.664-9.768 5.181 6.321 13.241 10.63 21.877 11.205 6.621 35.626 37.709 62.92 75.418 62.92
Action.c(35):      37.421 0 68.797-27.294 75
Action.c(35): t=7540ms: 12288-byte DECODED response body for "https://stage.peapod.com/shop/images/icons/PeapodIcons.json" (RelFrameId=1, Internal ID=3)
Action.c(35):     .418-62.92 35.406 0 35.406 0 35.406 0 17.559 0 31.952-14.078 31.952-31.604 0-126.701 0-126
Action.c(35):     .701 0-126.701 0-17.238-13.529-31.029-30.513-31.891zM280.452 742.386c-24.468 0-44.33-19.82
Action.c(35):     4-44.33-44.245s19.862-44.245 44.33-44.245c24.468 0 44.329 19.824 44.329 44.245s-19.862 44.
Action.c(35):     245-44.329 44.245zM677.403 488.984c65.919 0 65.919 0 65.919 0 1.151 0 2.303 0.575 2.879 1.
Action.c(35):     724 13.529 32.178 13.529 32.178 13.529 32.178 0.576 1.149 0.288 2.298 0 2.873-0.576 0.575-
Action.c(35):     1.439 1.437-2.879 1.437-79.448 0-79.448 0-79.448 0v-38.211zM749.942 742.386c-24.468 0-44.3
Action.c(35):     29-19.824-44.329-44.245s19.862-44.245 44.329-44.245c24.468 0 44.33 19.824 44.33 44.245s-19
Action.c(35):     .862 44.245-44.33 44.245zM860.478 679.466c-36.27 0-36.27 0-36.27 0-8.348-33.040-38.573-57.
Action.c(35):     748-74.266-57.748-33.679 0-62.464 21.835-72.539 52.002 0-19.824 0-19.824 0-19.824 0-94.523
Action.c(35):      0-94.523 0-94.523 79.448 0 79.448 0 79.448 0 12.090 0 23.028-6.033 29.649-15.802 6.621-10
Action.c(35):     .056 7.772-22.41 2.879-33.615-13.529-31.891-13.529-31.891-13.529-31.891-5.757-12.929-18.42
Action.c(35):     3-21.261-32.527-21.261-65.919 0-65.919 0-65.919 0 0-14.078 0-14.078 0-14.078 103.915 0 103
Action.c(35):     .915 0 103.915 0 0.288 0.575 0.288 0.575 0.288 0.575 51.238 91.65 51.238 91.65 51.238 91.6
Action.c(35):     5 5.181 10.918 15.544 18.1 27.634 18.675v125.839zM575.791 456.806c0-36.775-29.937-66.367-6
Action.c(35):     6.494-66.367-36.845 0-66.494 29.592-66.494 66.367 0 36.488 29.649 66.367 66.494 66.367 36.
Action.c(35):     557 0 66.494-29.88 66.494-66.367zM475.042 456.806c0-18.962 15.256-34.189 34.255-34.189 18.
Action.c(35):     71 0 34.255 15.227 34.255 34.189 0 18.675-15.544 34.189-34.255 34.189-18.998 0-34.255-15.5
Action.c(35):     14-34.255-34.189z"\n
Action.c(35):           ],\n
Action.c(35):           "grid": 32,\n
Action.c(35):           "tags": [\n
Action.c(35):             "delivery-stsh-inverse"\n
Action.c(35):           ]\n
Action.c(35):         },\n
Action.c(35):         {\n
Action.c(35):           "paths": [\n
Action.c(35):             "M0 512c0-282.77 229.23-512 512-512s512 229.23 512 512c0 282.77-229.23 512-512 512
Action.c(35):     s-512-229.23-512-512zM226.462 614.4c-7.267 0-13.128 6.095-13.128 13.363 0 7.033 6.095 12.8
Action.c(35):     94 13.363 12.894s12.894-6.095 12.894-13.363c0-7.033-5.861-12.894-13.128-12.894zM213.34 667
Action.c(35):     .161c0 7.040 5.809 12.907 13.012 12.907s13.012-6.101 13.012-13.376c-0.232-7.040-6.041-12.9
Action.c(35):     07-13.244-12.907s-13.012 6.101-12.78 13.376zM881.504 420.821c-116.266-113.479-116.266-113.
Action.c(35):     479-116.266-113.479 0-73.305 0-73.305 0-73.305 0-8.087-6.532-14.609-14.631-14.609-468.982 
Action.c(35):     0-468.982 0-468.982 0-8.099 0-14.631 6.522-14.631 14.609 0 76.174 0 76.174 0 76.174-109.99
Action.c(35):     5 109.827-109.995 109.827-109.995 109.827-6.271 1.565-10.712 7.304-10.712 14.087 0 54.783 
Action.c(35):     0 54.783 0 54.783 0 7.826 6.532 14.609 14.631 14.609 53.038 0 53.038 0 53.038 0 0 76.957 0
Action.c(35):      76.957 0 76.957 0 8.087 6.532 14.609 14.631 14.609s14.631-6.522 14.631-14.609c0-76.957 0-
Action.c(35):     76.957 0-76.957 551.283 0 551.283 0 551.283 0 0 272.089 0 272.089 0 272.089-363.951 0-363.
Action.c(35):     951 0-363.951 0 0-237.393 0-237.393 0-237.393 0-8.087-6.532-14.609-14.631-14.609-131.681 0
Action.c(35):     -131.681 0-131.681 0-8.099 0-14.631 6.522-14.631 14.609 0 237.393 0 237.393 0 237.393-26.3
Action.c(35):     88 0-26.388 0-26.388 0 0-65.479 0-65.479 0-65.479 0-8.087-6.532-14.609-14.631-14.609s-14.6
Action.c(35):     31 6.522-14.631 14.609c0 80.088 0 80.088 0 80.088 0 7.826 6.532 14.609 14.631 14.609 580.5
Action.c(35):     45 0 580.545 0 580.545 0 8.099 0 14.631-6.783 14.631-14.609 0-286.698 0-286.698 0-286.698 
Action.c(35):     46.768 0 46.768 0 46.768 0 7.838 0 14.631-6.783 14.631-14.609 0-52.696 0-52.696 0-52.696 1
Action.c(35):     .829-5.217 0.523-11.478-3.658-15.391zM298.868 552.822c102.418 0 102.418 0 102.418 0 0 219.
Action.c(35):     915 0 219.915 0 219.915-102.418 0-102.418 0-102.418 0v-219.915zM735.975 248.646c0 52.957 0
Action.c(35):      52.957 0 52.957-439.72 0-439.72 0-439.72 0 0-52.957 0-52.957 0-52.957h439.72zM287.634 330
Action.c(35):     .821c459.577 0 459.577 0 459.577 0s0.261 0 0.261 0c88.049 85.827 88.049 85.827 88.049 85.8
Action.c(35):     27-633.845 0-633.845 0-633.845 0l85.958-85.827zM855.899 474.3c-680.351 0-680.351 0-680.351
Action.c(35):      0 0-25.565 0-25.565 0-25.565 680.351 0 680.351 0 680.351 0v25.565zM756.094 722.65c8.099 0
Action.c(35):      14.631-6.783 14.631-14.609 0-161.74 0-161.74 0-161.74 0-8.087-6.532-14.609-14.631-14.609-
Action.c(35):     281.651 0-281.651 0-281.651 0-8.099 0-14.631 6.522-14.631 14.609 0 161.74 0 161.74 0 161.7
Action.c(35):     4 0 7.826 6.532 14.609 14.631 14.609h281.651zM489.074 560.909c252.388 0 252.388 0 252.388 
Action.c(35):     0 0 132.523 0 132.523 0 132.523-252.388 0-252.388 0-252.388 0v-132.523z"\n
Action.c(35):           ],\n
Action.c(35):           "grid": 32,\n
Action.c(35):           "tags": [\n
Action.c(35):             "in-store-stsh-inverse"\n
Action.c(35):           ]\n
Action.c(35):         },\n
Action.c(35):         {\n
Action.c(35):           "paths": [\n
Action.c(35):             "M0 512c0-282.77 229.23-512 512-512s512 229.23 512 512c0 282.77-229.23 512-512 512
Action.c(35):     s-512-229.23-512-512zM598.11 454.179c-35.551-145.347-35.551-145.347-35.551-145.347-8.451-3
Action.c(35):     4.838-40.214-59.395-76.93-59.395-208.645 0-208.645 0-208.645 0-36.717 0-68.48 24.558-76.93
Action.c(35):      59.395-35.842 146.775-35.842 146.775-35.842 146.775-19.815 14.278-32.929 37.122-32.929 62
Action.c(35):     .822 0 96.518 0 96.518 0 96.518 0 32.268 20.398 60.252 49.247 71.674-0.874 4.569-1.457 9.4
Action.c(35):     23-1.457 14.278 0 33.41 27.683 60.538 61.777 60.538s61.777-27.128 61.777-60.538c0-2.856-0.
Action.c(35):     291-5.711-0.583-8.281 160.563 0 160.563 0 160.563 0-0.291 2.57-0.583 5.425-0.583 8.281 0 3
Action.c(35):     3.41 27.683 60.538 61.777 60.538s61.777-27.128 61.777-60.538c0-4.854-0.583-9.423-1.748-14.
Action.c(35):     278 29.14-11.422 49.538-39.407 49.538-71.674 0-96.518 0-96.518 0-96.518 0-26.842-13.987-50
Action.c(35):     .543-35.26-64.25zM531.087 316.256c30.306 125.073 30.306 125.073 30.306 125.073-2.331-0.286
Action.c(35):     -4.954-0.571-7.285-0.571-157.358 0-157.358 0-157.358 0 0-159.34 0-159.34 0-159.34 88.878 0
Action.c(35):      88.878 0 88.878 0 21.564 0 40.214 14.278 45.459 34.838zM231.816 316.256c4.954-20.56 23.60
Action.c(35):     4-34.838 45.167-34.838 87.13 0 87.13 0 87.13 0 0 159.34 0 159.34 0 159.34-153.569 0-153.56
Action.c(35):     9 0-153.569 0-3.206 0-6.411 0.286-9.325 0.571l30.597-125.073zM269.99 700.898c0 15.706-13.1
Action.c(35):     13 28.556-29.14 28.556-16.318 0-29.14-12.85-29.14-28.556 0-2.856 0.291-5.711 1.166-8.281 5
Action.c(35):     5.949 0 55.949 0 55.949 0 0.583 2.57 1.166 5.425 1.166 8.281zM523.802 729.454c-16.027 0-29
Action.c(35):     .14-12.85-29.14-28.556 0-2.856 0.291-5.711 1.166-8.281 55.949 0 55.949 0 55.949 0 0.874 2.
Action.c(35):     57 1.166 5.425 1.166 8.281 0 15.706-13.113 28.556-29.14 28.556zM600.732 614.946c0 25.129-2
Action.c(35):     0.981 45.689-46.625 45.689-274.793 0-274.793 0-274.793 0-68.771 0-68.771 0-68.771 0-25.644
Action.c(35):      0-46.625-20.56-46.625-45.689 0-96.518 0-96.518 0-96.518 0-25.129 20.981-45.689 46.625-45.
Action.c(35):     689 343.564 0 343.564 0 343.564 0 25.644 0 46.625 20.56 46.625 45.689v96.518zM573.34 573.5
Action.c(35):     41c0-8.852-7.285-15.991-16.319-15.991s-16.318 7.139-16.318 15.991c0 9.138-7.577 16.562-16.
Action.c(35):     901 16.562s-16.901-7.424-16.901-16.562c0-8.852-7.285-15.991-16.319-15.991s-16.318 7.139-16
Action.c(35):     .318 15.991c0 26.842 22.147 48.544 49.538 48.544s49.538-21.702 49.538-48.544zM447.163 546.
Action.c(35):     413c0-8.852-7.285-15.991-16.318-15.991 0 0 0 0-97.037 0-9.034 0-16.318 7.139-16.318 15.991
Action.c(35):     s7.285 15.991 16.318 15.991c0 0 0 0 97.037 0 9.033 0 16.318-7.139 16.318-15.991zM447.163 6
Action.c(35):     02.382c0-8.852-7.285-15.991-16.318-15.991 0 0 0 0-97.037 0-9.034 0-16.318 7.139-16.318 15.
Action.c(35):     991s7.285 15.991 16.318 15.991c0 0 0 0 97.037 0 9.033 0 16.318-7.139 16.318-15.991zM290.38
Action.c(35):     8 573.541c0-8.852-7.285-15.991-16.318-15.991s-16.319 7.139-16.319 15.991c0 9.138-7.576 16.
Action.c(35):     562-16.901 16.562s-16.901-7.424-16.901-16.562c0-8.852-7.285-15.991-16.318-15.991s-16.319 7
Action.c(35):     .139-16.319 15.991c0 26.842 22.147 48.544 49.538 48.544 27.101 0 49.538-21.702 49.538-48.5
Action.c(35):     44zM878.439 491.586c0.583-3.427 0.874-6.853 0.874-10.28 0-34.838-28.849-63.108-64.4-63.108
Action.c(35):     -13.696 0-26.226 3.998-36.717 11.137-1.457-8.567-1.457-8.567-1.457-8.567-2.331-14.563-10.1
Action.c(35):     99-27.699-22.438-36.551s-27.101-12.279-42.254-9.994c-30.889 4.569-52.453 32.839-47.499 63.
Action.c(35):     393 8.451 55.112 8.451 55.112 8.451 55.112-5.537 2.57-9.325 7.996-9.325 14.278 0 169.905 0
Action.c(35):      169.905 0 169.905 0 46.545 38.757 84.524 86.547 84.524 55.949 0 55.949 0 55.949 0 41.088 
Action.c(35):     0 76.639-28.555 84.798-68.248 1.748-8.567-4.080-17.133-13.113-18.847-8.742-1.713-17.193 3.
Action.c(35):     998-18.941 12.85-4.954 24.558-27.1 42.262-52.744 42.262-55.949 0-55.949 0-55.949 0-29.723 
Action.c(35):     0-53.91-23.701-53.91-52.542 0-153.914 0-153.914 0-153.914 77.513 0 77.513 0 77.513 0 81.30
Action.c(35):     1 0 81.301 0 81.301 0 0.291 0 0.291 0 0.291 0 2.914 0 2.914 0 2.914 0 0.291 23.415 0.291 2
Action.c(35):     3.415 0.291 23.415 0 8.852 7.285 15.991 16.318 15.991 9.034-0.286 16.319-7.425 16.319-16.2
Action.c(35):     77-0.291-39.121-0.291-39.121-0.291-39.121 0-7.424-5.245-13.707-12.53-15.42zM814.913 450.18
Action.c(35):     1c17.484 0 31.763 13.992 31.763 31.126 0 3.427-0.583 6.568-1.457 9.709-57.406 0-57.406 0-5
Action.c(35):     7.406 0-3.205-19.703-3.205-19.703-3.205-19.703 4.371-12.564 16.319-21.131 30.306-21.131zM7
Action.c(35):     17.002 405.634c6.411-0.857 12.822 0.571 18.067 4.283 5.245 3.998 8.451 9.423 9.616 15.705 
Action.c(35):     7.285 47.402 7.285 47.402 7.285 47.402 2.914 17.99 2.914 17.99 2.914 17.99-49.247 0-49.247
Action.c(35):      0-49.247 0-9.034-58.253-9.034-58.253-9.034-58.253-2.040-12.85 7.285-25.129 20.398-27.128z
Action.c(35):     M853.333 590.769c0 7.25 5.878 13.128 13.128 13.128s13.128-5.878 13.128-13.128c0-7.25-5.878
Action.c(35):     -13.128-13.128-13.128s-13.128 5.878-13.128 13.128zM853.333 643.282c0 7.25 5.878 13.128 13.
Action.c(35):     128 13.128s13.128-5.878 13.128-13.128c0-7.25-5.878-13.128-13.128-13.128s-13.128 5.878-13.1
Action.c(35):     28 13.128z"\n
Action.c(35):           ],\n
Action.c(35):           "grid": 32,\n
Action.c(35):           "tags": [\n
Action.c(35):             "pick-up-stsh-inverse"\n
Action.c(35):           ]\n
Action.c(35):         },\n
Action.c(35):         {\n
Action.c(35):           "paths": [\n
Action.c(35):             "M480.539 899.822h88.928c41.465 0 75.104-33.639 75.104-75.104v-112.432h-239.136v11
Action.c(35):     2.432c0 41.469 33.627 75.104 75.104 75.104zM580.571 776.286v48.432c0 6.119-4.985 11.104-11
Action.c(35):     .104 11.104h-88.928c-6.128 0-11.104-4.978-11.104-11.104v-48.432h111.136z",\n
Action.c(35):             "M580.571 776.283h63.648l0.352-25.896v-38.104h-177.58c-6.102-44.586-23.753-86.445-
Action.c(35):     51.133-121.991l-2.141-2.502c-26.239-27.646-40.89-64.499-40.89-104.579 0-84.055 68.121-152.
Action.c(35):     176 152.176-152.176 84.045 0 152.176 68.127 152.176 152.176 0 40.080-14.652 76.933-40.89 1
Action.c(35):     04.579l-2.136 2.495c-33.768 43.816-52.733 97.244-53.499 153.563l31.997 0.435v-32h-32.080v6
Action.c(35):     4zM644.648 744.718c0.569-41.832 14.451-81.431 39.277-114.161 36.781-39.409 57.254-91.51 57
Action.c(35):     .254-147.346 0-119.396-96.786-216.176-216.176-216.176-119.401 0-216.176 96.775-216.176 216
Action.c(35):     .176 0 55.834 20.472 107.934 57.251 147.342 24.824 32.748 38.712 72.35 39.28 114.164l0.429
Action.c(35):      31.565h238.784v-25.896l0.077-5.669z",\n
Action.c(35):             "M493 128v67.894h64v-67.894z",\n
Action.c(35):             "M192 495.337h48v-64h-48z",\n
Action.c(35):             "M810.008 495.337h48v-64h-48z",\n
Action.c(35):             "M246.755 246.667l42.704 51.84 49.398-40.692-42.704-51.84z",\n
Action.c(35):             "M753.84 205.975l-42.704 51.84 49.398 40.692 42.704-51.84z"\n
Action.c(35):           ],\n
Action.c(35):           "grid": 32,\n
Action.c(35):           "tags": [\n
Action.c(35):             "Order-Genius_GM"\n
Action.c(35):           ]\n
Action.c(35):         },\n
Action.c(35):         {\n
Action.c(35):           "paths": [\n
Action.c(35):             "M490.365 428.746l-320.149 320.147c-13.59 13.59-13.59 35.536-0.16 49.158l73.81 73.
Action.c(35):     796c13.614 13.614 35.7 13.614 49.316-0.002l320.164-320.149c48.31 8.564 98.404-6.421 134.07
Action.c(35):     0-42.070l147.913-147.932-45.258-45.252-147.906 147.925c-23.201 23.19-56.93 31.265-87.872 2
Action.c(35):     1.877-12.076-3.762-25.519-0.486-34.671 8.666l-311.102 311.087-32.453-32.446 311.098-311.09
Action.c(35):     8c9.156-9.357 12.378-22.576 8.64-34.771-9.363-30.845-1.285-64.584 21.904-87.773l147.907-14
Action.c(35):     7.907-45.255-45.255-147.907 147.907c-35.698 35.698-50.679 85.889-42.091 134.093zM601.242 5
Action.c(35):     48.591c-1.932-0.195-3.86-0.585-5.755-1.175 2.121 0.644 4.25 1.24 6.385 1.789l-0.63-0.614z"
Action.c(35):     ,\n
Action.c(35):             "M640.173 447.146l172.33-172.308-45.252-45.258-172.33 172.308z",\n
Action.c(35):             "M483.504 526.114l45.255-45.255-298.776-298.776-22.627 22.63c-18.94 18.942-32.236 
Action.c(35):     39.416-39.84 61.206-24.423 69.993 9.843 139.298 78.045 204.945 17.672 17.010 36.494 32.558
Action.c(35):      55.317 46.396 11.365 8.355 20.332 14.364 25.736 17.722 2.447 1.702 9.002 6.26 17.76 12.50
Action.c(35):     2 14.638 10.434 29.942 21.69 45.126 33.321l25.403 19.46 38.919-50.806-25.403-19.46c-15.812
Action.c(35):     -12.112-31.696-23.795-46.898-34.631-9.146-6.519-16.067-11.332-19.999-14.011-5.194-3.261-12
Action.c(35):     .798-8.357-22.738-15.664-16.685-12.266-33.373-26.051-48.842-40.941-52.017-50.069-75.807-98
Action.c(35):     .184-62.001-137.749 1.327-3.803 3.004-7.603 5.050-11.402l250.512 250.512z",\n
Action.c(35):             "M715.501 804.814l-222.896-222.896-45.255 45.255 268.151 268.151 113.862-113.862-2
Action.c(35):     68.134-268.152-45.271 45.239 222.897 222.911z"\n
Action.c(35):           ],\n
Action.c(35):           "grid": 32,\n
Action.c(35):           "tags": [\n
Action.c(35):             "Recipes_GM"\n
Action.c(35):           ]\n
Action.c(35):         },\n
Action.c(35):         {\n
Action.c(35):           "paths": [\n
Action.c(35):             "M699.151 822.031h-30.154v-592.882c0-24.633-19.961-45.018-45.018-45.018h-304.51c-2
Action.c(35):     4.633 0-45.018 19.961-45.018 45.018v529.601h-29.729v-529.601c0-41.196 33.551-74.747 74.747
Action.c(35):     -74.747h304.51c41.196 0 74.747 33.551 74.747 74.747v592.882h0.425z",\n
Action.c(35):             "M601.046 412.195h-258.218c-8.069 0-14.865-6.795-14.865-14.865v-148.645c0-3.822 1.
Action.c(35):     699-7.645 4.247-10.618 2.973-2.973 6.795-4.247 10.618-4.247h258.218c8.069 0 14.865 6.795 1
Action.c(35):     4.865 14.865v148.645c0 8.069-6.795 14.865-14.865 14.865zM357.692 382.042h228.489v-118.491h
Action.c(35):     -228.489v118.491z",\n
Action.c(35):             "M457.072 297.951h30.154v50.115h-30.154z",\n
Action.c(35):             "M394.641 297.951h30.154v50.115h-30
Action.c(35): t=7570ms: 12288-byte DECODED response body for "https://stage.peapod.com/shop/images/icons/PeapodIcons.json" (RelFrameId=1, Internal ID=3)
Action.c(35):     .154v-50.115z",\n
Action.c(35):             "M519.078 297.951h30.154v50.115h-30.154z",\n
Action.c(35):             "M811.272 737.941h-14.44c-28.030 0-50.964-22.934-50.964-50.964v-259.067c0-11.467-9
Action.c(35):     .343-20.81-20.81-20.81h-41.196v-30.154h41.196c28.030 0 50.964 22.934 50.964 50.964v259.492
Action.c(35):     c0 11.467 9.343 20.81 21.235 20.81h14.44c11.467 0 20.81-9.343 20.81-20.81v-431.496c0-21.23
Action.c(35):     5-13.166-47.566-28.88-56.91l-86.214-56.91 16.563-25.057 85.365 56.485c27.606 16.563 42.47 
Action.c(35):     54.786 42.47 82.392v431.071c0.425 28.455-22.509 50.964-50.539 50.964z",\n
Action.c(35):             "M843.125 379.493c-2.973 0-5.946-0.849-8.919-2.973l-58.184-42.045c-3.822-2.973-6.3
Action.c(35):     71-7.22-6.371-12.316v-81.542c0-8.069 6.795-14.865 14.865-14.865s14.865 6.795 14.865 14.865
Action.c(35):     v74.323l52.238 37.374c6.795 4.672 8.069 14.015 3.398 20.81-2.973 4.247-7.645 6.371-11.892 
Action.c(35):     6.371z",\n
Action.c(35):             "M739.073 910.369h-30.154v-67.103h-473.966v67.103h-30.154v-81.967c0-8.069 6.795-14
Action.c(35):     .865 14.865-14.865h504.119c8.069 0 14.865 6.795 14.865 14.865v81.967h0.425z",\n
Action.c(35):             "M388.271 590.57c-0.425-0.425-0.425-0.849-0.425-1.699 0-2.124 1.699-3.822 3.822-3.
Action.c(35):     822v0h152.043c2.124 0 3.822 1.699 3.822 3.822 0 0.425 0 1.274-0.425 1.699v0c-14.44 29.729-
Action.c(35):     44.594 49.69-79.844 49.69-34.401 0.425-64.554-19.961-78.994-49.69z",\n
Action.c(35):             "M406.533 489.066c0-0.425 0.425-0.849 0.849-0.849 1.274-1.274 2.973-1.274 4.247 0v
Action.c(35):     0l80.693 80.693c1.274 1.274 1.274 2.973 0 4.247-0.425 0.425-0.849 0.425-0.849 0.849v0c-23.
Action.c(35):     359 8.069-50.115 2.973-68.801-15.714-19.112-19.112-24.208-45.868-16.139-69.226z",\n
Action.c(35):             "M489.774 466.982c0.425 0 0.425 0 0.849 0 1.274 0 2.124 0.849 2.124 2.124v0 85.365
Action.c(35):     c0 1.274-0.849 2.124-2.124 2.124-0.425 0-0.425 0-0.849 0v0c-16.563-8.069-28.030-25.057-28.
Action.c(35):     030-44.594 0-19.961 11.467-36.949 28.030-45.018z",\n
Action.c(35):             "M547.533 514.548c0 0 0.425 0 0.425 0.425 0.849 0.849 0.849 1.699 0 2.548v0l-45.86
Action.c(35):     8 45.443c-0.849 0.849-1.699 0.849-2.548 0 0 0-0.425-0.425-0.425-0.425v0c-4.672-13.166-1.69
Action.c(35):     9-28.455 8.919-39.072 11.042-10.618 26.331-13.59 39.497-8.919z"\n
Action.c(35):           ],\n
Action.c(35):           "attrs": [\n
Action.c(35):             {\n
Action.c(35):               "fill": "rgb(113, 33, 119)"\n
Action.c(35):             },\n
Action.c(35):             {\n
Action.c(35):               "fill": "rgb(113, 33, 119)"\n
Action.c(35):             },\n
Action.c(35):             {\n
Action.c(35):               "fill": "rgb(113, 33, 119)"\n
Action.c(35):             },\n
Action.c(35):             {\n
Action.c(35):               "fill": "rgb(113, 33, 119)"\n
Action.c(35):             },\n
Action.c(35):             {\n
Action.c(35):               "fill": "rgb(113, 33, 119)"\n
Action.c(35):             },\n
Action.c(35):             {\n
Action.c(35):               "fill": "rgb(113, 33, 119)"\n
Action.c(35):             },\n
Action.c(35):             {\n
Action.c(35):               "fill": "rgb(113, 33, 119)"\n
Action.c(35):             },\n
Action.c(35):             {\n
Action.c(35):               "fill": "rgb(113, 33, 119)"\n
Action.c(35):             },\n
Action.c(35):             {\n
Action.c(35):               "fill": "rgb(113, 33, 119)"\n
Action.c(35):             },\n
Action.c(35):             {\n
Action.c(35):               "fill": "rgb(113, 33, 119)"\n
Action.c(35):             },\n
Action.c(35):             {\n
Action.c(35):               "fill": "rgb(113, 33, 119)"\n
Action.c(35):             },\n
Action.c(35):             {\n
Action.c(35):               "fill": "rgb(113, 33, 119)"\n
Action.c(35):             }\n
Action.c(35):           ],\n
Action.c(35):           "grid": 32,\n
Action.c(35):           "tags": [\n
Action.c(35):             "gf-gas-savings-icon-orig"\n
Action.c(35):           ]\n
Action.c(35):         },\n
Action.c(35):         {\n
Action.c(35):           "paths": [\n
Action.c(35):             "M422.738 217.524c-36.208 0-72.426 0.34-108.623-0.144-19.232-0.258-28.976 6.933-28
Action.c(35):     .832 27.431 0.484 65.833 0.515 131.666-0.023 197.489-0.163 20.262 9.479 28.379 28.402 28.3
Action.c(35):     79 72.415 0 144.831-0.010 217.236 0.010 18.645 0 28.667-7.025 28.42-27.915-0.783-65.823-0.
Action.c(35):     731-131.666-0.031-197.489 0.227-20.365-8.292-28.194-27.936-27.905-36.197 0.525-72.405 0.14
Action.c(35):     4-108.613 0.144zM177.493 805.547l43.686-30.72c0.646-243.989 0.419-421.825-0.68-533.508-0.4
Action.c(35):     22-42.388 11.125-73.476 50.938-91.132 102.185 0 204.37 0 306.555 0 38.216 17.748 52.58 47.
Action.c(35):     086 49.692 89.36-0.231 2.001-1.267 59.323 0.082 88.928 0.309 6.799 6.438 17.048 12.33 19.3
Action.c(35):     04 53.802 20.571 74.167 48.301 74.383 105.626 0.237 65.102 0.299 130.214-0.072 195.305-0.1
Action.c(35):     13 20.149 7.303 35.415 25.32 44.428 31.243 15.626 65.256-7.242 65.74-45.231 0.793-61.795-0
Action.c(35):     .484-123.621 0.67-185.406 0.34-18.243-3.688-32.448-19.046-42.162-40.637-25.721-53.534-62.2
Action.c(35):     59-47.786-109.138 1.463-11.939-7.139-27.885-15.915-37.722-17.45-19.582-38.371-36.043-57.58
Action.c(35):     2-54.080-16.492-15.472-19.232-34.889-7.262-47.693 12.753-13.638 29.553-12.608 47.796 4.079
Action.c(35):      44.984 41.121 84.037 81.77 128.218 123.736 6.356 6.036 11.947 17.92 11.947 29.867 0 143.3
Action.c(35):     6 0 250.88 0 322.56 0 59.733-49.454 103.944-106.511 91.624-44.634-9.631-72.961-44.016-73.5
Action.c(35):     59-92.348-0.834-68.388 0.031-136.796-0.422-205.184-0.196-30.295-12.691-44.964-37.599-46.35
Action.c(35):     4 0 125.867 0 248.018 0 373.566 45.303 9.452 51.566 33.083 39.81 93.735 0 0-163.577 0-490.
Action.c(35):     732 0v-61.44z"\n
Action.c(35):           ],\n
Action.c(35):           "attrs": [\n
Action.c(35):             {\n
Action.c(35):               "fill": "rgb(227, 39, 38)"\n
Action.c(35):             }\n
Action.c(35):           ],\n
Action.c(35):           "grid": 32,\n
Action.c(35):           "tags": [\n
Action.c(35):             "gm-gas-savings-icon (1)"\n
Action.c(35):           ]\n
Action.c(35):         },\n
Action.c(35):         {\n
Action.c(35):           "paths": [\n
Action.c(35):             "M512 0c-282.77 0-512 229.23-512 512 0 282.78 229.22 512 512 512s512-229.22 512-51
Action.c(35):     2c0-282.78-229.24-512-512-512zM851.42 851.42c-174.413 173.95-452.399 187.041-642.387 30.25
Action.c(35):     1s-229.876-432.211-92.176-636.459c137.7-204.248 407.978-270.561 624.575-153.239s308.713 37
Action.c(35):     9.928 212.868 606.847c-24.103 57.041-59.042 108.864-102.88 152.6z",\n
Action.c(35):             "M385.2 555.191c0-8.837-7.163-16-16-16s-16 7.163-16 16c0 8.837 7.163 16 16 16s16-7
Action.c(35):     .163 16-16z",\n
Action.c(35):             "M369.18 618.671c8.837 0 16-7.163 16-16s-7.163-16-16-16c-8.837 0-16 7.163-16 16s7.
Action.c(35):     163 16 16 16z",\n
Action.c(35):             "M560.38 455.171c19.932-0.033 36.078-16.188 36.1-36.12v-91.68c-0.077-19.889-16.211
Action.c(35):     -35.978-36.1-36h-121.12c-19.85 0.077-35.923 16.15-36 36v91.78c0.022 19.893 16.107 36.032 3
Action.c(35):     6 36.12l121.12-0.1zM435.16 419.051v-91.68c0.083-2.174 1.826-3.918 4-4h121.12c2.213 0.030 4
Action.c(35):     .015 1.788 4.1 4v91.78c-0.021 2.259-1.841 4.088-4.1 4.12h-121.020c-1.103-0.016-2.155-0.469
Action.c(35):     -2.924-1.261s-1.192-1.856-1.176-2.959v0z",\n
Action.c(35):             "M728.42 330.611c-7.661-4.281-17.34-1.592-21.695 6.027s-1.761 17.324 5.815 21.753c
Action.c(35):     11.18 6.38 20.52 21.020 26.92 34.1h-0.84c-10.284 0.055-18.598 8.396-18.62 18.68v7.2c0.033 
Action.c(35):     10.3 8.38 18.638 18.68 18.66h8.54v166.2c-0.33 10.073-8.591 18.069-18.67 18.069s-18.34-7.99
Action.c(35):     5-18.67-18.069v-76c-0.044-32.379-26.281-58.616-58.66-58.66h-6v-182.76c-0.044-33.472-27.168
Action.c(35):     -60.596-60.64-60.64h-170.78c-33.477 0.033-60.607 27.163-60.64 60.64v225.36c0 8.837 7.163 1
Action.c(35):     6 16 16s16-7.163 16-16v-225.36c0.011-15.813 12.827-28.629 28.64-28.64h170.72c15.808 0.022 
Action.c(35):     28.618 12.832 28.64 28.64v479.36h-228v-118c0-8.837-7.163-16-16-16s-16 7.163-16 16v120.2c0 
Action.c(35):     0.4 0 0.78 0 1.18h-24.68c-8.837 0-16 7.163-16 16s7.163 16 16 16h341.34c8.837 0 16-7.163 16
Action.c(35):     -16s-7.163-16-16-16h-24.72c0-0.4 0-0.78 0-1.18v-266.86h6c14.715 0.022 26.638 11.945 26.66 
Action.c(35):     26.66v76c0.548 27.592 23.073 49.673 50.67 49.673s50.122-22.081 50.67-49.673v-194.68c0-1.57
Action.c(35):     9-0.238-3.15-0.7-4.66-1.64-5.54-17.4-54.62-49.98-73.22z"\n
Action.c(35):           ],\n
Action.c(35):           "attrs": [\n
Action.c(35):             {\n
Action.c(35):               "fill": "rgb(217, 217, 214)"\n
Action.c(35):             },\n
Action.c(35):             {\n
Action.c(35):               "fill": "rgb(0, 25, 25)"\n
Action.c(35):             },\n
Action.c(35):             {\n
Action.c(35):               "fill": "rgb(0, 25, 25)"\n
Action.c(35):             },\n
Action.c(35):             {\n
Action.c(35):               "fill": "rgb(224, 0, 77)"\n
Action.c(35):             },\n
Action.c(35):             {\n
Action.c(35):               "fill": "rgb(224, 0, 77)"\n
Action.c(35):             }\n
Action.c(35):           ],\n
Action.c(35):           "isMulticolor": true,\n
Action.c(35):           "grid": 32,\n
Action.c(35):           "tags": [\n
Action.c(35):             "sns-gas-savings-icon"\n
Action.c(35):           ]\n
Action.c(35):         },\n
Action.c(35):         {\n
Action.c(35):           "paths": [\n
Action.c(35):             "M230.943 224.715c19.408 43.613 37.673 87.733 56.445 131.627 2.449 5.723 5.36 11.2
Action.c(35):     46 13.005 16.161 0-24.060 0.145-48.12-0.073-72.171-0.091-9.74 1.297-16.36 13.73-16.977 70.
Action.c(35):     829-3.492 141.621-7.654 213.239-11.636 5.478 16.986 7.536 29.429-10.339 41.346-29.148 19.4
Action.c(35):     35-48.184 46.615-42.162 84.342 6.076 38.126 33.066 57.452 66.267 70.847 15.97 6.448 33.093
Action.c(35):      11.808 46.651 21.784 7.437 5.478 12.969 20.414 11.173 29.456-1.533 7.718-15.009 18.809-22
Action.c(35):     .772 18.483-26.046-1.125-51.902-6.684-80.759-10.983-3.709 11.264-9.876 27.416-13.921 44.08
Action.c(35):     4-0.97 3.999 3.963 12.397 8.126 14.157 17.149 7.237 35.043 12.697 55.738 19.87 0.526 4.698
Action.c(35):      1.442 12.905 2.494 22.31-56.999 10.928-112.065 22.455-167.522 31.642-21.974 3.637-33.582-
Action.c(35):     12.325-41.735-30.998-41.137-94.145-82.573-188.154-123.9-282.218-10.184-23.18-21.893-45.853
Action.c(35):     -30.055-69.722-6.33-18.519-17.122-22.663-34.371-19.507-22.618 4.135-44.574 4.054-62.431-13
Action.c(35):     .839 0-8.706 0-17.412 0-26.119 9.931-15.97 23.879-23.044 43.014-21.902 8.761 0.526 17.748-
Action.c(35):     2.693 26.636-4.217 17.412 0 34.825 0 52.237 0 7.192 11.354 15.889 22.029 21.285 34.181zM60
Action.c(35):     9.302 616.686c-6.502-15.036-2.331-22.754 11.137-30.345 31.306-17.657 48.637-44.828 46.995-
Action.c(35):     82.047-1.56-35.451-20.224-59.81-50.968-75.046-17.458-8.652-36.158-14.746-54.042-22.582-13.
Action.c(35):     005-5.704-25.547-12.733-21.793-30.381 3.519-16.524 17.648-19.199 30.499-18.129 19.87 1.651
Action.c(35):      39.486 6.484 62.576 10.565 4.516-14.592 9.949-32.131 16.515-53.335-20.868-7.237-40.275-13
Action.c(35):     .966-61.85-21.448-0.653-5.414-1.651-13.758-3.047-25.439 35.605-2.34 69.287-4.761 102.996-6
Action.c(35):     .711 38.353-2.213 76.724-4.090 115.085-5.958 45.372-2.195 55.602 8.153 49.081 52.21-8.597 
Action.c(35):     58.032-18.328 115.893-27.506 173.834-3.736 23.607-5.142 47.875-11.826 70.593-3.573 12.143-
Action.c(35):     14.538 28.867-24.894 31.152-59.193 13.077-119.203 22.437-178.958 33.066zM390.581 835.927c-
Action.c(35):     39.863 0.136-70.888-29.593-71.54-68.562-0.653-38.507 30.562-70.112 69.736-70.62 39.428-0.5
Action.c(35):     08 70.715 29.674 71.314 68.797 0.589 38.725-30.544 70.248-69.509 70.385zM763.256 675.515c3
Action.c(35):     9.939-0.136 70.988 29.801 71.26 68.716 0.281 38.38-31.412 70.23-70.19 70.539-39.141 0.317-
Action.c(35):     70.371-30.281-70.87-69.423-0.499-39.024 30.16-69.704 69.8-69.832z"\n
Action.c(35):           ],\n
Action.c(35):           "attrs": [\n
Action.c(35):             {\n
Action.c(35):               "fill": "rgb(227, 39, 38)"\n
Action.c(35):             }\n
Action.c(35):           ],\n
Action.c(35):           "grid": 32,\n
Action.c(35):           "tags": [\n
Action.c(35):             "gm-grocery-dollars-icon"\n
Action.c(35):           ]\n
Action.c(35):         },\n
Action.c(35):         {\n
Action.c(35):           "paths": [\n
Action.c(35):             "M512 0c-282.77 0-512 229.23-512 512 0 282.76 229.24 512 512 512s512-229.24 512-51
Action.c(35):     2c0-282.76-229.22-512-512-512zM851.42 851.42c-174.413 173.95-452.399 187.041-642.387 30.25
Action.c(35):     1s-229.876-432.211-92.176-636.459c137.7-204.248 407.978-270.561 624.575-153.239s308.713 37
Action.c(35):     9.928 212.868 606.847c-24.103 57.041-59.042 108.864-102.88 152.6z",\n
Action.c(35):             "M820.68 435.22c12.84-57.42-29.3-97.44-31.2-99.2l-0.86-0.74c-13.24-10.66-16.38-21.
Action.c(35):     66-21.66-43.54-6.734-28.201-24.329-52.604-48.96-67.9-21.034-13.294-46.028-18.878-70.72-15.
Action.c(35):     8 0.416-4.018 1.554-7.927 3.36-11.54 3.95-7.901 10.89-13.898 19.28-16.66 8.113-2.962 12.41
Action.c(35):     -11.828 9.71-20.032s-11.424-12.784-19.71-10.348c-28.74 9.5-47.183 37.505-44.56 67.66-47.16
Action.c(35):     6 21.777-72.397 73.823-60.28 124.34v0.2c4.746 18.474 3.377 37.989-3.9 55.62-1.020 2.52-2.2
Action.c(35):      5.040-3.5 7.52-0.2 0.36-0.36 0.74-0.54 1.12-3.6 8.411-6.49 17.108-8.64 26-0.243 0.997-0.3
Action.c(35):     9 2.015-0.44 3.040h-9.76v-70.74c0-8.837-7.163-16-16-16s-16 7.163-16 16v70.76h-12l-14.3-116
Action.c(35):     .24-3.54-28c-0.181-1.375-0.545-2.72-1.080-4l-18.64-61.5c-1.086-3.624-3.434-6.739-6.62-8.78
Action.c(35):     l-4.12-33.66c-0.528-4.236-2.726-8.085-6.107-10.692s-7.662-3.754-11.893-3.188l-186.6 23.52c
Action.c(35):     -4.212 0.529-8.042 2.71-10.645 6.064s-3.767 7.604-3.235 11.816l4.12 32.8c-3.082 2.86-4.914
Action.c(35):      6.819-5.1 11.020l-2.82 64.24c-0.172 1.328-0.172 2.672 0 4l13.12 112.62h-18c-25.465 0.174-
Action.c(35):     46.731 19.46-49.385 44.787s14.15 48.603 39.025 54.053l65.040 242.16c8.971 33.166 39.042 56
Action.c(35):     .215 73.4 56.26h350.72c34.355-0.040 64.423-23.093 73.38-56.26l65.16-242.2c24.016-5.214 40.
Action.c(35):     683-27.109 39.314-51.646s-20.367-44.443-44.814-46.954v0.020zM644.1 434.98c1.841-33.469 29.
Action.c(35):     335-59.768 62.853-60.122s61.56 25.359 64.107 58.782c0 0.44 0 0.9 0 1.34h-126.96zM595.3 275
Action.c(35):     .88c10.612-17.425 27.751-29.883 47.6-34.6 19.888-4.753 40.853-1.254 58.12 9.7 17.521 10.86
Action.c(35):     5 30.042 28.21 34.84 48.26 5.52 22.88 10.3 42.66 32.14 60.5 4.952 5.117 9.233 10.843 12.74
Action.c(35):      17.040-3.297-3.865-6.887-7.469-10.74-10.78-14.678-12.7-32.897-20.594-52.2-22.62-5.327-29.
Action.c(35):     627-29.987-51.921-60-54.24-8.837-0.663-16.537 5.963-17.2 14.8s5.963 16.537 14.8 17.2c14.10
Action.c(35):     2 1.101 26.049 10.818 30 24.4-41.744 9.998-71.739 46.547-73.4 89.44h-41.24c1.509-5.447 3.3
Action.c(35):     66-10.791 5.56-16 1.64-3.16 3.12-6.38 4.44-9.62s2.36-6 3.34-9.14c0.14-0.4 0.24-0.8 0.36-1.
Action.c(35):     2 0.36-1.133 0.7-2.273 1.020-3.42 0.2-0.7 0.36-1.4 0.54-2.1s0.46-1.7 0.66-2.56c0.2-0.86 0.
Action.c(35):     38-1.78 0.56-2.66s0.3-1.36 0.44-2c0.14-0.64 0.34-2 0.5-2.9 0.1-0.6 0.22-1.2 0.32-1.8 0.16-
Action.c(35):     1.060 0.28-2.12 0.4-3.18 0-0.52 0.16-1.040 0.22-1.56 0.12-1.1 0.2-2.2 0.3-3.28l0.12-1.48c0
Action.c(35):     -1.12 0.12-2.24 0.18-3.36v-1.42c0-1.16 0-2.32 0-3.48 0-0.44 0-0.86 0-1.3 0-1.16-0.040-2.32
Action.c(35):     -0.12-3.48 0-0.44 0-0.88 0-1.32 0-1.16-0.14-2.32-0.24-3.48 0-0.44 0-0.88 0-1.3-0.12-1.2-0.
Action.c(35):     26-2.38-0.4-3.58 0-0.4 0-0.8-0.14-1.2-0.14-1.2-0.34-2.4-0.54-3.58 0-0.4-0.1-0.8-0.18-1.2-0
Action.c(35):     .2-1.2-0.44-2.4-0.68-3.58 0-0.4-0.14-0.8-0.22-1.2-0.26-1.18-0.54-2.38-0.84-3.56 0-0.38-0.1
Action.c(35):     6-0.78-0.26-1.16-4.781-19.787-1.469-40.664 9.2-58v0zM246.46 302.26l1.46-33.22 172.080-21.7
Action.c(35):      9.64 31.82-183.18 23.1zM406.2 202.68l1.74 14-154.92 19.52-1.76-14 154.94-19.52zM247.34 33
Action.c(35):     4.88l189.46-23.86 1.48 11.66 13.72 112.3h-193l-11.66-100.1zM730.12 767.7c-5.164 19.216-22.
Action.c(35):     582 32.575-42.48 32.58h-350.72c-
Action.c(35): t=7611ms: 2043-byte DECODED response body for "https://stage.peapod.com/shop/images/icons/PeapodIcons.json" (RelFrameId=1, Internal ID=3)
Action.c(35):     19.905 0.004-37.334-13.357-42.5-32.58l-62.62-232.8h560.96l-62.64 232.8zM815.82 502.9h-607.
Action.c(35):     1c-9.941 0-18-8.059-18-18s8.059-18 18-18h607.1c9.941 0 18 8.059 18 18s-8.059 18-18 18v0z",
Action.c(35):     \n
Action.c(35):             "M512.28 236.22c8.837 0 16-7.163 16-16v-62.58c0-8.837-7.163-16-16-16s-16 7.163-16 
Action.c(35):     16v62.58c0 8.837 7.163 16 16 16v0z",\n
Action.c(35):             "M512.28 761.060c8.837 0 16-7.163 16-16v-153.56c0-8.837-7.163-16-16-16s-16 7.163-1
Action.c(35):     6 16v153.56c0 8.837 7.163 16 16 16z",\n
Action.c(35):             "M398 761.060c8.837 0 16-7.163 16-16v-153.56c0-8.837-7.163-16-16-16s-16 7.163-16 1
Action.c(35):     6v153.56c0 8.837 7.163 16 16 16z",\n
Action.c(35):             "M626.54 761.060c8.837 0 16-7.163 16-16v-153.56c0-8.837-7.163-16-16-16s-16 7.163-1
Action.c(35):     6 16v153.56c0 8.837 7.163 16 16 16z",\n
Action.c(35):             "M528.28 268.22c0 8.837-7.163 16-16 16s-16-7.163-16-16c0-8.837 7.163-16 16-16s16 7
Action.c(35):     .163 16 16z",\n
Action.c(35):             "M528.28 316.22c0 8.837-7.163 16-16 16s-16-7.163-16-16c0-8.837 7.163-16 16-16s16 7
Action.c(35):     .163 16 16z"\n
Action.c(35):           ],\n
Action.c(35):           "attrs": [\n
Action.c(35):             {\n
Action.c(35):               "fill": "rgb(217, 217, 214)"\n
Action.c(35):             },\n
Action.c(35):             {\n
Action.c(35):               "fill": "rgb(224, 0, 77)"\n
Action.c(35):             },\n
Action.c(35):             {\n
Action.c(35):               "fill": "rgb(224, 0, 77)"\n
Action.c(35):             },\n
Action.c(35):             {\n
Action.c(35):               "fill": "rgb(224, 0, 77)"\n
Action.c(35):             },\n
Action.c(35):             {\n
Action.c(35):               "fill": "rgb(224, 0, 77)"\n
Action.c(35):             },\n
Action.c(35):             {\n
Action.c(35):               "fill": "rgb(224, 0, 77)"\n
Action.c(35):             },\n
Action.c(35):             {\n
Action.c(35):               "fill": "rgb(0, 25, 25)"\n
Action.c(35):             },\n
Action.c(35):             {\n
Action.c(35):               "fill": "rgb(0, 25, 25)"\n
Action.c(35):             }\n
Action.c(35):           ],\n
Action.c(35):           "isMulticolor": true,\n
Action.c(35):           "grid": 32,\n
Action.c(35):           "tags": [\n
Action.c(35):             "sns-grocery-dollars-icon"\n
Action.c(35):           ]\n
Action.c(35):         },\n
Action.c(35):         {\n
Action.c(35):           "paths": [\n
Action.c(35):             "M3510.183 540.754h31.945v73.473c7.031-13.529 20.94-22.612 36.971-22.612 1.606 0 3
Action.c(35):     .19 0.091 4.749 0.269l-0.191-0.019c25.556 0 54.307 9.586 54.307 86.252s-15.973 95.835-57.5
Action.c(35):     01 95.835c-1.335 0.179-2.88 0.282-4.447 0.282-16.097 0-29.667-10.825-33.827-25.591l-0.060-
Action.c(35):     0.247v19.167h-31.945v-226.809zM3574.072 745.202c22.361 0 28.754-25.556 28.754-63.885s-6.38
Action.c(35):     9-63.885-28.754-63.885-31.945 25.556-31.945 63.885 6.389 60.695 31.945 60.695z",\n
Action.c(35):             "M3682.685 595.053l31.945 130.974 25.556-130.974h38.334l-47.922 178.892c
Action.c(35): t=7620ms: 12280-byte ENCODED response body received for "https://stage.peapod.com/shop/images/icons/PeapodIcons.json" (RelFrameId=1, Internal ID=3)
Action.c(35): t=7620ms: 12288-byte DECODED response body for "https://stage.peapod.com/shop/images/icons/PeapodIcons.json" (RelFrameId=1, Internal ID=3)
Action.c(35):     -15.973 47.922-25.556 54.307-60.695 54.307h-12.778v-28.754h9.586c12.778 0 19.167-3.194 22.
Action.c(35):     361-12.778l6.389-15.973-47.922-175.698z",\n
Action.c(35):             "M302.907 83.937h-268.333c-15.973 0-25.556 6.389-25.556 15.973s22.361 12.778 57.50
Action.c(35):     1 19.167 31.945 15.973 31.945 51.112v495.147c0 54.307 0 70.279-41.528 76.668s-51.112-3.194
Action.c(35):     -51.112 19.167 9.586 15.973 28.754 15.973 60.695-6.389 124.586-6.389 111.807 6.389 130.974
Action.c(35):      6.389 28.754-6.389 28.754-15.973-25.556-12.778-54.307-19.167-41.528-22.361-41.528-76.668v
Action.c(35):     -166.114c0-12.778 3.194-22.361 12.778-22.361 26.614 12.075 57.714 19.11 90.451 19.11 13.18
Action.c(35):     6 0 26.106-1.141 38.666-3.33l-1.336 0.193c101.239-14.552 178.274-100.411 178.892-204.383v-
Action.c(35):     0.065c0-134.169-79.862-204.448-239.587-204.448zM296.519 451.305c-41.528 0-73.473-9.586-73.
Action.c(35):     473-41.528v-239.587c0-44.723 9.586-54.307 63.885-54.307s127.78 70.279 127.78 166.114-51.11
Action.c(35):     2 169.308-118.196 169.308z",\n
Action.c(35):             "M689.442 496.027h293.894c31.945 0 44.723-6.389 44.723-25.556-3.495-110.176-93.65-
Action.c(35):     198.162-204.351-198.162-2.281 0-4.553 0.037-6.815 0.114l0.33-0.009c-159.725 0-265.143 105.
Action.c(35):     419-265.143 265.143s99.029 261.949 249.17 261.949c3.265 0.147 7.093 0.232 10.942 0.232 68.
Action.c(35):     789 0 131.309-26.844 177.657-70.626l-0.124 0.115c17.421-10.578 30.126-27.45 35.029-47.391l
Action.c(35):     0.114-0.526c0-12.778-3.194-12.778-9.586-12.778-42.756 37.284-98.221 60.973-159.134 63.868l
Action.c(35):     -0.595 0.022c-115.002 0-182.087-99.029-182.087-210.836v-9.586c0-15.973 3.194-19.167 15.973
Action.c(35):     -19.167zM683.053 448.115v-19.167c15.973-57.501 31.945-127.78 134.169-127.78s86.252 60.695 
Action.c(35):     86.252 102.221-31.945 57.501-118.196 57.501h-86.252c-9.586 0-15.973-6.389-15.973-9.586z",\n
Action.c(35):             "M1574.318 719.642c0.002-0.096 0.003-0.21 0.003-0.323 0-7.692-5.437-14.114-12.677-
Action.c(35):     15.629l-0.104-0.019h-3.194c-15.973 0-31.945 22.361-54.307 22.361s-31.945-25.556-31.945-70.
Action.c(35):     279v-255.56c0-92.64-22.361-127.78-134.169-127.78s-252.37 86.252-252.37 153.336c0 9.586 12.
Action.c(35):     778 19.167 28.754 19.167s70.279-25.556 92.64-67.085 47.922-70.279 95.835-70.279 54.307 25.
Action.c(35):     556 54.307 86.252v47.922c0 15.973 0 19.167-15.973 25.556l-35.14 15.973c-140.557 54.307-217
Action.c(35):     .226 102.221-217.226 194.866s28.754 118.196 95.835 118.196 89.446-25.556 137.363-57.501l31
Action.c(35):     .945-19.167h6.389c22.361 51.112 54.307 79.862 95.835 79.862s118.196-57.501 118.196-79.862z
Action.c(35):     M1360.286 630.196c-1.709 52.226-43.61 94.124-95.675 95.831l-0.16 0.004c-54.307 0-63.885-41
Action.c(35):     .528-63.885-86.252 2.631-55.045 38.861-100.982 88.524-117.923l0.922-0.274 47.922-19.167h12
Action.c(35):     .778c3.194 0 9.586 3.194 9.586 12.778v118.196z",\n
Action.c(35):             "M1928.907 272.413c-0.242-0.001-0.518-0.001-0.8-0.001-59.699 0-113.689 24.442-152.
Action.c(35):     509 63.864l-0.027 0.027-15.973 12.778c0 3.194-3.194 6.389-9.586 6.389s-3.194-3.194-3.194-6
Action.c(35):     .389v-57.501c0-12.778-6.389-22.361-15.973-22.361s-35.14 31.945-95.835 60.695-63.885 22.361
Action.c(35):     -63.885 38.334 22.361 12.778 38.334 19.167 22.361 19.167 22.361 47.922v498.342c0 31.945-3.
Action.c(35):     194 41.528-28.754 47.922s-51.112 0-51.112 25.556 6.389 15.973 22.361 15.973 57.501-6.389 1
Action.c(35):     15.002-6.389l124.586 6.389c19.167 0 28.754-6.389 28.754-15.973s-25.556-15.973-63.885-25.55
Action.c(35):     6-31.945-15.973-31.945-47.922v-153.336l9.586-6.389c32.594 16.174 70.978 25.642 111.572 25.
Action.c(35):     642 2.329 0 4.651-0.031 6.965-0.093l-0.341 0.007c4.821 0.312 10.454 0.492 16.128 0.492 143
Action.c(35):     .237 0 259.947-113.586 264.978-255.592l0.013-0.46v-19.167c0-150.141-99.029-252.37-223.615-
Action.c(35):     252.37zM1858.628 767.56c-70.279 0-111.807-35.14-111.807-102.221v-207.642c0-73.473 35.14-10
Action.c(35):     8.613 111.807-108.613s182.087 76.668 182.087 204.448-76.668 214.034-182.087 214.034z",\n
Action.c(35):             "M3372.819 700.475c-9.586 0-22.361 22.361-41.528 22.361s-19.167-15.973-19.167-44.7
Action.c(35):     23v-568.621c0-28.754 6.389-54.307 6.389-76.668 0.263-1.084 0.412-2.328 0.412-3.606 0-8.821
Action.c(35):     -7.154-15.973-15.973-15.973-1.279 0-2.524 0.15-3.716 0.43l0.109-0.022c-12.778 0-38.334 22.
Action.c(35):     361-99.029 38.334s-63.885 12.778-63.885 28.754 19.167 9.586 41.528 19.167 19.167 15.973 19
Action.c(35):     .167 44.723v130.974c0 9.586-3.194 15.973-9.586 15.973h-3.194l-15.973-6.389c-25.715-8.155-5
Action.c(35):     5.292-12.854-85.965-12.854-2.347 0-4.69 0.028-7.026 0.082l0.346-0.006c-2.906-0.114-6.318-0
Action.c(35):     .178-9.742-0.178-146.654 0-266.154 116.264-271.355 261.65l-0.019 0.475v9.586c-0.221 3.869-
Action.c(35):     0.345 8.402-0.345 12.953 0 130.835 103.494 237.5 233.081 242.591l0.462 0.019h19.167c56.196
Action.c(35):     -1.243 108.013-18.976 151.090-48.526l-0.942 0.613c9.586 0 12.778 47.922 31.945 47.922 31.6
Action.c(35):     94-14.363 71.94-29.55 113.176-42.499l8.215-2.222c19.167-6.389 31.945-6.389 31.945-31.945s-
Action.c(35):     6.389-19.167-9.586-19.167zM3200.316 639.78c0 76.668-6.389 108.613-86.252 108.613s-194.866-
Action.c(35):     79.862-194.866-207.642 76.668-236.393 172.503-236.393 108.613 54.307 108.613 166.114z",\n
Action.c(35):             "M2753.087 527.973c0 153.491-124.434 277.921-277.921 277.921s-277.921-124.434-277.
Action.c(35):     921-277.921c0-153.491 124.434-277.921 277.921-277.921v0c0.005 0 0.012 0 0.019 0 152.37 0 2
Action.c(35):     76.098 122.614 277.906 274.556l0.002 0.171z",\n
Action.c(35):             "M3452.682 128.66c-35.285 0-63.885-28.605-63.885-63.885s28.605-63.885 63.885-63.88
Action.c(35):     5c35.285 0 63.885 28.605 63.885 63.885v0c0 35.285-28.605 63.885-63.885 63.885v0zM3452.682 
Action.c(35):     10.464c-29.993 0-54.307 24.314-54.307 54.307v0c0 29.993 24.314 54.307 54.307 54.307v0c0.03
Action.c(35):     0 0 0.065 0 0.1 0 28.229 0 51.112-22.884 51.112-51.112 0-1.124-0.036-2.239-0.108-3.342l0.0
Action.c(35):     08 0.15c0-0.028 0-0.061 0-0.094 0-28.869-22.526-52.476-50.958-54.205l-0.151-0.007zM3468.65
Action.c(35):     4 99.91l-19.167-28.754h-12.778v28.754h-9.586v-70.279h28.754c0.961-0.171 2.067-0.269 3.196-
Action.c(35):     0.269 10.586 0 19.167 8.581 19.167 19.167 0 0.095-0.001 0.189-0.002 0.282v-0.019c0 12.778-
Action.c(35):     6.389 22.361-15.973 22.361l19.167 28.754zM3455.876 36.020h-19.167v28.754h19.167c7.058 0 12
Action.c(35):     .778-5.721 12.778-12.778v0c3.194-6.389-3.194-12.778-9.586-15.973z",\n
Action.c(35):             "M4133.109 512c0 72.338-58.637 130.974-130.974 130.974s-130.974-58.637-130.974-130
Action.c(35):     .974c0-72.338 58.637-130.974 130.974-130.974s130.974 58.637 130.974 130.974z",\n
Action.c(35):             "M4133.109 805.894c0 72.338-58.637 130.974-130.974 130.974s-130.974-58.637-130.974
Action.c(35):     -130.974c0-72.338 58.637-130.974 130.974-130.974s130.974 58.637 130.974 130.974z",\n
Action.c(35):             "M4190.61 754.782l44.723-51.112c23.42 19.072 53.358 30.962 86.037 31.94l0.213 0.00
Action.c(35):     5c22.361 0 31.945-6.389 31.945-19.167v0c0-12.778-6.389-15.973-44.723-25.556s-105.419-31.94
Action.c(35):     5-105.419-86.252v0c0-51.112 41.528-89.446 108.613-89.446 0.013 0 0.030 0 0.050 0 42.308 0 
Action.c(35):     81.245 14.429 112.161 38.635l-0.398-0.301-38.334 51.112c-21.174-15.762-47.783-25.314-76.61
Action.c(35):     1-25.556h-0.057c-19.167 0-25.556 6.389-25.556 15.973v0c0 12.778 6.389 19.167 47.922 28.754
Action.c(35):     s102.221 35.14 102.221 86.252v0c0 54.307-44.723 89.446-111.807 89.446-0.334 0.002-0.733 0.
Action.c(35):     003-1.131 0.003-49.182 0-94.43-16.84-130.294-45.069l0.451 0.342z",\n
Action.c(35):             "M4545.2 585.473h-89.446v-67.085h252.37v67.085h-89.446v210.836h-73.473z",\n
Action.c(35):             "M4727.286 658.947v0c0-79.392 64.36-143.753 143.753-143.753v0h3.194c0.993-0.025 2.
Action.c(35):     158-0.039 3.335-0.039 77.159 0 140.119 60.79 143.602 137.089l0.011 0.313c-1.79 79.77-66.87
Action.c(35):     9 143.753-146.912 143.753-0.012 0-0.025 0-0.037 0h0.002c-2.867 0.213-6.211 0.334-9.586 0.3
Action.c(35):     34-75.863 0-137.363-61.5-137.363-137.363 0-0.117 0-0.236 0-0.353v0.019zM4944.512 658.947v0
Action.c(35):     c0.002-0.178 0.002-0.39 0.002-0.601 0-38.965-29.068-71.141-66.702-76.026l-0.385-0.041c-0.0
Action.c(35):     82 0-0.18-0.001-0.278-0.001-38.329 0-69.804 29.35-73.175 66.797l-0.021 0.283v9.586c-0.050 
Action.c(35):     0.974-0.076 2.115-0.076 3.263 0 37.717 29.714 68.493 67.007 70.204l0.154 0.006h3.194c38.81
Action.c(35):     4 0 70.279-31.465 70.279-70.279v0z",\n
Action.c(35):             "M5059.514 518.389h121.389c70.279 0 115.002 38.334 115.002 95.835v0c0 63.885-51.11
Action.c(35):     2 102.221-118.196 102.221h-38.334v76.668h-76.668v-274.727zM5174.515 655.753c25.556 0 41.52
Action.c(35):     8-12.778 41.528-35.14v0c0-22.361-15.973-35.14-41.528-35.14h-38.334v70.279z",\n
Action.c(35):             "M5586.607 754.782l41.528-51.112c24.523 19.098 55.509 30.962 89.225 31.94l0.222 0.
Action.c(35):     005c19.167 0 31.945-6.389 31.945-19.167v0c0-12.778-9.586-15.973-47.922-25.556s-102.221-31.
Action.c(35):     945-102.221-86.252v0c0-51.112 38.334-89.446 105.419-89.446 0.667-0.009 1.454-0.019 2.241-0
Action.c(35):     .019 41.596 0 79.816 14.455 109.91 38.615l-0.343-0.267-38.334 54.307c-21.174-15.762-47.783
Action.c(35):     -25.314-76.611-25.556h-0.057c-15.973 0-25.556 6.389-25.556 15.973v0c0 12.778 9.586 19.167 
Action.c(35):     47.922 25.556s102.221 35.14 102.221 86.252v0c0 57.501-44.723 89.446-111.807 89.446-2.062 0
Action.c(35):     .082-4.482 0.129-6.913 0.129-46.296 0-88.622-16.979-121.106-45.051l0.236 0.2z",\n
Action.c(35):             "M5867.722 518.389h76.668v105.419h89.446v-105.419h76.668v277.921h-76.668v-105.419h
Action.c(35):     -89.446v105.419h-76.668z",\n
Action.c(35):             "M6152.032 658.947v0c0-79.392 64.36-143.753 143.753-143.753v0h3.194c1.917-0.094 4.
Action.c(35):     163-0.146 6.422-0.146 76.557 0 138.818 61.204 140.522 137.352l0.003 0.159c0 79.392-64.36 1
Action.c(35):     43.753-143.753 143.753v0h-3.194c-1.917 0.094-4.163 0.146-6.422 0.146-76.557 0-138.818-61.2
Action.c(35):     04-140.522-137.352l-0.003-0.159zM6369.257 658.947v0c0.104-1.433 0.163-3.106 0.163-4.791 0-
Action.c(35):     38.904-31.538-70.442-70.442-70.442-37.218 0-67.694 28.863-70.266 65.427l-0.013 0.223v9.586
Action.c(35):     c-0.050 0.953-0.073 2.071-0.073 3.194 0 38.814 31.465 70.279 70.279 70.279 0.026 0 0.050 0
Action.c(35):      0.077 0h-0.004c38.814 0 70.279-31.465 70.279-70.279v0z",\n
Action.c(35):             "M6487.454 518.389h118.196c67.085 0 111.807 38.334 111.807 95.835v0c0 63.885-47.92
Action.c(35):     2 102.221-118.196 102.221h-38.334v76.668h-73.473zM6599.261 655.753c25.556 0 41.528-12.778 
Action.c(35):     41.528-35.14v0c0-22.361-15.973-35.14-41.528-35.14h-38.334v70.279z",\n
Action.c(35):             "M5500.354 796.31l-22.361-22.361c-6.222 8.838-14.976 15.524-25.197 19.059l-0.36 0.
Action.c(35):     108c-12.149 5.909-26.41 9.428-41.476 9.586h-31.998l-31.945-15.973-19.167-22.361c-3.438-9.4
Action.c(35):     18-5.728-20.309-6.375-31.639l-0.019-0.302c-0.082-1.097-0.124-2.378-0.124-3.668 0-6.709 1.2
Action.c(35):     17-13.134 3.438-19.067l-0.123 0.374c3.308-7.394 7.602-13.732 12.804-19.194l-0.026 0.027c3.
Action.c(35):     785-5.843 9.271-10.294 15.752-12.706l0.221-0.072c4.786-5.378 11.502-8.938 19.061-9.577l0.1
Action.c(35):     06-0.007c-6.179-7.386-11.521-15.796-15.686-24.86l-0.286-0.696c-4.146-6.946-6.6-15.32-6.6-2
Action.c(35):     4.268 0-1.579 0.076-3.14 0.226-4.679l-0.019 0.196c-0.134-1.344-0.21-2.905-0.21-4.483 0-8.9
Action.c(35):     46 2.451-17.321 6.72-24.487l-0.122 0.219c2.596-8.405 8.328-15.178 15.796-19.083l0.178-0.08
Action.c(35):     3 25.556-12.778h54.307l25.556 12.778 15.973 19.167c4.139 8.685 6.556 18.882 6.556 29.639 0
Action.c(35):      7.673-1.234 15.053-3.507 21.966l0.146-0.494-9.586 15.973-15.973 15.973-15.973 9.586 25.55
Action.c(35):     6 25.556 22.361-31.945h63.885l-51.112 70.279 57.501 57.501zM5404.52 697.281c-6.45 1.41-11.
Action.c(35):     94 4.822-15.938 9.542l-0.035 0.042c-5.378 4.786-8.938 11.502-9.577 19.061l-0.007 0.106c2.0
Action.c(35):     12 3.57 3.197 7.834 3.197 12.377 0 0.141-0.001 0.281-0.003 0.421v-0.021l9.586 9.586 19.167
Action.c(35):      6.389h19.167c6.702-2.483 12.188-6.939 15.896-12.654l0.076-0.124zM5446.048 611.029c0-10.58
Action.c(35):     6-8.581-19.167-19.167-19.167h-3.194c-0.068-0.001-0.148-0.001-0.23-0.001-11.223 0-20.516 8.
Action.c(35):     269-22.117 19.046l-0.019 0.122c0.93 4.986 3.194 9.335 6.404 12.794l-0.019-0.019c2.483 6.70
Action.c(35):     2 6.939 12.188 12.654 15.896l0.124 0.076 19.167-12.778c6.389 0 6.389-6.389 6.389-15.973z",
Action.c(35):     \n
Action.c(35):             "M6688.707 761.17h-12.778v-9.586h38.334v9.586h-12.778v35.14h-9.586v-35.14z",\n
Action.c(35):             "M6720.655 751.587h9.586l9.586 22.361 12.778-22.361h6.389v44.723h-9.586v-28.754l-9
Action.c(35):     .586 15.973h-3.194l-9.586-15.973v28.754h-9.586z"\n
Action.c(35):           ],\n
Action.c(35):           "attrs": [\n
Action.c(35):             {\n
Action.c(35):               "fill": "rgb(51, 51, 51)"\n
Action.c(35):             },\n
Action.c(35):             {\n
Action.c(35):               "fill": "rgb(51, 51, 51)"\n
Action.c(35):             },\n
Action.c(35):             {\n
Action.c(35):               "fill": "rgb(51, 51, 51)"\n
Action.c(35):             },\n
Action.c(35):             {\n
Action.c(35):               "fill": "rgb(51, 51, 51)"\n
Action.c(35):             },\n
Action.c(35):             {\n
Action.c(35):               "fill": "rgb(54, 54, 54)"\n
Action.c(35):             },\n
Action.c(35):             {\n
Action.c(35):               "fill": "rgb(51, 51, 51)"\n
Action.c(35):             },\n
Action.c(35):             {\n
Action.c(35):               "fill": "rgb(51, 51, 51)"\n
Action.c(35):             },\n
Action.c(35):             {\n
Action.c(35):               "fill": "rgb(94, 160, 0)"\n
Action.c(35):             },\n
Action.c(35):             {\n
Action.c(35):               "fill": "rgb(51, 51, 51)"\n
Action.c(35):             },\n
Action.c(35):             {\n
Action.c(35):               "fill": "rgb(224, 0, 77)"\n
Action.c(35):             },\n
Action.c(35):             {\n
Action.c(35):               "fill": "rgb(139, 196, 0)"\n
Action.c(35):             },\n
Action.c(35):             {\n
Action.c(35):               "fill": "rgb(99, 102, 106)"\n
Action.c(35):             },\n
Action.c(35):             {\n
Action.c(35):               "fill": "rgb(99, 102, 106)"\n
Action.c(35):             },\n
Action.c(35):             {\n
Action.c(35):               "fill": "rgb(99, 102, 106)"\n
Action.c(35):             },\n
Action.c(35):             {\n
Action.c(35):               "fill": "rgb(99, 102, 106)"\n
Action.c(35):             },\n
Action.c(35):             {\n
Action.c(35):               "fill": "rgb(99, 102, 106)"\n
Action.c(35):             },\n
Action.c(35):             {\n
Action.c(35):               "fill": "rgb(99, 102, 106)"\n
Action.c(35):             },\n
Action.c(35):             {\n
Action.c(35):               "fill": "rgb(99, 102, 106)"\n
Action.c(35):             },\n
Action.c(35):             {\n
Action.c(35):               "fill": "rgb(99, 102, 106)"\n
Action.c(35):             },\n
Action.c(35):             {\n
Action.c(35):               "fill": "rgb(99, 102, 106)"\n
Action.c(35):             },\n
Action.c(35):             {\n
Action.c(35):               "fill": "rgb(99, 102, 106)"\n
Action.c(35):             },\n
Action.c(35):             {\n
Action.c(35):               "fill": "rgb(99, 102, 106)"\n
Action.c(35):             }\n
Action.c(35):           ],\n
Action.c(35):           "width": 6768,\n
Action.c(35):           "isMulticolor": true,\n
Action.c(35):           "grid": 32,\n
Action.c(35):           "tags": [\n
Action.c(35):             "peapod-powered-by-stop-and-shop"\n
Action.c(35):           ]\n
Action.c(35):         },\n
Action.c(35):         {
Action.c(35): t=7649ms: 12288-byte DECODED response body for "https://stage.peapod.com/shop/images/icons/PeapodIcons.json" (RelFrameId=1, Internal ID=3)
Action.c(35):     \n
Action.c(35):           "paths": [\n
Action.c(35):             "M851.364 851.364c-86.951 87.186-207.199 141.128-340.045 141.128-265.224 0-480.23-
Action.c(35):     215.006-480.23-480.23s215.006-480.23 480.23-480.23c0.239 0 0.479 0 0.718 0.001l-0.037-0c0.
Action.c(35):     244-0 0.534-0.001 0.823-0.001 132.277 0 252.001 53.745 338.527 140.589l0.014 0.014c42.945 
Action.c(35):     42.491 77.703 93.158 101.762 149.487l1.163 3.063c23.824 55.15 37.681 119.364 37.681 186.81
Action.c(35):     4s-13.857 131.664-38.878 189.951l1.198-3.136c-25.222 59.392-59.98 110.059-102.884 152.509l
Action.c(35):     -0.041 0.040zM512 0c-282.77 0-512 229.23-512 512s229.23 512 512 512c282.77 0 512-229.23 51
Action.c(35):     2-512v0c0.001-0.429 0.002-0.938 0.002-1.446 0-281.972-228.584-510.556-510.556-510.556-0.50
Action.c(35):     8 0-1.017 0.001-1.525 0.002l0.079-0z",\n
Action.c(35):             "M305.756 706.954h408.944v32.821h-408.944v-32.821z",\n
Action.c(35):             "M718.244 810.667h-412.488v-465.264l48.706 48.443 32.033-32.164 31.902 32.164 32.0
Action.c(35):     33-32.164 32.033 32.164 32.164-32.164 32.033 32.164 32.033-32.033 30.72 30.72 30.851-30.85
Action.c(35):     1 30.72 30.851 47.262-47.13zM338.576 777.846h346.847v-353.28l-14.441 14.31-30.72-30.72-30.
Action.c(35):     851 30.72-30.72-30.72-32.033 32.033-32.033-32.033-32.164 32.033-32.033-32.033-32.033 32.03
Action.c(35):     3-32.033-32.033-31.902 32.033-15.754-15.623z",\n
Action.c(35):             "M537.075 359.713h-32.821v-41.485h-123.274v41.485h-32.821v-74.306h188.915v74.306z"
Action.c(35):     ,\n
Action.c(35):             "M668.619 359.713h-32.821v-29.407c0.376-1.665 0.591-3.576 0.591-5.538 0-14.501-11.
Action.c(35):     755-26.256-26.256-26.256s-26.256 11.755-26.256 26.256c0 1.962 0.215 3.874 0.623 5.713l-0.0
Action.c(35):     33-0.175v29.407h-33.083v-29.407c-0.042-0.828-0.066-1.797-0.066-2.772 0-32.337 26.215-58.55
Action.c(35):     2 58.552-58.552s58.552 26.215 58.552 58.552c0 0.975-0.024 1.944-0.071 2.907l0.005-0.136z",
Action.c(35):     \n
Action.c(35):             "M614.4 288.164h-32.821v-42.010h-124.849v21.399h-32.821v-54.219h190.49v74.831z",\n
Action.c(35):             "M455.417 596.283c-0.029-0.178-0.046-0.382-0.046-0.591s0.017-0.413 0.049-0.613l-0.
Action.c(35):     003 0.022c0-1.668 1.352-3.019 3.019-3.019v-0h113.034c1.668 0 3.019 1.352 3.019 3.019v-0c0.
Action.c(35):     029 0.178 0.046 0.382 0.046 0.591s-0.017 0.413-0.049 0.613l0.003-0.022c-10.879 22.094-33.2
Action.c(35):     34 37.029-59.077 37.029s-48.198-14.935-58.905-36.644l-0.172-0.385z",\n
Action.c(35):             "M470.384 519.746s0 0 0-0.788c0.424-0.41 1.003-0.663 1.641-0.663s1.217 0.253 1.642
Action.c(35):      0.663l-0.001-0.001 62.359 62.49c0.418 0.445 0.675 1.046 0.675 1.707s-0.257 1.262-0.676 1.
Action.c(35):     708l0.001-0.001h-0.788c-5.094 1.854-10.974 2.925-17.104 2.925-28.422 0-51.463-23.041-51.46
Action.c(35):     3-51.463 0-6.13 1.072-12.010 3.038-17.462l-0.113 0.359z",\n
Action.c(35):             "M530.773 502.023v0c0.943 0 1.707 0.764 1.707 1.707h-0v63.409c0 0.943-0.764 1.707-
Action.c(35):     1.707 1.707h-0c-12.693-5.937-21.33-18.6-21.33-33.28s8.636-27.343 21.105-33.186l0.224-0.094
Action.c(35):     z",\n
Action.c(35):             "M573.44 536.418v0c0.179 0.279 0.286 0.619 0.286 0.985s-0.107 0.706-0.29 0.992l0.0
Action.c(35):     04-0.007-33.083 36.628c-0.215 0.225-0.518 0.364-0.853 0.364s-0.638-0.14-0.853-0.364l-0-0c-
Action.c(35):     0.997-2.986-1.572-6.423-1.572-9.995 0-8.202 3.033-15.695 8.037-21.42l-0.033 0.038c4.694-5.
Action.c(35):     368 11.556-8.74 19.205-8.74 3.242 0 6.343 0.606 9.195 1.71l-0.174-0.059z"\n
Action.c(35):           ],\n
Action.c(35):           "attrs": [\n
Action.c(35):             {\n
Action.c(35):               "fill": "rgb(99, 102, 106)"\n
Action.c(35):             },\n
Action.c(35):             {\n
Action.c(35):               "fill": "rgb(99, 102, 106)"\n
Action.c(35):             },\n
Action.c(35):             {\n
Action.c(35):               "fill": "rgb(99, 102, 106)"\n
Action.c(35):             },\n
Action.c(35):             {\n
Action.c(35):               "fill": "rgb(99, 102, 106)"\n
Action.c(35):             },\n
Action.c(35):             {\n
Action.c(35):               "fill": "rgb(99, 102, 106)"\n
Action.c(35):             },\n
Action.c(35):             {\n
Action.c(35):               "fill": "rgb(99, 102, 106)"\n
Action.c(35):             },\n
Action.c(35):             {\n
Action.c(35):               "fill": "rgb(99, 102, 106)"\n
Action.c(35):             },\n
Action.c(35):             {\n
Action.c(35):               "fill": "rgb(99, 102, 106)"\n
Action.c(35):             },\n
Action.c(35):             {\n
Action.c(35):               "fill": "rgb(99, 102, 106)"\n
Action.c(35):             },\n
Action.c(35):             {\n
Action.c(35):               "fill": "rgb(99, 102, 106)"\n
Action.c(35):             }\n
Action.c(35):           ],\n
Action.c(35):           "grid": 32,\n
Action.c(35):           "tags": [\n
Action.c(35):             "pick-up-gntl"\n
Action.c(35):           ]\n
Action.c(35):         },\n
Action.c(35):         {\n
Action.c(35):           "paths": [\n
Action.c(35):             "M512 0c-282.77 0-512 229.23-512 512s229.23 512 512 512c282.77 0 512-229.23 512-51
Action.c(35):     2v0c0.001-0.429 0.002-0.938 0.002-1.446 0-281.972-228.584-510.556-510.556-510.556-0.508 0-
Action.c(35):     1.017 0.001-1.525 0.002l0.079-0zM851.364 851.364c-86.951 87.186-207.199 141.128-340.045 14
Action.c(35):     1.128-265.224 0-480.23-215.006-480.23-480.23s215.006-480.23 480.23-480.23c0.239 0 0.479 0 
Action.c(35):     0.718 0.001l-0.037-0c0.244-0 0.534-0.001 0.823-0.001 132.277 0 252.001 53.745 338.527 140.
Action.c(35):     589l0.014 0.014c42.945 42.491 77.703 93.158 101.762 149.487l1.163 3.063c23.824 55.15 37.68
Action.c(35):     1 119.364 37.681 186.814s-13.857 131.664-38.878 189.951l1.198-3.136c-25.222 59.392-59.98 1
Action.c(35):     10.059-102.884 152.509l-0.041 0.040z",\n
Action.c(35):             "M692.775 260.595c0.329-2.705 0.517-5.838 0.517-9.014 0-43.503-35.266-78.769-78.76
Action.c(35):     9-78.769s-78.769 35.266-78.769 78.769c0 2.295 0.098 4.567 0.29 6.812l-0.020-0.292c-15.887-
Action.c(35):     6.644-34.346-10.503-53.708-10.503-0.088 0-0.175 0-0.263 0l0.014-0c-76.47 1.279-139.102 58.
Action.c(35):     875-148.274 133.038l-0.074 0.739-48.574-31.508v399.623c-0.016 0.632-0.025 1.377-0.025 2.12
Action.c(35):     4 0 50.024 39.969 90.712 89.713 91.872l0.108 0.002h274.117c49.853-1.162 89.821-41.85 89.82
Action.c(35):     1-91.874 0-0.747-0.009-1.492-0.027-2.234l0.002 0.11v-399.754l-46.080 29.932zM568.845 260.5
Action.c(35):     95c0-25.159 20.396-45.555 45.555-45.555s45.555 20.396 45.555 45.555v139.947l-2.757 1.707-1
Action.c(35):     1.422-7.221-14.966-9.715c-4.711-42.536-25.733-79.421-56.574-104.809l-0.271-0.217-5.12-4.59
Action.c(35):     5zM482.068 280.418c23.805 0.014 45.876 7.428 64.040 20.066l-0.368-0.243c2.841 1.855 5.281 
Action.c(35):     3.669 7.607 5.615l-0.124-0.101c21.824 18.498 37.146 44.073 42.421 73.149l0.115 0.763-35.18
Action.c(35):     4 22.712-29.276-18.642-19.43-13.128-48.049 31.245-48.968-30.72-47.262 31.114-1.838-1.182c-
Action.c(35):     0.002-0.288-0.004-0.627-0.004-0.968 0-64.926 51.678-117.781 116.145-119.677l0.175-0.004zM7
Action.c(35):     06.035 410.256v339.233c0.019 0.561 0.030 1.221 0.030 1.884 0 31.952-25.253 58.005-56.89 59
Action.c(35):     .29l-0.116 0.004h-274.117c-31.753-1.288-57.006-27.342-57.006-59.294 0-0.662 0.011-1.322 0.
Action.c(35):     032-1.98l-0.002 0.096v-339.102l48.312 31.376h0.788l48.181-30.851 48.049 31.245 48.706-31.6
Action.c(35):     39 48.181 31.245 48.312-31.245 48.706 31.245z",\n
Action.c(35):             "M506.092 596.283h81.789v-40.435h-78.769c-1.566-0.136-3.388-0.213-5.229-0.213-17.8
Action.c(35):     19 0-33.942 7.26-45.573 18.982l-0.004 0.004c-13.555 13.838-21.921 32.805-21.921 53.726 0 8
Action.c(35):     .969 1.537 17.579 4.363 25.581l-0.165-0.538c8.469 25.763 30.297 44.877 57.080 49.305l0.421
Action.c(35):      0.057h89.666v-74.831h-41.879v34.921h-42.142c-14.572 0-25.469-26.256-23.631-38.072s15.491-
Action.c(35):     28.488 25.994-28.488z"\n
Action.c(35):           ],\n
Action.c(35):           "attrs": [\n
Action.c(35):             {\n
Action.c(35):               "fill": "rgb(99, 102, 106)"\n
Action.c(35):             },\n
Action.c(35):             {\n
Action.c(35):               "fill": "rgb(99, 102, 106)"\n
Action.c(35):             },\n
Action.c(35):             {\n
Action.c(35):               "fill": "rgb(99, 102, 106)"\n
Action.c(35):             }\n
Action.c(35):           ],\n
Action.c(35):           "grid": 32,\n
Action.c(35):           "tags": [\n
Action.c(35):             "pick-up-gntc"\n
Action.c(35):           ]\n
Action.c(35):         },\n
Action.c(35):         {\n
Action.c(35):           "paths": [\n
Action.c(35):             "M512 0c-282.77 0-512 229.23-512 512s229.23 512 512 512c282.77 0 512-229.23 512-51
Action.c(35):     2v0c0.001-0.429 0.002-0.938 0.002-1.446 0-281.972-228.584-510.556-510.556-510.556-0.508 0-
Action.c(35):     1.017 0.001-1.525 0.002l0.079-0zM851.364 851.364c-86.951 87.186-207.199 141.128-340.045 14
Action.c(35):     1.128-265.224 0-480.23-215.006-480.23-480.23s215.006-480.23 480.23-480.23c0.239 0 0.479 0 
Action.c(35):     0.718 0.001l-0.037-0c0.244-0 0.534-0.001 0.823-0.001 132.277 0 252.001 53.745 338.527 140.
Action.c(35):     589l0.014 0.014c42.945 42.491 77.703 93.158 101.762 149.487l1.163 3.063c23.824 55.15 37.68
Action.c(35):     1 119.364 37.681 186.814s-13.857 131.664-38.878 189.951l1.198-3.136c-25.222 59.392-59.98 1
Action.c(35):     10.059-102.884 152.509l-0.041 0.040z",\n
Action.c(35):             "M618.076 348.029v-55.926h-434.281v398.047h73.124c7.87 39.126 41.961 68.182 82.839
Action.c(35):      68.182s74.969-29.056 82.748-67.641l0.091-0.541h207.557c7.87 39.126 41.961 68.182 82.839 6
Action.c(35):     8.182s74.969-29.056 82.748-67.641l0.091-0.541h44.373v-204.406l-97.411-137.846zM339.233 725
Action.c(35):     .333c-28.056-0.064-50.862-22.456-51.592-50.345l-0.001-0.068v-1.182c0-28.494 23.099-51.594 
Action.c(35):     51.594-51.594s51.594 23.099 51.594 51.594c0 28.494-23.099 51.594-51.594 51.594v0zM585.255 
Action.c(35):     657.329h-163.184c-7.87-39.126-41.961-68.182-82.839-68.182s-74.969 29.056-82.748 67.641l-0.
Action.c(35):     091 0.541h-40.304v-332.406h369.165zM712.993 725.333c-0.004 0-0.009 0-0.014 0-28.079 0-50.9
Action.c(35):     19-22.431-51.579-50.351l-0.001-0.061v-1.182c0-28.494 23.099-51.594 51.594-51.594s51.594 23
Action.c(35):     .099 51.594 51.594c0 28.494-23.099 51.594-51.594 51.594v0zM807.91 657.329h-12.078c-7.87-39
Action.c(35):     .126-41.961-68.182-82.839-68.182s-74.969 29.056-82.748 67.641l-0.091 0.541h-12.078v-276.61
Action.c(35):     1h108.176l81.657 115.528z",\n
Action.c(35):             "M389.645 557.292h89.797v-74.568h-41.485v34.79h-42.273c-14.441 0-25.337-26.256-23.
Action.c(35):     631-38.072s15.491-28.882 26.256-28.882h81.92v-40.435h-78.769c-1.566-0.136-3.388-0.213-5.22
Action.c(35):     9-0.213-17.819 0-33.942 7.26-45.573 18.982l-0.004 0.004c-13.502 13.924-21.826 32.938-21.82
Action.c(35):     6 53.895 0 8.903 1.502 17.456 4.267 25.418l-0.164-0.544c8.266 25.673 29.774 44.819 56.275 
Action.c(35):     49.56l0.439 0.065z"\n
Action.c(35):           ],\n
Action.c(35):           "attrs": [\n
Action.c(35):             {\n
Action.c(35):               "fill": "rgb(99, 102, 106)"\n
Action.c(35):             },\n
Action.c(35):             {\n
Action.c(35):               "fill": "rgb(99, 102, 106)"\n
Action.c(35):             },\n
Action.c(35):             {\n
Action.c(35):               "fill": "rgb(99, 102, 106)"\n
Action.c(35):             }\n
Action.c(35):           ],\n
Action.c(35):           "grid": 32,\n
Action.c(35):           "tags": [\n
Action.c(35):             "delivery-gntc"\n
Action.c(35):           ]\n
Action.c(35):         },\n
Action.c(35):         {\n
Action.c(35):           "paths": [\n
Action.c(35):             "M512 0c-282.77 0-512 229.23-512 512s229.23 512 512 512c282.77 0 512-229.23 512-51
Action.c(35):     2v0c0.001-0.429 0.002-0.938 0.002-1.446 0-281.972-228.584-510.556-510.556-510.556-0.508 0-
Action.c(35):     1.017 0.001-1.525 0.002l0.079-0zM851.364 851.364c-86.951 87.186-207.199 141.128-340.045 14
Action.c(35):     1.128-265.224 0-480.23-215.006-480.23-480.23s215.006-480.23 480.23-480.23c0.239 0 0.479 0 
Action.c(35):     0.718 0.001l-0.037-0c0.244-0 0.534-0.001 0.823-0.001 132.277 0 252.001 53.745 338.527 140.
Action.c(35):     589l0.014 0.014c42.945 42.491 77.703 93.158 101.762 149.487l1.163 3.063c23.824 55.15 37.68
Action.c(35):     1 119.364 37.681 186.814s-13.857 131.664-38.878 189.951l1.198-3.136c-25.222 59.392-59.98 1
Action.c(35):     10.059-102.884 152.509l-0.041 0.040z",\n
Action.c(35):             "M618.076 348.029v-55.926h-434.281v398.047h73.124c7.87 39.126 41.961 68.182 82.839
Action.c(35):      68.182s74.969-29.056 82.748-67.641l0.091-0.541h207.557c7.87 39.126 41.961 68.182 82.839 6
Action.c(35):     8.182s74.969-29.056 82.748-67.641l0.091-0.541h44.373v-204.406l-97.411-137.846zM339.233 725
Action.c(35):     .333c-28.056-0.064-50.862-22.456-51.592-50.345l-0.001-0.068v-1.182c0-28.494 23.099-51.594 
Action.c(35):     51.594-51.594s51.594 23.099 51.594 51.594c0 28.494-23.099 51.594-51.594 51.594v0zM585.255 
Action.c(35):     657.329h-163.184c-7.991-39.023-42.029-67.968-82.835-68.004l-0.004-0c-40.592 0.296-74.36 29
Action.c(35):     .154-82.22 67.459l-0.094 0.546h-40.829v-332.406h369.165zM712.993 725.333c-0.004 0-0.009 0-
Action.c(35):     0.014 0-28.079 0-50.919-22.431-51.579-50.351l-0.001-0.061v-1.182c0-28.494 23.099-51.594 51
Action.c(35):     .594-51.594s51.594 23.099 51.594 51.594c0 28.494-23.099 51.594-51.594 51.594v0zM807.91 657
Action.c(35):     .329h-12.078c-7.87-39.126-41.961-68.182-82.839-68.182s-74.969 29.056-82.748 67.641l-0.091 
Action.c(35):     0.541h-12.078v-276.611h108.176l81.657 115.528z",\n
Action.c(35):             "M373.366 557.817c0-14.047 0-70.367 0-97.28 6.302 17.986 17.329 48.837 21.53 60.78
Action.c(35):     4v0c2.048 3.623 5.437 6.284 9.478 7.329l0.106 0.023c1.694 0.555 3.643 0.876 5.667 0.876 0.
Action.c(35):     64 0 1.272-0.032 1.895-0.094l-0.079 0.006c0.066 0.001 0.144 0.002 0.222 0.002 5.097 0 9.51
Action.c(35):     5-2.904 11.69-7.148l0.034-0.074 20.217-60.39v77.85c0 18.511 0 18.511 0.788 19.167l0.919 0.
Action.c(35):     788h32.952v-1.707c0.046-0.863 0.072-1.872 0.072-2.888s-0.026-2.026-0.078-3.029l0.006 0.14v
Action.c(35):     -55.795c0-29.538 0-62.884 0-65.641-0.064-7.519-3.278-14.274-8.386-19.021l-0.016-0.015c-5.6
Action.c(35):     65-5.045-13.171-8.13-21.397-8.139l-2.628-0c-7.501 0.217-13.772 5.24-15.854 12.088l-0.032 0
Action.c(35):     .121-0.788 1.838c-4.989 12.209-14.966 36.365-19.43 46.999l-22.187-51.331c-4.852-6.036-12.2
Action.c(35):     35-9.866-20.512-9.866-0.358 0-0.714 0.007-1.069 0.021l0.051-0.002c-9.19 0-27.307 6.695-27.
Action.c(35):     569 22.055v134.695h34.921z"\n
Action.c(35):           ],\n
Action.c(35):           "attrs": [\n
Action.c(35):             {\n
Action.c(35):               "fill": "rgb(99, 102, 106)"\n
Action.c(35):             },\n
Action.c(35):             {\n
Action.c(35):               "fill": "rgb(99, 102, 106)"\n
Action.c(35):             },\n
Action.c(35):             {\n
Action.c(35):               "fill": "rgb(99, 102, 106)"\n
Action.c(35):             }\n
Action.c(35):           ],\n
Action.c(35):           "grid": 32,\n
Action.c(35):           "tags": [\n
Action.c(35):             "delivery-mrtn"\n
Action.c(35):           ]\n
Action.c(35):         },\n
Action.c(35):         {\n
Action.c(35):           "paths": [\n
Action.c(35):             "M512 0c-282.77 0-512 229.23-512 512s229.23 512 512 512c282.77 0 512-229.23 512-51
Action.c(35):     2v0c0.001-0.429 0.002-0.938 0.002-1.446 0-281.972-228.584-510.556-510.556-510.556-0.508 0-
Action.c(35):     1.017 0.001-1.525 0.002l0.079-0zM851.364 851.364c-86.951 87.186-207.199 141.128-340.045 14
Action.c(35):     1.128-265.224 0-480.23-215.006-480.23-480.23s215.006-480.23 480.23-480.23c0.239 0 0.479 0 
Action.c(35):     0.718 0.001l-0.037-0c0.244-0 0.534-0.001 0.823-0.001 132.277 0 252.001 53.745 338.527 140.
Action.c(35):     589l0.014 0.014c42.945 42.491 77.703 93.158 101.762 149.487l1.163 3.063c23.824 55.15 37.68
Action.c(35):     1 119.364 37.681 186.814s-13.857 131.664-38.878 189.951l1.198-3.136c-25.222 59.392-59.98 1
Action.c(35):     10.059-102.884 152.509l-0.041 0.040z",\n
Action.c(35):             "M278.318 239.59l-35.052 55.926-41.616 65.641v4.726c-0 0.037-0 0.082-0 0.126 0 36.
Action.c(35):     195 18.9 67.976 47.37 86.011l0.416 0.246v332.144h525.128v-332.144c28.437-18.33 46.999-49.8
Action.c(35):     42 46.999-85.688 0-0.106-
Action.c(35): t=7691ms: 12288-byte DECODED response body for "https://stage.peapod.com/shop/images/icons/PeapodIcons.json" (RelFrameId=1, Internal ID=3)
Action.c(35):     0-0.212-0-0.318l0 0.016v-4.726l-76.669-121.961zM741.481 751.59h-459.487v-285.67c6.519 1.46
Action.c(35):     8 14.007 2.308 21.69 2.308 22.503 0 43.322-7.213 60.27-19.452l-0.303 0.208c3.515-2.569 6.5
Action.c(35):     96-5.108 9.524-7.811l-0.072 0.066c18.086 16.849 42.428 27.192 69.186 27.192s51.1-10.343 69
Action.c(35):     .247-27.248l-0.061 0.056c18.118 16.83 42.479 27.157 69.251 27.157s51.133-10.327 69.315-27.
Action.c(35):     216l-0.064 0.059c18.351 16.809 42.905 27.108 69.864 27.108 6.489 0 12.838-0.597 18.996-1.7
Action.c(35):     38l-0.639 0.098 3.282-0.788zM751.59 427.454h-1.050c-5.386 2.789-11.632 4.974-18.207 6.232l
Action.c(35):     -0.435 0.069c-3.924 0.79-8.435 1.242-13.052 1.242-22.71 0-42.864-10.942-55.479-27.841l-0.1
Action.c(35):     3-0.182-13.128-18.117-13.391 18.117c-12.725 17.367-33.046 28.517-55.971 28.517-21.882 0-41
Action.c(35):     .39-10.158-54.068-26.016l-0.107-0.138-1.444-2.363-13.128-18.117-13.128 18.117-1.838 2.363c
Action.c(35):     -12.781 16.198-32.412 26.501-54.449 26.501-23.076 0-43.513-11.297-56.082-28.663l-0.139-0.2
Action.c(35):     02-13.128-18.117-13.128 18.117c-4.411 5.968-9.524 11.080-15.296 15.353l-0.196 0.138c-11.25
Action.c(35):      8.086-25.301 12.931-40.485 12.931-5.333 0-10.526-0.598-15.516-1.73l0.468 0.089c-6.155-1.3
Action.c(35):     44-11.592-3.335-16.653-5.952l0.374 0.176h-1.050c-20.886-11.070-35.221-32.058-36.749-56.517
Action.c(35):     l-0.010-0.197 52.513-84.414 8.796-13.916h430.211l8.665 13.391 52.513 84.414c-1.425 24.527-
Action.c(35):     15.498 45.471-35.743 56.534l-0.359 0.18z",\n
Action.c(35):             "M505.567 562.281h81.92v-40.435h-78.769c-1.576-0.138-3.409-0.217-5.26-0.217-17.834
Action.c(35):      0-33.958 7.317-45.536 19.112l-0.010 0.010c-13.513 13.907-21.844 32.911-21.844 53.862 0 8.
Action.c(35):     916 1.509 17.48 4.286 25.45l-0.165-0.543c8.24 25.87 29.868 45.179 56.536 49.953l0.441 0.06
Action.c(35):     5h89.797v-74.831h-41.485v34.921h-42.273c-14.441 0-25.337-26.256-23.631-38.072s15.491-29.27
Action.c(35):     6 25.994-29.276z"\n
Action.c(35):           ],\n
Action.c(35):           "attrs": [\n
Action.c(35):             {\n
Action.c(35):               "fill": "rgb(99, 102, 106)"\n
Action.c(35):             },\n
Action.c(35):             {\n
Action.c(35):               "fill": "rgb(99, 102, 106)"\n
Action.c(35):             },\n
Action.c(35):             {\n
Action.c(35):               "fill": "rgb(99, 102, 106)"\n
Action.c(35):             }\n
Action.c(35):           ],\n
Action.c(35):           "grid": 32,\n
Action.c(35):           "tags": [\n
Action.c(35):             "in-store-gntc"\n
Action.c(35):           ]\n
Action.c(35):         },\n
Action.c(35):         {\n
Action.c(35):           "paths": [\n
Action.c(35):             "M512 0c-282.77 0-512 229.23-512 512s229.23 512 512 512c282.77 0 512-229.23 512-51
Action.c(35):     2v0c0.001-0.429 0.002-0.938 0.002-1.446 0-281.972-228.584-510.556-510.556-510.556-0.508 0-
Action.c(35):     1.017 0.001-1.525 0.002l0.079-0zM851.364 851.364c-86.951 87.186-207.199 141.128-340.045 14
Action.c(35):     1.128-265.224 0-480.23-215.006-480.23-480.23s215.006-480.23 480.23-480.23c0.239 0 0.479 0 
Action.c(35):     0.718 0.001l-0.037-0c0.244-0 0.534-0.001 0.823-0.001 132.277 0 252.001 53.745 338.527 140.
Action.c(35):     589l0.014 0.014c42.945 42.491 77.703 93.158 101.762 149.487l1.163 3.063c23.824 55.15 37.68
Action.c(35):     1 119.364 37.681 186.814s-13.857 131.664-38.878 189.951l1.198-3.136c-25.222 59.392-59.98 1
Action.c(35):     10.059-102.884 152.509l-0.041 0.040z",\n
Action.c(35):             "M672.033 546.396c-3.009-3.262-7.305-5.299-12.076-5.299-4.315 0-8.242 1.666-11.171
Action.c(35):      4.389l0.010-0.009-105.026 96.886c-3.533 3.028-5.757 7.496-5.757 12.482 0 9.063 7.347 16.4
Action.c(35):     1 16.41 16.41 4.497 0 8.571-1.809 11.535-4.738l-0.002 0.002 105.026-96.886c3.305-3.013 5.3
Action.c(35):     7-7.336 5.37-12.141 0-4.284-1.642-8.185-4.33-11.107l0.011 0.012z",\n
Action.c(35):             "M646.564 686.343c4.263-0.008 8.141-1.654 11.038-4.342l-0.010 0.010 43.848-39.385c
Action.c(35):     3.106-2.99 5.036-7.184 5.036-11.828 0-9.063-7.347-16.41-16.41-16.41-4.089 0-7.829 1.496-10
Action.c(35):     .702 3.97l0.021-0.018-43.848 39.385c-3.264 3.009-5.301 7.306-5.301 12.078 0 9.034 7.301 16
Action.c(35):     .364 16.324 16.41l0.004 0z",\n
Action.c(35):             "M354.462 587.618v32.295c0 9.063 7.347 16.41 16.41 16.41s16.41-7.347 16.41-16.41v0
Action.c(35):     -32.295c0-9.063-7.347-16.41-16.41-16.41s-16.41 7.347-16.41 16.41v0z",\n
Action.c(35):             "M294.597 490.864c0.066 0 0.145 0 0.224 0 21.302 0 40.43-9.31 53.537-24.082l0.065-
Action.c(35):     0.074c13.289 14.935 32.563 24.297 54.023 24.297s40.734-9.362 53.959-24.225l0.064-0.073c13.
Action.c(35):     383 15.001 32.769 24.401 54.351 24.401s40.968-9.4 54.288-24.33l0.063-0.072c13.272 15.006 3
Action.c(35):     2.572 24.419 54.071 24.419 0.098 0 0.197-0 0.295-0.001l-0.015 0c0.203 0.002 0.444 0.003 0.
Action.c(35):     685 0.003 21.46 0 40.761-9.244 54.137-23.968l0.054-0.060c13.518 14.787 32.891 24.027 54.42
Action.c(35):     3 24.027 0.205 0 0.411-0.001 0.616-0.003l-0.031 0c0.645 0.022 1.404 0.034 2.165 0.034 36.8
Action.c(35):     7 0 66.953-29.062 68.59-65.528l0.005-0.148v-44.767c-0.018-3.167-0.945-6.114-2.533-8.598l0.
Action.c(35):     039 0.065-65.641-106.995c-2.941-4.675-8.070-7.738-13.915-7.746l-0.001-0h-410.256c-0.001-0-
Action.c(35):     0.002-0-0.003-0-5.778 0-10.853 3.010-13.742 7.548l-0.039 0.066-67.61 106.995s0 0 0 0.919c-
Action.c(35):     0.468 0.68-0.868 1.462-1.16 2.293l-0.021 0.070c-0.492 1.393-0.82 3.005-0.917 4.679l-0.002 
Action.c(35):     0.047s0 0 0 0v0 43.323c0.654 37.416 31.139 67.497 68.651 67.497 0.557 0 1.113-0.007 1.667-
Action.c(35):     0.020l-0.082 0.002zM729.403 458.043c-0.7 0.048-1.517 0.075-2.341 0.075-19.094 0-34.751-14.
Action.c(35):     716-36.248-33.424l-0.008-0.128c0-9.063-7.347-16.41-16.41-16.41s-16.41 7.347-16.41 16.41v0c
Action.c(35):     -1.716 18.861-17.454 33.523-36.616 33.523-0.651 0-1.297-0.017-1.939-0.050l0.090 0.004c-0.6
Action.c(35):     13 0.037-1.33 0.059-2.052 0.059-19.009 0-34.575-14.745-35.882-33.422l-0.006-0.113c0-9.063-
Action.c(35):     7.347-16.41-16.41-16.41s-16.41 7.347-16.41 16.41v0c-2.314 19.087-18.417 33.732-37.941 33.7
Action.c(35):     32s-35.626-14.645-37.922-33.548l-0.018-0.184c0-9.063-7.347-16.41-16.41-16.41s-16.41 7.347-
Action.c(35):     16.41 16.41v0c-2.021 19.157-18.088 33.955-37.612 33.955s-35.592-14.799-37.598-33.791l-0.01
Action.c(35):     4-0.164c0-9.063-7.347-16.41-16.41-16.41v0 0c-9.063 0-16.41 7.347-16.41 16.41v0c-1.115 18.7
Action.c(35):     47-16.591 33.528-35.518 33.528-0.667 0-1.33-0.018-1.989-0.055l0.092 0.004c-0.613 0.037-1.3
Action.c(35):     3 0.059-2.052 0.059-19.009 0-34.575-14.745-35.882-33.422l-0.006-0.113v-27.044h510.687v27.0
Action.c(35):     44c-1.314 18.79-16.879 33.535-35.889 33.535-0.722 0-1.439-0.021-2.15-0.063l0.098 0.005zM31
Action.c(35):     6.915 290.79h46.736l-10.24 40.172c-0.343 1.247-0.539 2.678-0.539 4.156 0 7.597 5.204 13.97
Action.c(35):     9 12.242 15.775l0.113 0.024c0.612 0.095 1.317 0.15 2.035 0.15s1.423-0.054 2.112-0.159l-0.0
Action.c(35):     77 0.010c7.596-0.054 13.97-5.219 15.859-12.225l0.027-0.116 12.472-48.312h52.513l-2.888 43.
Action.c(35):     192c-0.023 0.326-0.036 0.707-0.036 1.090 0 8.66 6.708 15.753 15.212 16.367l0.053 0.003h1.1
Action.c(35):     82c0.010 0 0.022 0 0.034 0 8.621 0 15.677-6.702 16.242-15.179l0.003-0.049 3.151-45.424h55.
Action.c(35):     138l3.151 45.424c0.635 8.54 7.72 15.229 16.368 15.229 0.015 0 0.030-0 0.045-0l-0.002 0h1.0
Action.c(35):     50c8.557-0.617 15.265-7.71 15.265-16.37 0-0.384-0.013-0.764-0.039-1.141l0.003 0.051-2.888-
Action.c(35):     43.192h52.513l13.128 48.312c1.825 7.144 8.203 12.341 15.795 12.341 0.032 0 0.063-0 0.095-0
Action.c(35):     l-0.005 0c0.611 0.092 1.317 0.144 2.035 0.144s1.423-0.052 2.113-0.154l-0.078 0.009c7.143-1
Action.c(35):     .881 12.326-8.282 12.326-15.894 0-1.443-0.186-2.842-0.536-4.175l0.025 0.114-10.371-40.172h
Action.c(35):     50.675l45.817 73.912h-484.562z",\n
Action.c(35):             "M799.902 733.21h-31.508v-223.179h-33.214v223.179h-295.647v-223.179h-32.558v223.17
Action.c(35):     9h-118.154v-223.179h-32.821v223.179h-31.508c-9.063 0-16.41 7.347-16.41 16.41s7.347 16.41 1
Action.c(35):     6.41 16.41v0h575.409c9.063 0 16.41-7.347 16.41-16.41s-7.347-16.41-16.41-16.41v0z"\n
Action.c(35):           ],\n
Action.c(35):           "attrs": [\n
Action.c(35):             {\n
Action.c(35):               "fill": "rgb(99, 102, 106)"\n
Action.c(35):             },\n
Action.c(35):             {\n
Action.c(35):               "fill": "rgb(99, 102, 106)"\n
Action.c(35):             },\n
Action.c(35):             {\n
Action.c(35):               "fill": "rgb(99, 102, 106)"\n
Action.c(35):             },\n
Action.c(35):             {\n
Action.c(35):               "fill": "rgb(99, 102, 106)"\n
Action.c(35):             },\n
Action.c(35):             {\n
Action.c(35):               "fill": "rgb(99, 102, 106)"\n
Action.c(35):             },\n
Action.c(35):             {\n
Action.c(35):               "fill": "rgb(99, 102, 106)"\n
Action.c(35):             }\n
Action.c(35):           ],\n
Action.c(35):           "grid": 32,\n
Action.c(35):           "tags": [\n
Action.c(35):             "in-store-gntl"\n
Action.c(35):           ]\n
Action.c(35):         },\n
Action.c(35):         {\n
Action.c(35):           "paths": [\n
Action.c(35):             "M512 0c-282.77 0-512 229.23-512 512s229.23 512 512 512c282.77 0 512-229.23 512-51
Action.c(35):     2v0c0.001-0.429 0.002-0.938 0.002-1.446 0-281.972-228.584-510.556-510.556-510.556-0.508 0-
Action.c(35):     1.017 0.001-1.525 0.002l0.079-0zM851.364 851.364c-86.951 87.186-207.199 141.128-340.045 14
Action.c(35):     1.128-265.224 0-480.23-215.006-480.23-480.23s215.006-480.23 480.23-480.23c0.239 0 0.479 0 
Action.c(35):     0.718 0.001l-0.037-0c0.244-0 0.534-0.001 0.823-0.001 132.277 0 252.001 53.745 338.527 140.
Action.c(35):     589l0.014 0.014c42.945 42.491 77.703 93.158 101.762 149.487l1.163 3.063c23.824 55.15 37.68
Action.c(35):     1 119.364 37.681 186.814s-13.857 131.664-38.878 189.951l1.198-3.136c-25.222 59.392-59.98 1
Action.c(35):     10.059-102.884 152.509l-0.041 0.040z",\n
Action.c(35):             "M779.815 295.516l-35.184-55.926h-466.183l-35.184 55.926-41.616 65.641v4.726c-0 0.
Action.c(35):     063-0 0.138-0 0.213 0 36.132 18.908 67.848 47.368 85.793l0.419 0.246v332.275h525.128v-332.
Action.c(35):     275c28.433-18.271 46.999-49.739 46.999-85.544 0-0.11-0-0.221-0.001-0.331l0 0.017v-4.726l-4
Action.c(35):     1.485-65.641zM741.481 751.59h-459.487v-285.67c6.648 1.521 14.283 2.393 22.122 2.393 26.925
Action.c(35):      0 51.448-10.286 69.853-27.144l-0.077 0.070c18.086 16.849 42.428 27.192 69.186 27.192s51.1
Action.c(35):     -10.343 69.247-27.248l-0.061 0.056c18.118 16.83 42.479 27.157 69.251 27.157s51.133-10.327 
Action.c(35):     69.315-27.216l-0.064 0.059c18.327 16.787 42.85 27.074 69.776 27.074 7.838 0 15.473-0.872 2
Action.c(35):     2.813-2.524l-0.691 0.131zM788.349 370.872c-1.608 24.807-16.090 45.897-36.776 56.795l-0.377
Action.c(35):      0.181c-4.492 2.276-9.735 4.254-15.208 5.658l-0.546 0.119c-4.715 1.088-10.128 1.712-15.687
Action.c(35):      1.712-2.195 0-4.368-0.097-6.514-0.288l0.278 0.020c-19.136-1.856-35.781-11.228-47.165-25.0
Action.c(35):     85l-0.096-0.121-3.019-2.888-13.128-18.117-13.391 18.117-2.757 3.545c-11.511 13.638-27.969 
Action.c(35):     22.785-46.573 24.657l-0.294 0.024h-6.302c-0.012 0-0.025 0-0.039 0-22.758 0-42.94-11.030-55
Action.c(35):     .492-28.037l-0.133-0.189-13.128-18.117-13.128 18.117-2.757 3.545c-12.807 15.472-32.016 25.
Action.c(35):     254-53.51 25.254-23.067 0-43.503-11.268-56.104-28.6l-0.138-0.199-13.128-18.117-13.128 18.1
Action.c(35):     17c-12.781 17.324-33.116 28.437-56.046 28.437-11.399 0-22.157-2.746-31.648-7.614l0.391 0.1
Action.c(35):     82h-1.182c-20.816-11.12-35.090-32.091-36.618-56.517l-0.010-0.197 52.513-84.414 8.796-13.91
Action.c(35):     6h430.211l8.665 13.391z",\n
Action.c(35):             "M581.973 548.234c-0.222-7.489-3.397-14.195-8.394-19.028l-0.008-0.007c-5.739-4.976
Action.c(35):     -13.28-8.008-21.53-8.008l-3.545-0c-7.516 0.173-13.808 5.217-15.854 12.089l-0.031 0.12-0.78
Action.c(35):     8 1.707c-4.857 12.341-14.966 36.365-19.298 46.999l-22.318-51.331c-4.675-6.111-11.971-10.01
Action.c(35):     4-20.178-10.014-0.476 0-0.948 0.013-1.417 0.039l0.065-0.003c-9.19 0-27.307 6.695-27.438 22
Action.c(35):     .055v135.221h34.921v-99.512c6.302 17.986 17.329 48.837 21.662 60.784v0c2.035 3.665 5.425 6
Action.c(35):     .37 9.476 7.458l0.107 0.025c1.145 0.243 2.46 0.382 3.807 0.382s2.663-0.139 3.932-0.404l-0.
Action.c(35):     124 0.022c0.274 0.023 0.593 0.035 0.915 0.035 4.88 0 9.068-2.958 10.871-7.179l0.029-0.077 
Action.c(35):     20.349-60.39v77.85c0 18.511 0 18.511 0.788 19.298h33.739v-1.707c0.047-0.863 0.074-1.872 0.
Action.c(35):     074-2.888s-0.027-2.026-0.080-3.028l0.006 0.14v-120.648z"\n
Action.c(35):           ],\n
Action.c(35):           "attrs": [\n
Action.c(35):             {\n
Action.c(35):               "fill": "rgb(99, 102, 106)"\n
Action.c(35):             },\n
Action.c(35):             {\n
Action.c(35):               "fill": "rgb(99, 102, 106)"\n
Action.c(35):             },\n
Action.c(35):             {\n
Action.c(35):               "fill": "rgb(99, 102, 106)"\n
Action.c(35):             }\n
Action.c(35):           ],\n
Action.c(35):           "grid": 32,\n
Action.c(35):           "tags": [\n
Action.c(35):             "in-store-mrtn"\n
Action.c(35):           ]\n
Action.c(35):         },\n
Action.c(35):         {\n
Action.c(35):           "paths": [\n
Action.c(35):             "M512 0c-282.77 0-512 229.23-512 512s229.23 512 512 512c282.77 0 512-229.23 512-51
Action.c(35):     2v0c0.001-0.429 0.002-0.938 0.002-1.446 0-281.972-228.584-510.556-510.556-510.556-0.508 0-
Action.c(35):     1.017 0.001-1.525 0.002l0.079-0zM851.364 851.364c-86.951 87.186-207.199 141.128-340.045 14
Action.c(35):     1.128-265.224 0-480.23-215.006-480.23-480.23s215.006-480.23 480.23-480.23c0.239 0 0.479 0 
Action.c(35):     0.718 0.001l-0.037-0c0.244-0 0.534-0.001 0.823-0.001 132.277 0 252.001 53.745 338.527 140.
Action.c(35):     589l0.014 0.014c42.945 42.491 77.703 93.158 101.762 149.487l1.163 3.063c23.824 55.15 37.68
Action.c(35):     1 119.364 37.681 186.814s-13.857 131.664-38.878 189.951l1.198-3.136c-25.222 59.392-59.98 1
Action.c(35):     10.059-102.884 152.509l-0.041 0.040z",\n
Action.c(35):             "M692.775 260.595c0.329-2.705 0.517-5.838 0.517-9.014 0-43.503-35.266-78.769-78.76
Action.c(35):     9-78.769s-78.769 35.266-78.769 78.769c0 2.295 0.098 4.567 0.29 6.812l-0.020-0.292c-15.887-
Action.c(35):     6.644-34.346-10.503-53.708-10.503-0.088 0-0.175 0-0.263 0l0.014-0c-76.492 1.22-139.157 58.
Action.c(35):     848-148.275 133.042l-0.074 0.735-48.574-31.508v399.623c-0.016 0.632-0.025 1.377-0.025 2.12
Action.c(35):     4 0 50.024 39.969 90.712 89.713 91.872l0.108 0.002h274.117c49.853-1.162 89.821-41.85 89.82
Action.c(35):     1-91.874 0-0.747-0.009-1.492-0.027-2.234l0.002 0.11v-399.754l-46.080 29.932zM568.845 260.5
Action.c(35):     95c0-25.159 20.396-45.555 45.555-45.555s45.555 20.396 45.555 45.555v139.947l-2.757 1.707-1
Action.c(35):     1.422-7.221-14.966-9.715c-4.641-42.502-25.571-79.383-56.318-104.813l-0.265-0.212-5.383-4.5
Action.c(35):     95zM482.068 280.418c23.805 0.014 45.876 7.428 64.040 20.066l-0.368-0.243c2.626 1.707 5.251
Action.c(35):      3.676 7.746 5.645 21.674 18.519 36.892 44.032 42.157 73.014l0.116 0.766-35.184 22.712-29.
Action.c(35):     407-18.773-19.167-12.472-48.049 31.245-49.099-31.245-47.262 31.114-1.838-1.182c-0.002-0.28
Action.c(35):     8-0.004-0.627-0.004-0.968 0-64.926 51.678-117.781 116.145-119.677l0.175-0.004zM706.035 410
Action.c(35):     .256v339.233c0.019 0.561 0.030 1.221 0.030 1.884 0 31.952-25.253 58.005-56.89 59.29l-0.116
Action.c(35):      0.004h-274.117c-31.753-1.288-57.006-27.342-57.006-59.294 0-0.662 0.011-1.322 0.032-1.98l-
Action.c(35):     0.002 0.096v-339.102l48.312 
Action.c(35): t=7721ms: 7746-byte DECODED response body for "https://stage.peapod.com/shop/images/icons/PeapodIcons.json" (RelFrameId=1, Internal ID=3)
Action.c(35):     31.376h0.788l48.181-30.851 48.049 31.245 48.706-31.639 48.181 31.376 48.443-31.376 48.574 
Action.c(35):     31.245z",\n
Action.c(35):             "M582.367 571.077c-0.102-7.471-3.309-14.172-8.386-18.89l-0.016-0.015c-5.665-5.045-
Action.c(35):     13.171-8.13-21.397-8.139l-3.547-0c-7.501 0.217-13.772 5.24-15.854 12.088l-0.032 0.121-0.78
Action.c(35):     8 1.838c-4.989 12.209-14.966 36.365-19.43 46.999l-22.187-51.331c-4.852-6.036-12.235-9.866-
Action.c(35):     20.512-9.866-0.358 0-0.714 0.007-1.069 0.021l0.051-0.002c-9.321 0-27.438 6.695-27.569 21.9
Action.c(35):     24v135.221h34.921v-2.363c0-14.047 0-70.367 0-97.28 6.302 17.986 17.329 48.837 21.53 60.784
Action.c(35):     v0.656c2.048 3.623 5.437 6.284 9.478 7.329l0.106 0.023c1.694 0.555 3.643 0.876 5.667 0.876
Action.c(35):      0.64 0 1.272-0.032 1.895-0.094l-0.079 0.006c0.066 0.001 0.144 0.002 0.222 0.002 5.097 0 9
Action.c(35):     .515-2.904 11.69-7.148l0.034-0.074 20.611-59.865v77.85c0 18.379 0 18.379 0.788 19.167l0.91
Action.c(35):     9 0.788h32.952v-1.575c0-1.050 0-2.626 0-5.908v-56.976c0.131-29.538 0-62.884 0-66.166z"\n
Action.c(35):           ],\n
Action.c(35):           "attrs": [\n
Action.c(35):             {\n
Action.c(35):               "fill": "rgb(99, 102, 106)"\n
Action.c(35):             },\n
Action.c(35):             {\n
Action.c(35):               "fill": "rgb(99, 102, 106)"\n
Action.c(35):             },\n
Action.c(35):             {\n
Action.c(35):               "fill": "rgb(99, 102, 106)"\n
Action.c(35):             }\n
Action.c(35):           ],\n
Action.c(35):           "grid": 32,\n
Action.c(35):           "tags": [\n
Action.c(35):             "pick-up-mrtn"\n
Action.c(35):           ]\n
Action.c(35):         },\n
Action.c(35):         {\n
Action.c(35):           "paths": [\n
Action.c(35):             "M851.364 851.364c-86.951 87.186-207.199 141.128-340.045 141.128-265.224 0-480.23-
Action.c(35):     215.006-480.23-480.23s215.006-480.23 480.23-480.23c0.239 0 0.479 0 0.718 0.001l-0.037-0c0.
Action.c(35):     244-0 0.534-0.001 0.823-0.001 132.277 0 252.001 53.745 338.527 140.589l0.014 0.014c42.945 
Action.c(35):     42.491 77.703 93.158 101.762 149.487l1.163 3.063c23.824 55.15 37.681 119.364 37.681 186.81
Action.c(35):     4s-13.857 131.664-38.878 189.951l1.198-3.136c-25.222 59.392-59.98 110.059-102.884 152.509l
Action.c(35):     -0.041 0.040zM512 0c-282.77 0-512 229.23-512 512s229.23 512 512 512c282.77 0 512-229.23 51
Action.c(35):     2-512v0c0.001-0.429 0.002-0.938 0.002-1.446 0-281.972-228.584-510.556-510.556-510.556-0.50
Action.c(35):     8 0-1.017 0.001-1.525 0.002l0.079-0z",\n
Action.c(35):             "M651.815 621.752c-9.063 0-16.41-7.347-16.41-16.41v0-290.265h-322.297v75.093c0 9.0
Action.c(35):     63-7.347 16.41-16.41 16.41s-16.41-7.347-16.41-16.41v0-91.897c0.147-8.877 7.378-16.017 16.2
Action.c(35):     77-16.017 0.047 0 0.094 0 0.141 0.001l-0.007-0h355.118c9.063 0 16.41 7.347 16.41 16.41v0 3
Action.c(35):     06.675c0 9.063-7.347 16.41-16.41 16.41v0z",\n
Action.c(35):             "M848.476 695.795h-40.566v-32.821h24.156v-118.154c-48.968-14.047-56.32-17.986-56.3
Action.c(35):     2-31.639 0-9.977-7.352-36.365-54.876-103.319h-68.661v-32.821h77.063c5.387 0.088 10.137 2.7
Action.c(35):     37 13.096 6.78l0.033 0.047c48.574 67.085 61.834 100.168 65.641 118.81 6.302 2.363 19.167 6
Action.c(35):     .564 45.292 13.916 6.906 2.133 11.854 8.419 11.947 15.874l0 0.011v147.298c-0.218 8.894-7.4
Action.c(35):     79 16.021-16.406 16.021-0.14 0-0.28-0.002-0.419-0.005l0.021 0z",\n
Action.c(35):             "M746.47 536.681h-46.868c-9.063 0-16.41-7.347-16.41-16.41s7.347-16.41 16.41-16.41v
Action.c(35):     0h22.449l-23.106-56.845c-0.761-1.826-1.203-3.946-1.203-6.17 0-9.075 7.357-16.431 16.431-16
Action.c(35):     .431 6.851 0 12.722 4.193 15.189 10.152l0.040 0.109 32.164 78.769c0.762 1.825 1.204 3.946 
Action.c(35):     1.204 6.17 0 9.063-7.347 16.41-16.41 16.41-0.008 0-0.016-0-0.024-0l0.001 0z",\n
Action.c(35):             "M723.364 741.744c-35.011-0.297-63.278-28.748-63.278-63.801 0-35.237 28.566-63.803
Action.c(35):      63.803-63.803s63.802 28.564 63.803 63.801l0 0c-0.074 35.254-28.67 63.804-63.934 63.804-0.
Action.c(35):     139 0-0.277-0-0.415-0.001l0.021 0zM723.364 646.958c-17.111 0-30.983 13.871-30.983 30.983s1
Action.c(35):     3.871 30.983 30.983 30.983c17.111 0 30.983-13.871 30.983-30.983v0c0-17.111-13.871-30.983-3
Action.c(35):     0.983-30.983v0z",\n
Action.c(35):             "M415.114 741.744c-35.181-0.075-63.672-28.612-63.672-63.803 0-35.237 28.566-63.803
Action.c(35):      63.803-63.803s63.803 28.566 63.803 63.803l-0-0c-0.075 35.254-28.67 63.803-63.934 63.803-0
Action.c(35):      0-0-0-0-0l0 0zM415.114 646.958c-16.998 0.149-30.72 13.963-30.72 30.981 0 17.111 13.871 30
Action.c(35):     .983 30.983 30.983s30.982-13.871 30.983-30.981l0-0c0-0 0-0.001 0-0.001 0-17.111-13.871-30.
Action.c(35):     983-30.983-30.983-0.092 0-0.185 0-0.277 0.001l0.014-0z",\n
Action.c(35):             "M617.026 690.412h-105.026c-9.063 0-16.41-7.347-16.41-16.41s7.347-16.41 16.41-16.4
Action.c(35):     1v0h105.026c9.063 0 16.41 7.347 16.41 16.41s-7.347 16.41-16.41 16.41v0z",\n
Action.c(35):             "M255.344 379.011h-75.487c-9.063 0-16.41-7.347-16.41-16.41s7.347-16.41 16.41-16.41
Action.c(35):     v0h75.487c9.063 0 16.41 7.347 16.41 16.41s-7.347 16.41-16.41 16.41v0z",\n
Action.c(35):             "M358.531 453.317h-144.41c-9.063 0-16.41-7.347-16.41-16.41s7.347-16.41 16.41-16.41
Action.c(35):     v0h144.41c9.063 0 16.41 7.347 16.41 16.41s-7.347 16.41-16.41 16.41v0z",\n
Action.c(35):             "M255.344 526.966h-79.819c-9.063 0-16.41-7.347-16.41-16.41s7.347-16.41 16.41-16.41
Action.c(35):     v0h79.819c9.063 0 16.41 7.347 16.41 16.41s-7.347 16.41-16.41 16.41v0z",\n
Action.c(35):             "M644.201 587.618h-347.504c-9.063 0-16.41-7.347-16.41-16.41s7.347-16.41 16.41-16.4
Action.c(35):     1v0h347.504c9.063 0 16.41 7.347 16.41 16.41s-7.347 16.41-16.41 16.41v0z",\n
Action.c(35):             "M420.89 462.769c-0.036-0.158-0.056-0.339-0.056-0.525s0.020-0.367 0.059-0.542l-0.0
Action.c(35):     03 0.017c0.072-1.465 1.277-2.626 2.754-2.626 0.001 0 0.002 0 0.003 0l101.481-0c1.45 0 2.62
Action.c(35):     6 1.176 2.626 2.626v0c0.036 0.158 0.056 0.339 0.056 0.525s-0.020 0.367-0.059 0.542l0.003-0
Action.c(35):     .017c-9.875 19.855-30.023 33.258-53.301 33.258s-43.425-13.404-53.145-32.914l-0.155-0.344z"
Action.c(35):     ,\n
Action.c(35):             "M434.281 393.846v-0.788c0.376-0.356 0.884-0.575 1.444-0.575s1.069 0.219 1.445 0.5
Action.c(35):     76l-0.001-0.001 56.189 56.189c0.395 0.382 0.64 0.917 0.64 1.51s-0.245 1.127-0.64 1.509l-0.
Action.c(35):     001 0.001c-4.5 1.602-9.69 2.528-15.096 2.528-25.594 0-46.343-20.748-46.343-46.343 0-5.224 
Action.c(35):     0.864-10.247 2.458-14.932l-0.096 0.326z",\n
Action.c(35):             "M488.632 377.961h0.656c0.87 0 1.575 0.705 1.575 1.575v0 0 57.108c0 0.87-0.705 1.5
Action.c(35):     75-1.575 1.575v0h-0.656c-11.3-5.462-18.955-16.836-18.955-29.998s7.656-24.536 18.757-29.911
Action.c(35):     l0.198-0.086z",\n
Action.c(35):             "M527.097 408.812v0c0.196 0.228 0.315 0.527 0.315 0.853s-0.119 0.625-0.317 0.855l0
Action.c(35):     .001-0.002-29.801 33.083c-0.208 0.187-0.485 0.301-0.788 0.301s-0.58-0.114-0.789-0.302l0.00
Action.c(35):     1 0.001s0 0 0 0v0c-0.858-2.629-1.353-5.655-1.353-8.797 0-7.408 2.752-14.174 7.289-19.33l-0
Action.c(35):     .028 0.033c4.215-4.91 10.429-8.001 17.364-8.001 2.864 0 5.604 0.527 8.13 1.489l-0.157-0.05
Action.c(35):     2z"\n
Action.c(35):           ],\n
Action.c(35):           "attrs": [\n
Action.c(35):             {\n
Action.c(35):               "fill": "rgb(99, 102, 106)"\n
Action.c(35):             },\n
Action.c(35):             {\n
Action.c(35):               "fill": "rgb(99, 102, 106)"\n
Action.c(35):             },\n
Action.c(35):             {\n
Action.c(35):               "fill": "rgb(99, 102, 106)"\n
Action.c(35):             },\n
Action.c(35):             {\n
Action.c(35):               "fill": "rgb(99, 102, 106)"\n
Action.c(35):             },\n
Action.c(35):             {\n
Action.c(35):               "fill": "rgb(99, 102, 106)"\n
Action.c(35):             },\n
Action.c(35):             {\n
Action.c(35):               "fill": "rgb(99, 102, 106)"\n
Action.c(35):             },\n
Action.c(35):             {\n
Action.c(35):               "fill": "rgb(99, 102, 106)"\n
Action.c(35):             },\n
Action.c(35):             {\n
Action.c(35):               "fill": "rgb(99, 102, 106)"\n
Action.c(35):             },\n
Action.c(35):             {\n
Action.c(35):               "fill": "rgb(99, 102, 106)"\n
Action.c(35):             },\n
Action.c(35):             {\n
Action.c(35):               "fill": "rgb(99, 102, 106)"\n
Action.c(35):             },\n
Action.c(35):             {\n
Action.c(35):               "fill": "rgb(99, 102, 106)"\n
Action.c(35):             },\n
Action.c(35):             {\n
Action.c(35):               "fill": "rgb(99, 102, 106)"\n
Action.c(35):             },\n
Action.c(35):             {\n
Action.c(35):               "fill": "rgb(99, 102, 106)"\n
Action.c(35):             },\n
Action.c(35):             {\n
Action.c(35):               "fill": "rgb(99, 102, 106)"\n
Action.c(35):             },\n
Action.c(35):             {\n
Action.c(35):               "fill": "rgb(99, 102, 106)"\n
Action.c(35):             }\n
Action.c(35):           ],\n
Action.c(35):           "grid": 32,\n
Action.c(35):           "tags": [\n
Action.c(35):             "delivery-gntl"\n
Action.c(35):           ]\n
Action.c(35):         },\n
Action.c(35):         {\n
Action.c(35):           "paths": [\n
Action.c(35):             "M840.587 851.475c-42.029 42.64-92.017 77.304-147.574 101.602l-3.044 1.187c-54.36 
Action.c(35):     23.843-117.72 37.718-184.32 37.718s-129.96-13.876-187.346-38.893l3.026 1.175c-114.476-50.0
Action.c(35):     54-203.672-140.176-251.319-252.225l-1.181-3.127c-23.525-55.138-37.201-119.285-37.201-186.6
Action.c(35):     26 0-0.101 0-0.201 0-0.302l-0 0.016c-0.001-0.43-0.002-0.939-0.002-1.448 0-129.975 51.606-2
Action.c(35):     47.897 135.446-334.394l-0.12 0.125c85.117-88.968 204.792-144.269 337.384-144.269 0.417 0 0
Action.c(35):     .833 0.001 1.25 0.002l-0.065-0c0.407-0.001 0.89-0.002 1.372-0.002 66.176 0 129.11 13.879 1
Action.c(35):     86.050 38.886l-2.973-1.164c114.325 50.175 203.402 140.262 251.057 252.221l1.184 3.131c23.5
Action.c(35):     26 55.227 37.202 119.473 37.202 186.912s-13.676 131.685-38.405 190.114l1.203-3.202c-24.931
Action.c(35):      59.309-59.252 109.964-101.643 152.584l0.021-0.021zM505.519 0c-141.79 0.012-269.82 58.91-3
Action.c(35):     60.971 153.572l-0.151 0.158c-89.344 92.476-144.397 218.58-144.397 357.542 0 0.256 0 0.512 
Action.c(35):     0.001 0.769l-0-0.04
Action.c(35): t=7758ms: 5531-byte ENCODED response body received for "https://stage.peapod.com/shop/images/icons/PeapodIcons.json" (RelFrameId=1, Internal ID=3)
Action.c(35): t=7758ms: 12288-byte DECODED response body for "https://stage.peapod.com/shop/images/icons/PeapodIcons.json" (RelFrameId=1, Internal ID=3)
Action.c(35):     0c0 282.831 226.576 512 505.519 512s505.519-229.169 505.519-512-226.187-512-505.519-512z",
Action.c(35):     \n
Action.c(35):             "M174.987 492.557c-10.758 0-19.443 5.703-19.443 12.962s9.073 12.962 19.832 12.962 
Action.c(35):     19.054-5.963 19.054-12.962-9.073-12.962-19.443-12.962z",\n
Action.c(35):             "M155.544 557.367c0 7.129 8.555 12.962 19.184 12.962s19.702-5.963 19.702-12.962-8.
Action.c(35):     944-12.962-19.573-12.962-19.313 5.963-19.313 12.962z",\n
Action.c(35):             "M468.966 477.003c-0-0.039-0-0.084-0-0.13 0-18.684 15.147-33.831 33.831-33.831s33.
Action.c(35):     831 15.147 33.831 33.831c0 18.684-15.146 33.831-33.831 33.831l-0-0c-0 0-0 0-0 0-18.639 0-3
Action.c(35):     3.757-15.073-33.831-33.694l-0-0.007zM568.514 477.003c0-0.077 0.001-0.168 0.001-0.259 0-36.
Action.c(35):     295-29.423-65.717-65.717-65.717s-65.717 29.423-65.717 65.717c0 36.295 29.422 65.717 65.717
Action.c(35):      65.717l-0-0c0.039 0 0.084 0 0.13 0 36.178 0 65.514-29.291 65.588-65.451l0-0.007zM849.531 
Action.c(35):     697.357h-35.775c-8.515-33.101-38.094-57.168-73.294-57.168-33.11 0-61.246 21.294-71.462 50.
Action.c(35):     933l-0.159 0.531v-113.418h77.772c12.165-0.011 22.886-6.181 29.215-15.559l0.080-0.125c3.627
Action.c(35):     -5.4 5.789-12.049 5.789-19.202 0-5.059-1.081-9.866-3.026-14.201l0.088 0.22-12.962-31.368c-
Action.c(35):     5.575-12.464-17.864-20.992-32.145-20.998l-64.811-0v-13.999h102.53v0.648l50.552 90.734c4.88
Action.c(35):     5 10.537 15.136 17.835 27.149 18.403l0.071 0.003zM740.391 759.445c-24.069-0.074-43.552-19.
Action.c(35):     602-43.552-43.682 0-24.125 19.557-43.682 43.682-43.682s43.682 19.557 43.682 43.682l0 0c-0.
Action.c(35):     293 23.901-19.736 43.164-43.679 43.164-0.047 0-0.093-0-0.14-0l0.007 0zM668.841 508.759h64.
Action.c(35):     81c0.049-0.003 0.107-0.005 0.165-0.005 1.177 0 2.194 0.682 2.679 1.672l0.008 0.018 12.962 
Action.c(35):     31.757c0.184 0.421 0.292 0.911 0.292 1.426s-0.107 1.005-0.301 1.449l0.009-0.023c-0.695 0.8
Action.c(35):     22-1.705 1.36-2.841 1.425l-0.011 0h-77.772zM276.869 758.927c-24.069-0.074-43.552-19.602-43
Action.c(35):     .552-43.682 0-24.125 19.557-43.682 43.682-43.682s43.682 19.557 43.682 43.682l0 0c0 0 0 0 0
Action.c(35):      0 0 24.125-19.557 43.682-43.682 43.682-0.046 0-0.091-0-0.137-0l0.007 0zM851.346 540.776v0
Action.c(35):     l-50.552-90.734c-5.018-10.943-15.878-18.407-28.481-18.407-0.058 0-0.116 0-0.174 0l0.009-0h
Action.c(35):     -103.307v-51.848c0-30.783-24.954-55.737-55.737-55.737h-401.823c-0-0-0-0-0-0-30.737 0-55.66
Action.c(35):     3 24.88-55.737 55.6l-0 0.007v86.975c0 8.805 7.138 15.943 15.943 15.943s15.943-7.138 15.943
Action.c(35):     -15.943v-86.975c0.073-13.143 10.708-23.777 23.843-23.85l0.007-0h401.823c13.143 0.073 23.77
Action.c(35):     7 10.708 23.85 23.843l0 0.007v291.905c-0.073 13.143-10.708 23.777-23.843 23.85l-0.007 0h-2
Action.c(35):     63.129c-9.151-32.252-38.337-55.481-72.948-55.481-34.185 0-63.077 22.66-72.476 53.778l-0.13
Action.c(35):     9 0.536c-9.723-3.157-16.643-12.102-16.721-22.674l-0-0.009v-65.588c0-8.805-7.138-15.943-15.
Action.c(35):     943-15.943s-15.943 7.138-15.943 15.943v-0 65.588c0.268 27.24 20.081 49.774 46.073 54.264l0
Action.c(35):     .331 0.047c5.463 36.836 36.866 64.779 74.794 64.779 37.606 0 68.796-27.469 74.6-63.438l0.0
Action.c(35):     58-0.433h261.444c11.669-0.13 22.468-3.744 31.437-9.849l-0.198 0.127c5.269 6.311 12.914 10.
Action.c(35):     486 21.542 11.141l0.105 0.006c6.667 35.555 37.467 62.1 74.467 62.1s67.8-26.545 74.393-61.6
Action.c(35):     3l0.073-0.47h34.997c0.002 0 0.004 0 0.007 0 17.168 0 31.128-13.735 31.49-30.816l0.001-0.03
Action.c(35):     4v-125.084c-0.050-16.881-13.319-30.647-29.996-31.495l-0.076-0.003z"\n
Action.c(35):           ],\n
Action.c(35):           "attrs": [\n
Action.c(35):             {\n
Action.c(35):               "fill": "rgb(99, 102, 106)"\n
Action.c(35):             },\n
Action.c(35):             {\n
Action.c(35):               "fill": "rgb(99, 102, 106)"\n
Action.c(35):             },\n
Action.c(35):             {\n
Action.c(35):               "fill": "rgb(99, 102, 106)"\n
Action.c(35):             },\n
Action.c(35):             {\n
Action.c(35):               "fill": "rgb(99, 102, 106)"\n
Action.c(35):             }\n
Action.c(35):           ],\n
Action.c(35):           "width": 1011,\n
Action.c(35):           "grid": 32,\n
Action.c(35):           "tags": [\n
Action.c(35):             "delivery-stsh"\n
Action.c(35):           ]\n
Action.c(35):         },\n
Action.c(35):         {\n
Action.c(35):           "paths": [\n
Action.c(35):             "M851.364 851.364c-86.951 87.186-207.199 141.128-340.045 141.128-265.224 0-480.23-
Action.c(35):     215.006-480.23-480.23s215.006-480.23 480.23-480.23c0.239 0 0.479 0 0.718 0.001l-0.037-0c0.
Action.c(35):     244-0 0.534-0.001 0.823-0.001 132.277 0 252.001 53.745 338.527 140.589l0.014 0.014c42.945 
Action.c(35):     42.491 77.703 93.158 101.762 149.487l1.163 3.063c23.824 55.15 37.681 119.364 37.681 186.81
Action.c(35):     4s-13.857 131.664-38.878 189.951l1.198-3.136c-25.222 59.392-59.98 110.059-102.884 152.509l
Action.c(35):     -0.041 0.040zM512 0c-282.77 0-512 229.23-512 512s229.23 512 512 512c282.77 0 512-229.23 51
Action.c(35):     2-512v0c0.001-0.429 0.002-0.938 0.002-1.446 0-281.972-228.584-510.556-510.556-510.556-0.50
Action.c(35):     8 0-1.017 0.001-1.525 0.002l0.079-0z",\n
Action.c(35):             "M214.777 614.4c-8.556 0-15.491 6.936-15.491 15.491s6.936 15.491 15.491 15.491h0c8
Action.c(35):     .556 0 15.491-6.936 15.491-15.491s-6.936-15.491-15.491-15.491h0z",\n
Action.c(35):             "M199.286 673.608c0.148 8.442 7.026 15.229 15.489 15.229 0.001 0 0.002-0 0.002-0l-
Action.c(35):     0 0c8.556 0 15.491-6.936 15.491-15.491s-6.936-15.491-15.491-15.491h-0c-0.081-0.002-0.176-0
Action.c(35):     .002-0.272-0.002-8.411 0-15.229 6.818-15.229 15.229 0 0.186 0.003 0.37 0.010 0.554l-0.001-
Action.c(35):     0.027z",\n
Action.c(35):             "M483.906 562.675h262.564v137.584h-262.564zM761.436 730.716c8.324-0.147 15.025-6.8
Action.c(35):     93 15.097-15.222l0-0.007v-168.041c0-0.039 0.001-0.086 0.001-0.132 0-8.266-6.701-14.966-14.
Action.c(35):     966-14.966-0.046 0-0.093 0-0.139 0.001l0.007-0h-292.759c-0.039-0-0.085-0.001-0.131-0.001-8
Action.c(35):     .338 0-15.097 6.759-15.097 15.097 0 0 0 0 0 0.001l-0-0v168.041c0.074 8.381 6.848 15.155 15
Action.c(35):     .222 15.229l0.007 0zM864.886 472.615h-706.691v-26.256h706.691zM274.117 323.61h478.129l91.8
Action.c(35):     97 89.141h-658.773zM739.774 238.146v55.007h-456.205v-54.876zM286.326 554.273h106.338v228.4
Action.c(35):     31h-106.338zM891.536 417.214l-120.779-118.154v-75.881c0-8.411-6.818-15.229-15.229-15.229v0
Action.c(35):     h-487.056c-8.411 0-15.229 6.818-15.229 15.229h0v78.769l-114.215 113.953c-6.474 1.743-11.16
Action.c(35):     1 7.562-11.161 14.474 0 0.081 0.001 0.161 0.002 0.241l-0-0.012v56.845c0.074 8.381 6.848 15
Action.c(35):     .155 15.222 15.229l0.007 0h55.007v79.951c0 8.411 6.818 15.229 15.229 15.229s15.229-6.818 1
Action.c(35):     5.229-15.229v0-79.557h572.258v282.65h-377.698v-246.679c0-0 0-0 0-0.001 0-8.338-6.759-15.09
Action.c(35):     7-15.097-15.097-0.046 0-0.092 0-0.138 0.001l0.007-0h-136.796c-0.039-0-0.086-0.001-0.132-0.
Action.c(35):     001-8.266 0-14.966 6.701-14.966 14.966 0 0.046 0 0.093 0.001 0.139l-0-0.007v246.679h-27.43
Action.c(35):     8v-68.004c0-8.411-6.818-15.229-15.229-15.229s-15.229 6.818-15.229 15.229v-0 83.102c0.074 8
Action.c(35):     .381 6.848 15.155 15.222 15.229l0.007 0h602.978c8.381-0.074 15.155-6.848 15.229-15.222l0-0
Action.c(35):     .007v-297.748h48.049c8.323-0.214 15.015-6.906 15.228-15.209l0-0.020v-54.613c0.633-1.611 1.
Action.c(35):     001-3.477 1.001-5.429 0-4.116-1.633-7.851-4.287-10.592l0.004 0.004z"\n
Action.c(35):           ],\n
Action.c(35):           "attrs": [\n
Action.c(35):             {\n
Action.c(35):               "fill": "rgb(99, 102, 106)"\n
Action.c(35):             },\n
Action.c(35):             {\n
Action.c(35):               "fill": "rgb(99, 102, 106)"\n
Action.c(35):             },\n
Action.c(35):             {\n
Action.c(35):               "fill": "rgb(99, 102, 106)"\n
Action.c(35):             },\n
Action.c(35):             {\n
Action.c(35):               "fill": "rgb(99, 102, 106)"\n
Action.c(35):             }\n
Action.c(35):           ],\n
Action.c(35):           "grid": 32,\n
Action.c(35):           "tags": [\n
Action.c(35):             "in-store-stsh"\n
Action.c(35):           ]\n
Action.c(35):         },\n
Action.c(35):         {\n
Action.c(35):           "paths": [\n
Action.c(35):             "M851.475 851.475c-42.711 42.547-93.317 77.203-149.425 101.575l-3.138 1.214c-55.17
Action.c(35):     7 23.851-119.425 37.723-186.912 37.723s-131.736-13.872-190.048-38.921l3.135 1.198c-59.272-
Action.c(35):     25.514-109.889-60.181-152.569-102.795l0.006 0.006c-86.934-86.911-140.705-206.99-140.705-33
Action.c(35):     9.629 0-130.628 52.154-249.075 136.776-335.654l-0.088 0.091c42.927-44.076 94.204-79.777 15
Action.c(35):     1.309-104.583l3.069-1.187c55.719-24.321 120.642-38.473 188.87-38.473 67.525 0 131.812 13.8
Action.c(35):     61 190.172 38.894l-3.143-1.199c115.46 49.735 205.617 139.892 254.154 252.236l1.198 3.116c2
Action.c(35):     3.995 55.179 37.955 119.454 37.955 186.99 0 132.572-53.791 252.581-140.738 339.392l-0.006 
Action.c(35):     0.006zM512 0c-282.77 0-512 229.23-512 512s229.23 512 512 512c282.77 0 512-229.23 512-512v0
Action.c(35):     c0.001-0.27 0.001-0.589 0.001-0.908 0-282.269-228.824-511.093-511.093-511.093-0.319 0-0.63
Action.c(35):     8 0-0.958 0.001l0.049-0z",\n
Action.c(35):             "M720.948 400.527c1.105-0.176 2.378-0.276 3.675-0.276 5.271 0 10.155 1.656 14.161 
Action.c(35):     4.476l-0.078-0.052c4.919 3.717 8.364 9.158 9.442 15.409l0.021 0.146 7.259 46.404 2.852 17.
Action.c(35):     758h-48.608l-8.944-56.644c-0.175-1.084-0.274-2.334-0.274-3.607 0-11.989 8.845-21.911 20.36
Action.c(35):     6-23.597l0.129-0.016zM817.515 444.468c0.078-0.001 0.17-0.001 0.262-0.001 17.045 0 30.888 1
Action.c(35):     3.708 31.106 30.7l0 0.021c-0.011 3.425-0.532 6.724-1.489 9.831l0.063-0.239h-56.774l-3.111-
Action.c(35):     19.443c4.405-12.261 15.931-20.872 29.468-20.872 0.167 0 0.333 0.001 0.499 0.004l-0.025-0zM
Action.c(35):     880.251 485.428c0.577-3.009 0.908-6.469 0.908-10.007 0-0.082-0-0.164-0.001-0.246l0 0.013c-
Action.c(35):     0.438-34.528-28.53-62.35-63.12-62.35-0.184 0-0.368 0.001-0.551 0.002l0.028-0c-0.075-0-0.16
Action.c(35):     4-0-0.252-0-13.404 0-25.847 4.119-36.131 11.16l0.219-0.142-1.426-8.425c-4.181-27.171-27.39
Action.c(35):     6-47.734-55.413-47.734-30.945 0-56.030 25.086-56.030 56.030 0 2.927 0.225 5.803 0.657 8.60
Action.c(35):     9l-0.040-0.313 8.296 54.441c-5.428 2.506-9.14 7.876-9.203 14.12l-0 0.008v167.729c0.655 46.
Action.c(35):     244 38.296 83.48 84.634 83.48 0.322 0 0.643-0.002 0.964-0.005l-0.049 0h55.218c0.132 0.001 
Action.c(35):     0.289 0.001 0.446 0.001 40.743 0 74.804-28.612 83.185-66.84l0.104-0.564c0.177-0.896 0.279-
Action.c(35):     1.927 0.279-2.981 0-8.887-7.205-16.092-16.092-16.092-7.833 0-14.359 5.597-15.797 13.010l-0
Action.c(35):     .016 0.101c-5.263 24.022-26.359 41.738-51.592 41.738-0.090 0-0.18-0-0.27-0.001l0.014 0h-55
Action.c(35):     .477c-0.194 0.003-0.424 0.004-0.654 0.004-28.792 0-52.184-23.122-52.62-51.811l-0-0.041v-15
Action.c(35):     1.915h159.951v23.072c0.072 8.75 7.182 15.816 15.943 15.816 0.091 0 0.182-0.001 0.273-0.002
Action.c(35):     l-0.014 0c8.79-0.212 15.861-7.283 16.073-16.053l0-0.020v-38.886c-0.213-7.333-5.427-13.389-
Action.c(35):     12.34-14.888l-0.103-0.019zM299.682 566.311c-1.377 25.954-22.758 46.477-48.932 46.477s-47.5
Action.c(35):     54-20.523-48.926-46.355l-0.005-0.122c0.767-8.304 7.699-14.755 16.138-14.755s15.371 6.451 1
Action.c(35):     6.133 14.691l0.005 0.064c0.78 8.58 7.939 15.25 16.656 15.25s15.876-6.67 16.651-15.185l0.00
Action.c(35):     5-0.065c0.767-8.304 7.699-14.755 16.138-14.755s15.371 6.451 16.133 14.691l0.005 0.064zM454
Action.c(35):     .449 594.698c0 0.001 0 0.001 0 0.002 0 8.734-7.080 15.814-15.814 15.814-0.091 0-0.182-0.00
Action.c(35):     1-0.273-0.002l0.014 0h-95.789c-0.429 0.041-0.927 0.065-1.43 0.065-8.734 0-15.814-7.080-15.
Action.c(35):     814-15.814s7.080-15.814 15.814-15.814c0.504 0 1.002 0.024 1.493 0.070l-0.063-0.005h95.789c
Action.c(35):     0.077-0.001 0.168-0.002 0.26-0.002 8.689 0 15.741 7.008 15.813 15.679l0 0.007zM454.449 539
Action.c(35):     .479c0 0.001 0 0.001 0 0.002 0 8.734-7.080 15.814-15.814 15.814-0.091 0-0.182-0.001-0.273-
Action.c(35):     0.002l0.014 0h-95.789c-8.734 0-15.814-7.080-15.814-15.814s7.080-15.814 15.814-15.814h95.78
Action.c(35):     9c0.039-0 0.084-0.001 0.13-0.001 8.76 0 15.87 7.065 15.943 15.807l0 0.007zM579.014 566.311
Action.c(35):     c0 26.988-21.878 48.867-48.867 48.867s-48.867-21.878-48.867-48.867v0c0-8.877 7.196-16.073 
Action.c(35):     16.073-16.073s16.073 7.196 16.073 16.073l-0-0c0 9.235 7.486 16.721 16.721 16.721s16.721-7.
Action.c(35):     486 16.721-16.721v0c0-8.877 7.196-16.073 16.073-16.073s16.073 7.196 16.073 16.073v-0zM606.
Action.c(35):     104 607.141c-0.292 24.975-20.606 45.11-45.623 45.11-0.138 0-0.275-0.001-0.413-0.002l0.021 
Action.c(35):     0h-339.735c-0.116 0.001-0.254 0.002-0.392 0.002-25.017 0-45.331-20.134-45.623-45.082l-0-0.
Action.c(35):     028v-95.271c0.219-25.032 20.562-45.239 45.625-45.239 0.137 0 0.274 0.001 0.411 0.002l-0.02
Action.c(35):     1-0h339.735c0.078-0 0.171-0.001 0.264-0.001 25.043 0 45.387 20.118 45.751 45.074l0 0.034zM
Action.c(35):     530.147 720.17c-0.078 0.001-0.17 0.001-0.262 0.001-15.613 0-28.295-12.547-28.514-28.108l-0
Action.c(35):     -0.021c-0.007-0.221-0.011-0.481-0.011-0.742 0-2.654 0.431-5.207 1.227-7.593l-0.049 0.169h5
Action.c(35):     4.829c0.747 2.217 1.178 4.77 1.178 7.424 0 0.261-0.004 0.521-0.012 0.78l0.001-0.038c-0.218
Action.c(35):      15.537-12.829 28.056-28.38 28.128l-0.007 0zM279.591 692.043c0 15.892-12.883 28.776-28.776
Action.c(35):      28.776s-28.776-12.883-28.776-28.776h-0c-0.007-0.221-0.011-0.481-0.011-0.742 0-2.654 0.431
Action.c(35):     -5.207 1.227-7.593l-0.049 0.169h55.218c0.63 2.412 1.049 5.211 1.164 8.089l0.002 0.078zM241
Action.c(35):     .871 312.255c5.1-19.888 22.866-34.353 44.010-34.353 0.204 0 0.407 0.001 0.61 0.004l-0.031-
Action.c(35):     0h86.068v157.229h-152.174c-3.241 0-6.351 0-9.203 0zM537.276 312.255l29.942 123.528c-1.065-
Action.c(35):     0.058-2.311-0.092-3.565-0.092s-2.5 0.033-3.737 0.099l0.173-0.007h-155.544v-157.877h88.012c
Action.c(35):     0.091-0.001 0.199-0.001 0.307-0.001 21.242 0 39.113 14.434 44.339 34.030l0.073 0.32zM603.5
Action.c(35):     12 448.486l-35.127-143.619c-8.851-33.942-39.232-58.59-75.369-58.59-0.161 0-0.322 0-0.483 0
Action.c(35):     .001l0.025-0h-206.096c-0.175-0.001-0.381-0.002-0.588-0.002-36.138 0-66.519 24.648-75.249 5
Action.c(35):     8.049l-0.12 0.541-35.386 144.915c-19.615 13.946-32.315 36.511-32.534 62.054l-0 0.034v95.27
Action.c(35):     1c0.192 32.030 20.046 59.375 48.092 70.591l0.516 0.182c-0.894 4.242-1.412 9.121-1.426 14.1
Action.c(35):     18l-0 0.010c1.544 32.485 28.258 58.239 60.986 58.239s59.442-25.753 60.981-58.101l0.005-0.1
Action.c(35):     38c0.068-1.22 0.106-2.647 0.106-4.083s-0.038-2.863-0.114-4.281l0.008 0.198h158.007c-0.334 
Action.c(35):     2.373-0.567 5.197-0.646 8.060l-0.002 0.106c1.544 32.485 28.258 58.239 60.986 58.239s59.442
Action.c(35):     -25.753 60.981-58.101l0.005-0.138c0-0.057 0-0.125 0-0.193 0-4.947-0.615-9.751-1.772-14.339
Action.c(35):     l0.086 0.404c28.691-11.29 48.668-38.673 48.867-70.748l0-0.025v-95.271c-0.023-26.504-13.733
Action.c(35):     -49.801-34.444-63.206l-0.295-0.179z",\n
Action.c(35):             "M881.418 583.291c0 7.159-5
Action.c(35): t=7787ms: 3151-byte DECODED response body for "https://stage.peapod.com/shop/images/icons/PeapodIcons.json" (RelFrameId=1, Internal ID=3)
Action.c(35):     .803 12.962-12.962 12.962s-12.962-5.803-12.962-12.962c0-7.159 5.803-12.962 12.962-12.962s1
Action.c(35):     2.962 5.803 12.962 12.962z",\n
Action.c(35):             "M881.418 635.139c0 7.159-5.803 12.962-12.962 12.962s-12.962-5.803-12.962-12.962c0
Action.c(35):     -7.159 5.803-12.962 12.962-12.962s12.962 5.803 12.962 12.962z"\n
Action.c(35):           ],\n
Action.c(35):           "attrs": [\n
Action.c(35):             {\n
Action.c(35):               "fill": "rgb(99, 102, 106)"\n
Action.c(35):             },\n
Action.c(35):             {\n
Action.c(35):               "fill": "rgb(99, 102, 106)"\n
Action.c(35):             },\n
Action.c(35):             {\n
Action.c(35):               "fill": "rgb(99, 102, 106)"\n
Action.c(35):             },\n
Action.c(35):             {\n
Action.c(35):               "fill": "rgb(99, 102, 106)"\n
Action.c(35):             }\n
Action.c(35):           ],\n
Action.c(35):           "grid": 32,\n
Action.c(35):           "tags": [\n
Action.c(35):             "pick-up-stsh"\n
Action.c(35):           ]\n
Action.c(35):         },\n
Action.c(35):         {\n
Action.c(35):           "paths": [\n
Action.c(35):             "M463.331 856.253h26.93v10.058c2.974-3.775 6.788-6.757 11.17-8.687l0.186-0.073c4.7
Action.c(35):     59-2.246 10.338-3.557 16.223-3.557s11.464 1.311 16.46 3.657l-0.237-0.1c5.095 2.544 9.335 6
Action.c(35):     .109 12.589 10.454l0.065 0.091c3.381 4.211 6 9.195 7.552 14.629l0.072 0.296c1.647 5.135 2.
Action.c(35):     597 11.043 2.597 17.172 0 0.123-0 0.245-0.001 0.367l0-0.019c0.008 0.339 0.013 0.738 0.013 
Action.c(35):     1.138 0 7.516-1.617 14.654-4.523 21.086l0.131-0.323c-2.523 6.391-6.277 11.811-11.004 16.19
Action.c(35):     8l-0.028 0.025c-4.539 3.934-9.957 6.992-15.907 8.838l-0.316 0.084c-4.817 1.744-10.378 2.80
Action.c(35):     5-16.171 2.919l-0.052 0.001c-0.375 0.012-0.816 0.020-1.259 0.020-3.412 0-6.725-0.421-9.89-
Action.c(35):     1.214l0.28 0.059-7.787-2.271v39.422h-27.093zM491.234 923.417c4.085 2.39 8.995 3.801 14.234
Action.c(35):      3.801 0.7 0 1.394-0.025 2.082-0.075l-0.092 0.005c0.331 0.019 0.717 0.030 1.106 0.030 6.01
Action.c(35):     4 0 11.411-2.639 15.098-6.822l0.019-0.022c3.761-4.634 6.038-10.605 6.038-17.107 0-0.488-0.
Action.c(35):     013-0.973-0.038-1.454l0.003 0.067c0.001-0.074 0.001-0.161 0.001-0.248 0-3.028-0.415-5.96-1
Action.c(35):     .191-8.741l0.054 0.228c-0.664-2.834-1.785-5.33-3.294-7.539l0.049 0.076c-1.504-2.174-3.465-
Action.c(35):     3.928-5.753-5.149l-0.087-0.043c-2.424-1.234-5.286-1.957-8.317-1.957-0.213 0-0.425 0.004-0.
Action.c(35):     636 0.011l0.031-0.001c-0.049-0-0.107-0.001-0.166-0.001-2.942 0-5.73 0.658-8.226 1.835l0.11
Action.c(35):     8-0.050c-2.364 1.189-4.359 2.77-5.98 4.678l-0.022 0.027c-1.556 1.893-2.821 4.099-3.683 6.4
Action.c(35):     98l-0.048 0.154c-0.721 2.143-1.137 4.61-1.137 7.175 0 0.101 0.001 0.202 0.002 0.303l-0-0.0
Action.c(35):     15z",\n
Action.c(35):             "M570.241 901.84c-0.003-0.201-0.005-0.438-0.005-0.675 0-6.598 1.313-12.89 3.692-18
Action.c(35):     .628l-0.119 0.323c4.822-11.738 13.85-20.924 25.163-25.838l0.307-0.119c5.917-2.365 12.776-3
Action.c(35):     .736 19.954-3.736s14.037 1.371 20.327 3.866l-0.373-0.13c5.932 2.639 10.99 6.191 15.241 10.
Action.c(35):     536l0.009 0.009c4.3 4.518 7.719 9.919 9.952 15.899l0.106 0.324c2.261 5.415 3.574 11.707 3.
Action.c(35):     574 18.306 0 0.238-0.002 0.475-0.005 0.711l0-0.036c0.015 0.447 0.023 0.973 0.023 1.501 0 5
Action.c(35):     .982-1.079 11.711-3.053 17.005l0.11-0.336c-4.691 11.771-13.692 20.983-25.005 25.841l-0.303
Action.c(35):      0.116c-5.903 2.464-12.762 3.896-19.954 3.896s-14.051-1.432-20.306-4.025l0.352 0.129c-6.00
Action.c(35):     5-2.53-11.126-6.038-15.407-10.378l-0.005-0.005c-4.281-4.528-7.697-9.926-9.95-15.895l-0.109
Action.c(35):     -0.328c-2.469-5.38-4-11.65-4.216-18.254l-0.002-0.078zM618.91 926.337c0.122 0.002 0.265 0.0
Action.c(35):     04 0.409 0.004 3.263 0 6.357-0.719 9.135-2.007l-0.134 0.056c2.701-1.383 4.97-3.238 6.783-5
Action.c(35):     .477l0.031-0.039c1.862-2.235 3.308-4.889 4.178-7.792l0.040-0.157c0.924-2.712 1.458-5.836 1
Action.c(35):     .458-9.085s-0.533-6.373-1.518-9.29l0.060 0.205c-0.871-3.013-2.322-5.62-4.238-7
Action.c(35): t=7797ms: 4229-byte ENCODED response body received for "https://stage.peapod.com/shop/images/icons/PeapodIcons.json" (RelFrameId=1, Internal ID=3)
Action.c(35): t=7797ms: 11647-byte DECODED response body for "https://stage.peapod.com/shop/images/icons/PeapodIcons.json" (RelFrameId=1, Internal ID=3)
Action.c(35):     .811l0.020 0.024c-1.805-2.272-4.086-4.085-6.7-5.306l-0.114-0.048c-2.58-1.334-5.632-2.117-8
Action.c(35):     .866-2.117-0.191 0-0.381 0.003-0.571 0.008l0.028-0.001c-0.129-0.003-0.281-0.005-0.433-0.00
Action.c(35):     5-3.271 0-6.36 0.781-9.091 2.166l0.115-0.053c-2.758 1.315-5.082 3.121-6.951 5.324l-0.025 0
Action.c(35):     .030c-1.715 2.221-3.096 4.808-4.005 7.607l-0.051 0.18c-0.924 2.712-1.458 5.836-1.458 9.085
Action.c(35):     s0.533 6.373 1.518 9.29l-0.060-0.205c0.998 3.035 2.375 5.671 4.111 8.027l-0.055-0.078c1.93
Action.c(35):     2 2.238 4.245 4.085 6.848 5.455l0.128 0.061c2.679 1.235 5.813 1.955 9.116 1.955 0.217 0 0.
Action.c(35):     434-0.003 0.65-0.009l-0.032 0.001z",\n
Action.c(35):             "M672.771 856.253h28.877l16.223 58.728 17.683-58.728h22.063l18.008 58.728 16.223-5
Action.c(35):     8.728h28.228l-31.635 91.336h-25.957l-16.223-50.94-16.223 50.94h-25.957z",\n
Action.c(35):             "M914.657 937.693l-4.705 3.245c-2.32 1.557-4.984 3.021-7.776 4.249l-0.335 0.131c-3
Action.c(35):     .309 1.412-7.264 2.694-11.349 3.636l-0.494 0.096c-4.362 1.045-9.37 1.645-14.517 1.645-0.6 
Action.c(35):     0-1.198-0.008-1.793-0.024l0.088 0.002c-0.332 0.007-0.722 0.011-1.114 0.011-7.117 0-13.927-
Action.c(35):     1.313-20.202-3.71l0.388 0.13c-6.326-2.266-11.741-5.696-16.233-10.068l0.010 0.010c-4.297-4.
Action.c(35):     225-7.671-9.374-9.803-15.126l-0.093-0.286c-2.161-5.721-3.411-12.335-3.411-19.241 0-0.251 0
Action.c(35):     .002-0.501 0.005-0.751l-0 0.038c-0.002-0.173-0.003-0.377-0.003-0.581 0-6.379 1.192-12.481 
Action.c(35):     3.365-18.093l-0.117 0.342c2.014-6.287 5.18-11.705 9.283-16.263l-0.035 0.040c4.045-4.436 8.
Action.c(35):     961-8.001 14.488-10.437l0.275-0.108c5.549-2.567 12.043-4.065 18.887-4.065 0.318 0 0.636 0.
Action.c(35):     003 0.953 0.010l-0.047-0.001c0.32-0.008 0.696-0.013 1.073-0.013 6.66 0 12.984 1.438 18.679
Action.c(35):      4.022l-0.284-0.115c5.65 2.537 10.379 6.226 14.058 10.797l0.056 0.072c3.87 4.548 6.875 9.9
Action.c(35):     66 8.678 15.906l0.083 0.317c1.856 6.083 2.924 13.075 2.924 20.316 0 0.272-0.002 0.544-0.00
Action.c(35):     5 0.816l0-0.041v4.705h-64.892c0.221 5.239 2.689 9.86 6.458 12.954l0.031 0.025c4.388 3.458 
Action.c(35):     9.997 5.547 16.093 5.547 0.445 0 0.888-0.011 1.328-0.033l-0.062 0.002c0.428 0.015 0.93 0.0
Action.c(35):     24 1.435 0.024 5.921 0 11.562-1.202 16.691-3.374l-0.281 0.106c3.818-1.739 7.065-3.58 10.13
Action.c(35):     1-5.666l-0.234 0.151zM889.997 892.269c0-0.038 0.001-0.083 0.001-0.129 0-2.061-0.418-4.024-
Action.c(35):     1.173-5.81l0.037 0.098c-0.832-2.131-1.985-3.961-3.419-5.529l0.012 0.013c-1.632-1.723-3.568
Action.c(35):     -3.14-5.724-4.168l-0.117-0.050c-2.308-1.031-5.001-1.632-7.835-1.632-0.211 0-0.422 0.003-0.
Action.c(35):     631 0.010l0.031-0.001c-0.187-0.006-0.407-0.010-0.628-0.010-2.88 0-5.62 0.6-8.101 1.683l0.1
Action.c(35):     31-0.051c-2.404 1.033-4.452 2.457-6.161 4.214l-0.004 0.004c-1.512 1.533-2.722 3.368-3.531 
Action.c(35):     5.406l-0.038 0.11c-0.82 1.63-1.3 3.553-1.3 5.587 0 0.089 0.001 0.178 0.003 0.266l-0-0.013z
Action.c(35):     ",\n
Action.c(35):             "M932.502 856.253h26.93l0.973 11.518c2.731-3.447 5.887-6.397 9.426-8.828l0.145-0.0
Action.c(35):     94c4.148-2.771 9.25-4.422 14.736-4.422 0.523 0 1.042 0.015 1.558 0.045l-0.071-0.003c0.948-
Action.c(35):     0.089 2.050-0.14 3.163-0.14s2.216 0.051 3.303 0.15l-0.14-0.010c1.976 0.316 3.724 0.768 5.4
Action.c(35):     04 1.363l-0.212-0.066-4.542 24.821c-2.829-0.93-6.086-1.466-9.467-1.466-0.208 0-0.415 0.002
Action.c(35):     -0.622 0.006l0.031-0c-0.417-0.030-0.903-0.046-1.393-0.046-11.558 0-20.928 9.37-20.928 20.9
Action.c(35):     28 0 0.702 0.035 1.396 0.102 2.080l-0.007-0.087v45.1h-28.39z",\n
Action.c(35):             "M1093.759 937.693l-4.705 3.245c-2.32 1.557-4.984 3.021-7.776 4.249l-0.335 0.131c-
Action.c(35):     3.309 1.412-7.264 2.694-11.349 3.636l-0.494 0.096c-4.362 1.045-9.37 1.645-14.517 1.645-0.6
Action.c(35):      0-1.198-0.008-1.793-0.024l0.088 0.002c-0.332 0.007-0.722 0.011-1.114 0.011-7.117 0-13.927
Action.c(35):     -1.313-20.202-3.71l0.388 0.13c-6.326-2.266-11.741-5.696-16.233-10.068l0.010 0.010c-4.297-4
Action.c(35):     .225-7.671-9.374-9.803-15.126l-0.093-0.286c-2.161-5.721-3.411-12.335-3.411-19.241 0-0.251 
Action.c(35):     0.002-0.501 0.005-0.751l-0 0.038c-0.002-0.173-0.003-0.377-0.003-0.581 0-6.379 1.192-12.481
Action.c(35):      3.365-18.093l-0.117 0.342c2.014-6.287 5.18-11.705 9.283-16.263l-0.035 0.040c4.045-4.436 8
Action.c(35):     .961-8.001 14.488-10.437l0.275-0.108c5.549-2.567 12.043-4.065 18.887-4.065 0.318 0 0.636 0
Action.c(35):     .003 0.953 0.010l-0.047-0.001c0.32-0.008 0.696-0.013 1.073-0.013 6.66 0 12.984 1.438 18.67
Action.c(35):     9 4.022l-0.284-0.115c5.65 2.537 10.379 6.226 14.058 10.797l0.056 0.072c3.87 4.548 6.875 9.
Action.c(35):     966 8.678 15.906l0.083 0.317c1.856 6.083 2.924 13.075 2.924 20.316 0 0.272-0.002 0.544-0.0
Action.c(35):     05 0.816l0-0.041v4.705h-64.892c0.221 5.239 2.689 9.86 6.458 12.954l0.031 0.025c4.388 3.458
Action.c(35):      9.997 5.547 16.093 5.547 0.445 0 0.888-0.011 1.328-0.033l-0.062 0.002c0.428 0.015 0.93 0.
Action.c(35):     024 1.435 0.024 5.921 0 11.562-1.202 16.691-3.374l-0.281 0.106c3.818-1.739 7.065-3.58 10.1
Action.c(35):     31-5.666l-0.234 0.151zM1069.1 892.269c0-0.038 0.001-0.083 0.001-0.129 0-2.061-0.418-4.024-
Action.c(35):     1.173-5.81l0.037 0.098c-0.832-2.131-1.985-3.961-3.419-5.529l0.012 0.013c-1.632-1.723-3.568
Action.c(35):     -3.14-5.724-4.168l-0.117-0.050c-2.308-1.031-5.001-1.632-7.835-1.632-0.211 0-0.422 0.003-0.
Action.c(35):     631 0.010l0.031-0.001c-0.187-0.006-0.407-0.010-0.628-0.010-2.88 0-5.62 0.6-8.101 1.683l0.1
Action.c(35):     31-0.051c-2.404 1.033-4.452 2.457-6.161 4.214l-0.004 0.004c-1.512 1.533-2.722 3.368-3.531 
Action.c(35):     5.406l-0.038 0.11c-0.82 1.63-1.3 3.553-1.3 5.587 0 0.089 0.001 0.178 0.003 0.266l-0-0.013z
Action.c(35):     ",\n
Action.c(35):             "M1173.739 938.504c-3.030 3.479-6.696 6.315-10.829 8.346l-0.202 0.090c-4.293 2.152
Action.c(35):     -9.354 3.411-14.709 3.411-0.19 0-0.38-0.002-0.569-0.005l0.029 0c-0.193 0.003-0.421 0.005-0
Action.c(35):     .65 0.005-5.633 0-10.987-1.196-15.821-3.349l0.248 0.098c-5.010-2.316-9.23-5.55-12.611-9.52
Action.c(35):     l-0.043-0.051c-3.59-4.167-6.459-9.075-8.34-14.447l-0.096-0.316c-1.961-5.502-3.094-11.85-3.
Action.c(35):     094-18.462 0-0.411 0.004-0.821 0.013-1.229l-0.001 0.061c-0.007-0.309-0.011-0.672-0.011-1.0
Action.c(35):     36 0-7.385 1.618-14.391 4.518-20.685l-0.127 0.307c2.786-5.977 6.556-11.044 11.155-15.214l0
Action.c(35):     .039-0.035c4.555-3.945 9.962-7.048 15.894-8.992l0.329-0.093c4.806-1.806 10.36-2.922 16.153
Action.c(35):     -3.081l0.070-0.002c0.354-0.011 0.77-0.017 1.187-0.017 3.201 0 6.318 0.361 9.313 1.044l-0.2
Action.c(35):     8-0.054c2.931 0.606 5.483 1.389 7.928 2.38l-0.303-0.109v-39.747h27.579v129.785h-25.632zM11
Action.c(35):     73.739 881.399c-1.818-1.050-3.92-1.937-6.135-2.55l-0.192-0.045c-1.265-0.137-2.732-0.216-4.
Action.c(35):     218-0.216s-2.953 0.078-4.398 0.231l0.18-0.015c-0.142-0.003-0.309-0.005-0.476-0.005-6.267 0
Action.c(35):     -11.891 2.755-15.727 7.12l-0.020 0.024c-4.203 4.757-6.86 10.966-7.136 17.789l-0.002 0.056c
Action.c(35):     -0.015 0.331-0.024 0.72-0.024 1.11 0 5.677 1.834 10.926 4.942 15.186l-0.051-0.073c3.178 3.
Action.c(35):     901 7.981 6.372 13.362 6.372 0.436 0 0.868-0.016 1.296-0.048l-0.057 0.003c0.175 0.006 0.38
Action.c(35):      0.009 0.586 0.009 2.728 0 5.316-0.601 7.638-1.678l-0.112 0.047c2.19-1.079 4.030-2.556 5.4
Action.c(35):     93-4.351l0.023-0.029c1.561-1.781 2.698-3.974 3.227-6.394l0.018-0.096c0.618-2.217 0.973-4.7
Action.c(35):     63 0.973-7.392 0-0.025-0-0.050-0-0.074l0 0.004z",\n
Action.c(35):             "M1256.801 817.805h28.066v45.262c2.893-2.812 6.424-4.982 10.355-6.273l0.19-0.054c4
Action.c(35):     -1.508 8.623-2.397 13.45-2.433l0.016-0c0.176-0.003 0.383-0.005 0.591-0.005 6.033 0 11.745 
Action.c(35):     1.378 16.837 3.837l-0.232-0.101c5.111 2.418 9.395 5.819 12.763 9.99l0.053 0.068c3.388 4.14
Action.c(35):      6.095 8.994 7.857 14.28l0.093 0.321c1.648 5.069 2.599 10.901 2.599 16.956 0 0.199-0.001 0
Action.c(35):     .397-0.003 0.595l0-0.030c0.038 0.764 0.059 1.658 0.059 2.558 0 6.403-1.091 12.552-3.098 18
Action.c(35):     .27l0.118-0.387c-2.335 6.353-5.876 11.772-10.378 16.219l-0.004 0.004c-4.537 4.363-9.927 7.
Action.c(35):     877-15.89 10.265l-0.333 0.118c-6.336 2.27-13.645 3.582-21.261 3.582-0.453 0-0.905-0.005-1.
Action.c(35):     356-0.014l0.067 0.001c-0.263 0.002-0.573 0.004-0.884 0.004-7.553 0-14.926-0.769-22.045-2.2
Action.c(35):     33l0.703 0.121c-6.814-1.46-12.654-2.92-17.196-4.38zM1284.867 924.715c1.491 0.625 3.235 1.1
Action.c(35):     33 5.048 1.44l0.143 0.020c1.166 0.099 2.523 0.156 3.894 0.156s2.728-0.057 4.069-0.168l-0.1
Action.c(35):     76 0.012c0.386 0.025 0.836 0.039 1.29 0.039 6.373 0 12.101-2.763 16.051-7.157l0.018-0.020c
Action.c(35):     3.856-4.786 6.189-10.94 6.189-17.639 0-0.415-0.009-0.828-0.027-1.239l0.002 0.059c-0.053-3.
Action.c(35):     020-0.464-5.919-1.192-8.69l0.057 0.254c-0.743-2.774-1.855-5.204-3.302-7.394l0.058 0.093c-1
Action.c(35):     .48-2.145-3.316-3.93-5.441-5.308l-0.075-0.046c-2.232-1.231-4.893-1.956-7.723-1.956-0.194 0
Action.c(35):     -0.387 0.003-0.579 0.010l0.028-0.001c-0.541-0.064-1.167-0.1-1.802-0.1-4.743 0-9.010 2.035-
Action.c(35):     11.976 5.279l-0.011 0.012c-2.844 3.362-4.573 7.747-4.573 12.536 0 0.384 0.011 0.766 0.033 
Action.c(35):     1.144l-0.002-0.052z",\n
Action.c(35):             "M1366.793 962.028c1.505 1.146 3.21 2.175 5.022 3.012l0.17 0.070c1.669 0.824 3.633
Action.c(35):      1.306 5.711 1.306 0.16 0 0.319-0.003 0.477-0.009l-0.023 0.001c0.14 0.007 0.303 0.011 0.46
Action.c(35):     8 0.011 2.709 0 5.171-1.054 7-2.774l-0.005 0.005c2.472-2.661 4.41-5.854 5.623-9.386l0.056-
Action.c(35):     0.186 2.758-7.463-41.693-90.362h32.446l22.875 57.592 19.954-57.592h29.688l-37.313 90.849-6
Action.c(35):     .165 15.087c-2.003 5.079-4.458 9.466-7.412 13.461l0.112-0.158c-2.895 3.927-6.456 7.178-10.
Action.c(35):     545 9.643l-0.163 0.091c-4.388 2.362-9.602 3.749-15.141 3.749-0.381 0-0.76-0.007-1.137-0.02
Action.c(35):     0l0.055 0.001c-0.026 0-0.057 0-0.088 0-4.781 0-9.382-0.772-13.684-2.197l0.307 0.088c-4.212
Action.c(35):     -1.306-7.876-3.186-11.133-5.587l0.102 0.072z",\n
Action.c(35):             "M1580.776 800.284c-14.439 0-25.795 0-32.446 0h-6.003c-15.087 0-23.361 0-24.984 0-
Action.c(35):     4.542 0-6.003 1.46-6.003 3.731s5.354 3.082 13.627 4.542 7.463 3.731 7.463 12.005v117.942c0
Action.c(35):      12.816 0 16.223-9.734 18.17-6.814 0.811-12.816 0-12.816 3.731s2.271 4.542 6.814 4.542 14.
Action.c(35):     276-1.46 29.364-1.46 26.444 1.46 30.986 1.46 6.814-1.46 6.814-4.542-6.003-2.92-12.005-4.54
Action.c(35):     2c-9.896-2.271-9.896-6.003-9.896-18.17v-39.26c0-3.731 0-5.191 3.082-5.191 5.894 2.484 12.7
Action.c(35):     46 3.927 19.935 3.927 3.623 0 7.161-0.367 10.578-1.065l-0.339 0.058c24.020-3.238 42.344-23
Action.c(35):     .607 42.344-48.256 0-0.145-0.001-0.29-0.002-0.435l0 0.022c0-30.986-19.63-47.534-56.619-47.
Action.c(35):     534zM1578.504 887.888c-9.896 0-16.223-3.082-16.223-9.896v-57.43c0-9.734 2.271-12.816 15.08
Action.c(35):     7-12.816 16.223 0 29.526 16.223 29.526 39.26s-11.356 40.882-27.904 40.882z",\n
Action.c(35):             "M1670.976 897.785h69.435c7.625 0 11.356-0.811 11.356-6.165-0.98-26.107-22.38-46.8
Action.c(35):     99-48.637-46.899-0.411 0-0.82 0.005-1.228 0.015l0.061-0.001c-1.090-0.071-2.363-0.111-3.646
Action.c(35):     -0.111-33.061 0-59.863 26.802-59.863 59.863 0 1.066 0.028 2.126 0.083 3.178l-0.006-0.147c-
Action.c(35):     0.152 1.57-0.239 3.395-0.239 5.239 0 31.807 25.785 57.592 57.592 57.592 0.826 0 1.647-0.01
Action.c(35):     7 2.465-0.052l-0.117 0.004c0.837 0.041 1.817 0.064 2.803 0.064 16.145 0 30.844-6.19 41.854
Action.c(35):     -16.326l-0.044 0.040c6.003-5.191 8.274-9.085 8.274-12.005s0-3.082-2.92-3.082c-9.731 8.989-
Action.c(35):     22.659 14.645-36.901 15.085l-0.087 0.002c-24.545-0.695-44.178-20.759-44.178-45.407 0-1.549
Action.c(35):      0.077-3.079 0.229-4.588l-0.015 0.19v-2.271c0-3.082 0-3.731 3.894-3.731zM1669.354 887.077v
Action.c(35):     -4.542c3.082-13.465 7.625-30.175 32.446-30.175 18.819 0 21.090 14.439 21.090 23.361 0 15.2
Action.c(35):     5-7.625 13.627-27.904 13.627h-21.252c-2.92 0-4.542 0-4.542-2.271z",\n
Action.c(35):             "M1881.876 950.672c0.002-0.050 0.004-0.108 0.004-0.166 0-2.061-1.671-3.731-3.731-3
Action.c(35):     .731-0.058 0-0.116 0.001-0.174 0.004l0.008-0c-3.731 0-7.463 6.165-12.816 6.165s-8.274-6.16
Action.c(35):     5-8.274-17.521v-60.35c0-21.901-5.354-30.337-32.446-30.337-34.717 0-58.89 21.252-58.89 36.3
Action.c(35):     4 0 2.271 2.271 4.542 6.003 4.542 12.816 0 16.223-6.814 21.901-16.223s11.356-17.359 22.712
Action.c(35):     -17.359 12.816 6.003 12.816 21.252v11.194c0 3.894 0 5.354-3.731 6.165l-8.274 2.92c-32.446 
Action.c(35):     12.816-51.427 24.172-51.427 46.885 0 12.816 6.003 27.904 22.712 27.904 12.477-1.163 23.631
Action.c(35):     -6.057 32.537-13.539l-0.090 0.074 6.814-4.542h1.46c2.892 9.856 11.442 17.093 21.807 18.001
Action.c(35):     l0.094 0.007c0.274 0.008 0.595 0.012 0.918 0.012 12.865 0 24.080-7.063 29.979-17.523l0.089
Action.c(35):     -0.172zM1830.449 929.42c-0.351 12.4-10.312 22.362-22.679 22.712l-0.033 0.001c-12.005 0-15.
Action.c(35):     087-9.896-15.087-20.441 1.17-13.018 9.874-23.736 21.673-27.835l0.228-0.069 10.545-4.542c0.
Action.c(35):     463-0.1 0.996-0.157 1.541-0.157s1.078 0.057 1.591 0.166l-0.050-0.009s1.46 0 1.46 3.082v27.
Action.c(35):     904z",\n
Action.c(35):             "M1965.425 844.735c-0.406-0.012-0.883-0.019-1.363-0.019-13.805 0-26.24 5.865-34.95
Action.c(35):      15.239l-0.027 0.030-3.731 2.92c-0.811 0.811-1.46 1.622-2.271 1.622-0.823-0.085-1.46-0.775
Action.c(35):     -1.46-1.614 0-0.003 0-0.006 0-0.009l-0 0v-12.816c0-3.731 0-5.354-3.082-5.354s-9.085 7.625-
Action.c(35):     22.712 14.439c-8.274 4.542-15.087 4.542-15.087 9.085s5.354 2.271 9.085 4.542 5.354 4.542 5
Action.c(35):     .354 12.005v117.942c0 6.814-1.622 9.085-6.814 11.356s-12.167 0-12.167 6.003c0 2.271 1.46 3
Action.c(35):     .894 5.354 3.894s13.627-1.622 27.093
Action.c(35): t=7821ms: 12273-byte ENCODED response body received for "https://stage.peapod.com/shop/images/icons/PeapodIcons.json" (RelFrameId=1, Internal ID=3)
Action.c(35): t=7822ms: 12288-byte DECODED response body for "https://stage.peapod.com/shop/images/icons/PeapodIcons.json" (RelFrameId=1, Internal ID=3)
Action.c(35):     -1.622 21.252 1.622 29.526 1.622c4.542 0 6.814-1.622 6.814-3.894 0-6.003-6.003-3.731-14.43
Action.c(35):     9-6.003s-7.463-3.731-7.463-11.356v-36.989l1.46-0.811c8.262 3.681 17.892 5.877 28.020 6.002
Action.c(35):     l0.046 0c0.834 0.039 1.812 0.061 2.795 0.061 35.122 0 63.594-28.472 63.594-63.594 0-0.763-
Action.c(35):     0.013-1.523-0.040-2.28l0.003 0.11c0.138-1.468 0.216-3.174 0.216-4.899 0-30.066-23.846-54.5
Action.c(35):     63-53.657-55.61l-0.096-0.003zM1949.202 962.028c-1.040 0.166-2.239 0.261-3.46 0.261-12.723 
Action.c(35):     0-23.037-10.314-23.037-23.037 0-0.549 0.019-1.093 0.057-1.632l-0.004 0.073v-48.669c0-17.35
Action.c(35):     9 8.274-25.632 26.444-25.632 25.795 0 43.153 18.819 43.153 48.669 0.193 1.561 0.303 3.367 
Action.c(35):     0.303 5.199 0 24.436-19.575 44.3-43.899 44.767l-0.044 0.001z",\n
Action.c(35):             "M2306.92 946.778c-1.46 0-5.191 5.354-9.734 5.354s-4.542-3.082-4.542-10.545v-135.3
Action.c(35):     c0-6.814 0-12.816 0-17.359s0-5.354-3.731-5.354c-6.225 2.983-13.958 6.062-21.903 8.671l-1.4
Action.c(35):     58 0.414c-9.085 2.271-15.087 3.082-15.087 6.814s4.542 2.271 9.734 4.542 5.354 3.731 5.354 
Action.c(35):     9.734v30.986c0 2.271-0.811 3.894-2.271 3.894h-0.811l-4.542-1.622c-6.506-1.854-13.979-2.92-
Action.c(35):     21.701-2.92-0.070 0-0.141 0-0.211 0l0.011-0c-0.483-0.013-1.052-0.020-1.622-0.020-35.839 0-
Action.c(35):     64.892 29.053-64.892 64.892 0 0.007 0 0.014 0 0.022l-0-0.001c-0.029 0.685-0.045 1.488-0.04
Action.c(35):     5 2.295 0 32.076 26.003 58.079 58.079 58.079 0.586 0 1.171-0.009 1.753-0.026l-0.085 0.002c
Action.c(35):     13.39-0.3 25.683-4.758 35.702-12.127l-0.174 0.122c2.271 0 3.082 11.356 7.625 11.356s12.005
Action.c(35):     -5.354 28.715-9.896c5.191-1.46 8.274-1.46 8.274-7.463 0.011-0.107 0.018-0.23 0.018-0.355 0
Action.c(35):     -1.806-1.341-3.298-3.082-3.536l-0.019-0.002zM2266.849 931.691c0 18.17-1.46 25.795-20.279 2
Action.c(35):     5.795-0.648 0.034-1.406 0.053-2.169 0.053-24.46 0-44.289-19.829-44.289-44.289 0-1.561 0.08
Action.c(35):     1-3.104 0.238-4.624l-0.016 0.19c0-34.068 18.17-55.97 40.882-55.97s25.632 12.816 25.632 39.
Action.c(35):     26v40.071z",\n
Action.c(35):             "M2160.426 905.247c0.005 0.289 0.007 0.631 0.007 0.973 0 36.377-29.489 65.866-65.8
Action.c(35):     66 65.866s-65.866-29.489-65.866-65.866c0-36.374 29.485-65.862 65.858-65.866l0-0c0.050-0 0.
Action.c(35):     108-0 0.167-0 36.002 0 65.241 28.956 65.698 64.849l0 0.043z",\n
Action.c(35):             "M2325.901 811.153c-8.333-0-15.087-6.755-15.087-15.087s6.755-15.087 15.087-15.087c
Action.c(35):     8.333 0 15.087 6.755 15.087 15.087v0c0 8.333-6.755 15.087-15.087 15.087v0zM2325.901 783.25
Action.c(35):     c-7.078 0-12.816 5.738-12.816 12.816s5.738 12.816 12.816 12.816c7.078 0 12.816-5.738 12.81
Action.c(35):     6-12.816h0c0-0.001 0-0.003 0-0.004 0-7.143-5.7-12.955-12.799-13.136l-0.017-0zM2329.632 805
Action.c(35):     .151l-4.542-6.814h-3.082v6.814h-2.109v-17.845h6.651c0.049-0.002 0.107-0.003 0.165-0.003 2.
Action.c(35):     867 0 5.191 2.324 5.191 5.191 0 0.058-0.001 0.116-0.003 0.173l0-0.008c-0.101 2.647-2 4.823
Action.c(35):     -4.506 5.347l-0.037 0.006 4.542 6.814zM2327.361 788.928h-4.542v6.814h4.542c1.882 0 3.407-1
Action.c(35):     .525 3.407-3.407s-1.525-3.407-3.407-3.407h0z",\n
Action.c(35):             "M843.599 459.437l-20.928-66.352-21.414 66.352zM1153.947 133.354v135.949h62.783c16
Action.c(35):     .928-4.183 31.157-13.823 41.074-26.91l0.132-0.182c8.411-11.077 13.474-25.096 13.474-40.298
Action.c(35):      0-10.98-2.641-21.342-7.322-30.488l0.176 0.378c-18.657-42.018-66.515-39.747-110.317-38.449
Action.c(35):     zM853.171 48.669s67.326 67.001 81.115 117.293c31.473 103.828 103.99 316.999 103.99 316.999
Action.c(35):     v-458.302h202.788c57.267 0 107.072 50.778 117.131 65.866v-66.028h369.886l26.444 34.231v-34
Action.c(35):     .068h133.84l38.611 50.454c20.221-30.212 54.211-49.836 92.784-49.836 5.671 0 11.243 0.424 1
Action.c(35):     6.686 1.242l-0.613-0.076c59.701 12.167 92.147 62.783 116.319 103.341l45.1 85.658v-190.783h
Action.c(35):     136.923l22.875 24.010v-24.172h134.165l42.991 61.161c17.034-25.795 63.594-61.161 95.878-61.
Action.c(35):     161h158.337l50.616 54.51v136.112h-187.863c-16.223 1.136-13.952 11.681-10.869 22.712 10.869
Action.c(35):      22.063 46.885 27.741 57.267 32.446 83.753 17.676 148.301 83.423 163.973 166.441l0.205 1.3
Action.c(35):     05 1.947 37.151c-6.165 75.599-94.743 178.454-154.444 178.454h-127.838c-1.136 0-53.212-56.6
Action.c(35):     19-53.212-56.619v-126.54h129.785c13.734-1.674 25.089-10.438 30.403-22.468l0.096-0.244c2.25
Action.c(35):     8-4.307 3.583-9.409 3.583-14.82 0-6.551-1.942-12.649-5.281-17.749l0.076 0.124c-19.511-18.0
Action.c(35):     40-42.965-32.129-68.897-40.815l-1.349-0.392c-58.795-24.933-102.611-75.254-118.131-136.827l
Action.c(35):     -0.298-1.393-57.43 26.93-50.129-23.523s0 414.013 0 413.85h-139.032l-57.105-63.594c-26.606-
Action.c(35):     56.456-86.631-171.316-86.631-171.316s0 234.748 0 234.748h-115.67l-45.425-41.531s-1.46 41.5
Action.c(35):     31-2.433 41.531h-125.729l-63.757-78.682v-359.179h-89.065v438.023h-124.593l-67.163-77.708v-
Action.c(35):     360.477h-53.698c0.28 3.854 0.44 8.35 0.44 12.883 0 47.96-17.88 91.745-47.337 125.051l0.174
Action.c(35):     -0.201c24.659 22.712 47.534 48.669 47.534 81.115v219.174h-103.665l-70.57-78.682v-149.577c-
Action.c(35):     3.118-14.787-12.286-26.985-24.733-34.099l-0.251-0.132c-8.112-1.785-8.112 3.894-8.112 3.894
Action.c(35):     s0 258.271 0 258.433h-91.66l-53.212-52.563s14.925 52.401 14.601 52.563h-278.55l-48.994-52.
Action.c(35):     563s-19.143 52.725-18.17 52.563h-115.833s-32.446-33.744-32.446-33.744v33.744h-120.537l-78.
Action.c(35):     033-77.222v-58.403c-11.227 16.803-30.118 27.72-51.559 27.72-5.664 0-11.151-0.762-16.362-2.
Action.c(35):     189l0.434 0.101c-35.204-20.766-101.394-89.876-101.394-89.876v199.868h-111.29l-86.307-78.68
Action.c(35):     2v-455.706c0.811-44.776 40.395-77.546 83.387-89.227s93.607 4.867 113.561 33.906l78.357 117
Action.c(35):     .455 47.534-112.588c15.412-32.446 34.393-43.316 83.873-43.316s147.63 69.759 146.008 140.65
Action.c(35):     4v294.124l118.428-379.458c13.303-35.691 56.132-55.483 89.389-55.483 3.178-0.453 6.849-0.71
Action.c(35):     2 10.58-0.712 22.671 0 43.112 9.549 57.52 24.844l0.037 0.040z",\n
Action.c(35):             "M1178.444 244.968h36.34c8.978-3.668 16.537-9.196 22.484-16.144l0.066-0.079c5.595-
Action.c(35):     7.148 8.973-16.268 8.973-26.176 0-7.15-1.759-13.888-4.867-19.808l0.112 0.234v-0.811c-8.598
Action.c(35):     -18.332-24.821-24.984-62.621-24.984v0zM1216.73 293.638h-86.956v-183.97h24.659c8.274 0 16.2
Action.c(35):     23 0 24.659 0 24.984 0 83.549 0 106.91 53.536 5.87 11.748 9.305 25.593 9.305 40.24 0 20.09
Action.c(35):     8-6.469 38.686-17.438 53.794l0.183-0.265-1.298 1.622c-14.172 18.734-34.769 31.959-58.461 3
Action.c(35):     6.41l-0.591 0.092zM876.046 483.934h-109.019l31.473-97.338h46.56zM1270.915 565.049l56.943 6
Action.c(35):     3.757h68.299v-194.677c0-22.875-20.117-44.613-39.747-62.621l-18.008-18.17 17.845-18.008c24.
Action.c(35):     943-28.575 40.153-66.207 40.153-107.392 0-4.055-0.147-8.075-0.437-12.056l0.031 0.533-1.785
Action.c(35):     -26.119h103.828v375.888l54.023 62.297h89.389v-438.023h137.896v375.077l50.94 62.946h91.011c
Action.c(35):     0-5.84 0-12.167 0-18.008l41.693-17.034 38.286 35.042h81.115c0-48.669 0-161.095 0-210.9l46.
Action.c(35):     074-11.356c2.433 4.705 58.403 111.777 85.496 169.044l47.534 52.725h103.665c0-42.504 0-143.
Action.c(35):     574 0-389.354v-37.8l74.464 34.88 75.437-35.529 6.003 30.824c14.096 54.693 52.234 98.374 10
Action.c(35):     2.186 119.773l1.155 0.44c30.6 10.293 56.877 26.267 78.797 46.829l-0.115-0.107 2.758 3.245c
Action.c(35):     6.039 8.835 9.644 19.751 9.644 31.508 0 9.024-2.123 17.552-5.898 25.112l0.147-0.326c-8.963
Action.c(35):      20.839-28.512 35.562-51.693 37.461l-0.221 0.015h-106.261v91.823l38.773 41.693h118.915c43.
Action.c(35):     153 0 123.295-87.28 129.785-154.444l-1.622-33.582c-15.016-73.378-71.544-130.341-143.486-14
Action.c(35):     5.787l-1.224-0.22h-2.92l-2.758-1.298-7.3-2.271c-18.17-5.678-48.669-15.087-61.485-41.369l-1
Action.c(35):     .136-2.271v-2.433c-1.919-4.746-3.033-10.251-3.033-16.016 0-8.347 2.335-16.149 6.387-22.788
Action.c(35):     l-0.109 0.193c6.892-8.98 17.615-14.723 29.682-14.763l0.007-0h164.015v-102.368l-36.177-40.3
Action.c(35):     95h-147.63c-21.577 0-61.485 28.877-75.437 50.292l-19.792 30.824-56.294-81.115h-99.285l-39.
Action.c(35):     747 16.223-16.223-16.223h-100.907v166.286l-45.911 11.356-44.776-85.009c-24.335-40.882-52.0
Action.c(35):     76-81.115-99.447-91.336-3.632-0.532-7.826-0.835-12.090-0.835-30.643 0-57.625 15.675-73.365
Action.c(35):      39.444l-0.203 0.327-19.143 27.255-51.427-67.488h-97.338v9.896l-43.802 14.925-19.143-24.82
Action.c(35):     1h-333.384v41.693l-44.776 13.79c-7.463-12.167-51.103-55.483-96.365-55.483h-178.454v434.292
Action.c(35):     l-47.534 7.787c0-2.109-72.842-214.631-104.152-317.485-9.896-36.177-56.132-88.253-74.139-10
Action.c(35):     6.423s-22.226-18.17-51.265-18.17c-24.821 0-56.943 14.763-66.19 38.935l-118.266 379.133-47.
Action.c(35):     696-7.3v-294.124c-2.365-27.262-15.21-51.135-34.433-67.871l-0.122-0.104c-30.013-30.337-68.2
Action.c(35):     99-48.669-87.929-48.669-43.153 0-51.752 8.436-61.648 29.039l-47.209 112.101-42.18 4.867-78
Action.c(35):     .357-117.942c-15.231-16.532-36.987-26.852-61.154-26.852-1.315 0-2.623 0.031-3.923 0.091l0.
Action.c(35):     184-0.007c-0.241-0.002-0.526-0.004-0.812-0.004-8.017 0-15.785 1.067-23.169 3.067l0.619-0.1
Action.c(35):     43c-32.446 8.436-64.892 32.446-64.892 66.028v444.512l71.381 64.892h77.871v-175.534l42.018-
Action.c(35):     16.223c28.49 30.254 59.074 57.804 91.784 82.704l1.823 1.331c1.299 0.146 2.804 0.229 4.329 
Action.c(35):     0.229 14.37 0 27.016-7.385 34.348-18.567l0.096-0.156 43.316 16.223v48.669l63.594 62.946h85
Action.c(35):     .333v-9.409l41.856-17.196 26.281 24.984h87.767l3.569-10.058c4.705-13.303 9.409-26.281 9.40
Action.c(35):     9-26.281l12.816-37.475 68.948 73.977h236.37c-1.947-6.976-4.056-14.439-6.165-21.577l41.531-
Action.c(35):     24.010 46.074 45.425h56.781v-233.937c0.177-15.903 13.11-28.726 29.038-28.726 0.286 0 0.571
Action.c(35):      0.004 0.854 0.012l-0.042-0.001c2.723 0.041 5.351 0.334 7.896 0.858l-0.271-0.047h2.758l2.7
Action.c(35):     58 1.136c19.243 10.536 33.257 28.587 38.187 50.103l0.099 0.513v2.758zM602.525 681.369v-4.0
Action.c(35):     56h-142.763l-93.12-91.498v-20.766c-7.977 2.998-17.196 4.733-26.821 4.733-8.381 0-16.454-1.
Action.c(35):     316-24.025-3.752l0.555 0.154-2.758-0.973-2.433-1.46c-24.322-16.097-45.54-33.295-64.969-52.
Action.c(35):     313l0.077 0.075v165.8h-146.008l-100.259-92.309v-466.575c1.136-59.539 51.752-99.447 101.556
Action.c(35):     -112.75 10.633-2.987 22.843-4.705 35.455-4.705 0.026 0 0.052 0 0.077 0l-0.004-0c1.075-0.03
Action.c(35):     2 2.341-0.050 3.61-0.050 40.893 0 77.369 18.913 101.158 48.469l0.195 0.251 53.536 80.142 3
Action.c(35):     0.337-72.030c19.954-41.531 48.669-57.754 105.937-57.754 35.691 0 86.144 26.119 122.809 63.
Action.c(35):     27 22.226 22.712 48.669 59.052 48.669 102.368v133.191l71.057-227.123c16.385-46.56 69.759-7
Action.c(35):     1.706 111.29-71.706 3.050-0.322 6.59-0.505 10.173-0.505 28.576 0 54.425 11.672 73.042 30.5
Action.c(35):     08l0.010 0.010 1.622 1.46c7.3 7.3 72.193 73.166 87.442 128.162 13.627 45.425 35.691 113.56
Action.c(35):     1 55.807 173.749v-333.384h227.123c35.111 1.28 67.103 13.651 92.831 33.689l-0.359-0.269v-33
Action.c(35):     .42h567.807l27.904 36.502c23.902-22.343 56.11-36.063 91.522-36.063 6.688 0 13.261 0.489 19
Action.c(35):     .686 1.434l-0.729-0.088h1.136c72.679 14.925 109.83 76.735 132.218 114.373v-116.157h331.113
Action.c(35):     l32.446 46.236c24.984-23.686 61.485-46.236 93.769-46.236h169.207l63.432 69.435v170.018h-18
Action.c(35):     0.238c4.38 1.622 8.598 2.92 11.681 3.894l10.383 3.407c92.017 20.722 162.763 93.1 180.803 1
Action.c(35):     84.419l0.247 1.498v3.407l1.947 38.935v1.622c-6.814 82.9-100.421 200.679-178.454 200.679h-1
Action.c(35):     27.838c-11.843 0-11.843 0-71.057-64.892l-6.489-6.976v-159.148h153.47c3.506-1.313 6.36-3.69
Action.c(35):     5 8.233-6.743l0.040-0.070 1.136-2.596c0.347-0.942 0.548-2.029 0.548-3.163s-0.201-2.222-0.5
Action.c(35):     69-3.229l0.021 0.065c-16.742-14.605-36.644-26.078-58.499-33.241l-1.202-0.341c-56.959-24.52
Action.c(35):     2-101.238-69.433-124.352-125.321l-0.565-1.544-42.018 19.792-25.795-12.167c0 145.034 0 368.
Action.c(35):     101 0 374.915h-8.923l-16.223 16.223v9.409h-148.766l-66.515-75.275-1.46-3.245c-10.058-21.41
Action.c(35):     4-25.308-51.752-40.071-81.115v124.106c0 12.816 0 29.039-18.494 33.582h-1.785c-4.047 0.238-
Action.c(35):     8.781 0.374-13.546 0.374s-9.499-0.136-14.197-0.404l0.65 0.030h-102.368l-16.223-14.763c-2.6
Action.c(35):     86 8.672-10.635 14.862-20.029 14.862-0.716 0-1.424-0.036-2.122-0.106l0.088 0.007h-137.085l
Action.c(35):     -76.411-94.418v-342.469h-40.233v438.023h-160.608l-81.115-92.958v-345.227h-4.542c-2.163 42.
Action.c(35):     012-15.988 80.409-38.268 112.49l0.469-0.713c22.138 20.808 36.586 49.576 38.753 81.711l0.02
Action.c(35):     0 0.378v244.319h-138.869l-68.624-77.222v32.446h2.92l-2.92 21.901c-2.758 21.252-23.037 21.4
Action.c(35):     14-32.446 21.414h-93.283l-8.923-7.949c-2.13 2.648-4.784 4.783-7.814 6.267l-0.135 0.060c-5.
Action.c(35):     354 2.92-8.274 2.92-176.345 2.92h-123.944l-28.715-30.824-3.894 11.032c-2.281 11.451-12.25 
Action.c(35):     19.962-24.208 19.962-0.216 0-0.431-0.003-0.645-0.008l0.032 0.001h-113.075z",\n
Action.c(35):             "M1252.259 239.777c-10.061 13.328-24.363 22.985-40.873 26.991l-0.496 0.102h-61.972
Action.c(35):     v-135.949c43.802-1.46 91.498-3.407 109.506 38.449 4.512 8.797 7.156 19.192 7.156 30.206 0 
Action.c(35):     15.148-5.003 29.127-13.446 40.376l0.125-0.174zM1302.226 309.861c35.204-18.494 71.706-103.3
Action.c(35):     41 48.669-163.366-18.008-47.371-59.214-102.368-121.349-102.205h-173.1l-1.947 526.276h94.09
Action.c(35):     4v-200.679c82.413-6.814 112.588 22.063 116.157 52.725 0 0.811 0 147.792 0 147.792h91.498v-
Action.c(35):     210.9c-0.649-17.845-24.497-42.342-54.023-49.643z",\n
Action.c(35):             "M1173.414 242.373h36.177c8.977-3.795 16.563-9.299 22.657-16.159l0.056-0.064c5.572
Action.c(35):     -7.101 8.935-16.166 8.935-26.016 0-7.218-1.806-14.013-4.99-19.96l0.111 0.227v-0.811c-7.625
Action.c(35):     -17.845-24.497-24.497-62.783-24.335zM1211.539 291.042h-86.956v-183.807l24.821-0.811c8.112 
Action.c(35):     0 16.223 0 24.497 0 25.146 0 83.711 0 106.91 53.374 5.902 11.752 9.358 25.608 9.358 40.272
Action.c(35):      0 20.096-6.49 38.675-17.488 53.758l0.181-0.26-1.136 1.785c-14.274 18.801-34.975 32.078-58
Action.c(35):     .779 36.57l-0.597 0.094zM1289.734 545.744h42.829v-184.456c-7.307-13.93-20.22-24.076-35.661
Action.c(35):     -27.513l-0.354-0.066-62.621-15.
Action.c(35): t=7842ms: 12288-byte DECODED response body for "https://stage.peapod.com/shop/images/icons/PeapodIcons.json" (RelFrameId=1, Internal ID=3)
Action.c(35):     25 56.943-30.175c23.199-12.492 55.645-83.387 37.313-133.029-16.223-41.856-49.967-86.631-98
Action.c(35):     .312-86.631h-148.928l-1.46 477.769h44.776v-199.057l22.388-1.785c8.76 0 17.359-1.136 25.308
Action.c(35):     -1.136 100.583 0 115.184 57.592 117.293 75.275 0.162 2.109 0.162 2.109 0.487 126.378zM1381
Action.c(35):     .394 594.413h-140.492v-24.335c0-54.185 0-134.814 0-146.008-4.38-27.579-47.696-30.986-67.48
Action.c(35):     8-31.148v201.977h-142.925l1.785-575.432h197.435c73.328 0 122.484 60.999 144.223 118.104 20
Action.c(35):     .279 53.374 2.596 123.944-28.877 165.313 18.937 12.22 32.315 31.666 36.27 54.349l0.070 0.4
Action.c(35):     85v237.506z",\n
Action.c(35):             "M198.084 74.302l84.684 194.677s51.914-124.269 74.139-179.914c8.76-18.657 13.465-3
Action.c(35):     9.098 50.778-42.991 3.418-0.4 7.377-0.628 11.39-0.628 26.353 0 50.409 9.833 68.699 26.030l
Action.c(35):     -0.109-0.095c15.766 14.987 25.7 35.982 26.118 59.3l0.001 0.077c0 21.577 0 439.645 0 439.64
Action.c(35):     5h-102.854s0-384.324 0-384.324l-86.469 256.324c-7.278 15.21-22.545 25.529-40.223 25.529-6.
Action.c(35):     212 0-12.127-1.274-17.497-3.576l0.29 0.11c-12.167-0.973-22.226-13.627-28.228-22.226 0 0-91
Action.c(35):     .174-256-90.849-256s0 384.324 0 384.324h-103.665v-458.951c0-45.425 55.97-67.488 86.631-67.
Action.c(35):     65 1.145-0.058 2.486-0.091 3.835-0.091 25.548 0 48.338 11.811 63.207 30.272l0.122 0.156z",
Action.c(35):     \n
Action.c(35):             "M68.786 546.068h55.158c0-111.128 0-330.139 0-356.907l-2.271-8.598 16.223-21.090 3
Action.c(35):     3.257 5.516 1.298 16.223c6.976 20.117 55.321 156.066 88.578 249.349 2.405 3.757 5.436 6.89
Action.c(35):     1 8.977 9.339l0.108 0.071h1.947l2.433 0.811c12.816 4.056 22.875 1.298 27.579-7.787l85.658-
Action.c(35):     254.54 47.534 7.787v359.828h54.51c0-88.902 0-396.492 0-414.986-0.376-16.138-7.064-30.644-1
Action.c(35):     7.68-41.204l-0.003-0.003c-13.993-12.349-32.472-19.904-52.715-19.954l-0.010-0h-8.923c-19.14
Action.c(35):     3 1.947-21.414 7.138-28.228 22.55l-2.433 5.678c-22.226 55.645-73.653 178.454-74.139 180.07
Action.c(35):     6l-22.226 52.887-106.748-245.131c-10.96-10.863-26.049-17.575-42.706-17.575-0.899 0-1.794 0
Action.c(35):     .020-2.683 0.058l0.127-0.004c-21.414 0-62.297 16.223-62.621 43.478zM402.981 595.873l-8.112
Action.c(35):     -6.814c-8.436-7.463-8.436-7.463-8.436-78.682v-174.722l-39.422 116.968c-10.656 23.249-33.72
Action.c(35):     7 39.108-60.501 39.108-0.403 0-0.806-0.004-1.207-0.011l0.060 0.001c-8.223-0.059-16.146-1.2
Action.c(35):     4-23.656-3.397l0.62 0.152c-18.561-4.676-33.794-16.414-42.977-32.121l-0.176-0.326-1.947-1.7
Action.c(35):     85-0.973-3.082c-17.683-49.48-32.446-89.389-43.316-121.673 0 55.97 0 133.678 0 241.724v24.4
Action.c(35):     97h-152.984v-484.096c0-59.863 64.892-91.823 110.966-91.985 1.453-0.073 3.154-0.114 4.865-0
Action.c(35):     .114 33.995 0 64.162 16.389 83.031 41.696l0.195 0.274 1.46 3.082 61.81 142.276c16.223-40.7
Action.c(35):     2 39.422-95.229 52.076-126.864v-1.298c0.723-1.377 1.488-3.088 2.156-4.847l0.115-0.344c9.69
Action.c(35):     8-29.659 36.734-50.87 68.846-51.749l0.102-0.002c2.060-0.116 4.469-0.182 6.895-0.182s4.835 
Action.c(35):     0.066 7.228 0.196l-0.333-0.014c32.596 0.079 62.306 12.376 84.804 32.552l-0.12-0.105c20.892
Action.c(35):      19.42 34.067 46.898 34.554 77.458l0.001 0.088c0 11.194 0 126.053 0 228.096v192.568c0 24.8
Action.c(35):     21 0 33.257-13.79 39.909-5.029 2.596-5.029 2.596-81.115 2.596h-31.473z",\n
Action.c(35):             "M843.599 77.708c8.39 10.085 15.66 21.563 21.343 33.92l0.395 0.959s138.058 457.977
Action.c(35):      138.545 457.977h-264.923v-91.011h129.785l-86.469-293.313-117.131 384.487h-101.232s149.901
Action.c(35):     -487.341 149.901-487.341c6.489-22.55 56.781-51.265 97.338-34.068 13.549 6.265 24.589 16.00
Action.c(35):     2 32.265 28.085l0.181 0.305z",\n
Action.c(35):             "M781.952 271.25l-55.807 183.807h110.317zM596.847 547.042h50.616l134.976-445.972 1
Action.c(35):     19.402 402.657h-138.221v42.342h207.006c-3.407-11.032-7.463-24.659-12.167-40.071-12.978-42.
Action.c(35):     829-30.337-100.096-47.534-157.364-32.446-106.748-64.892-213.333-68.786-227.123-4.472-10.16
Action.c(35):     4-9.907-18.927-16.38-26.803l0.157 0.197-2.271-2.92c-5.264-8.872-12.847-15.881-21.92-20.307
Action.c(35):     l-0.306-0.135c-4.808-1.903-10.377-3.029-16.201-3.082l-0.022-0c-0.141-0.001-0.307-0.002-0.4
Action.c(35):     73-0.002-18.791 0-35.603 8.474-46.822 21.81l-0.076 0.093c-42.342 135.625-115.022 371.508-1
Action.c(35):     40.978 455.868zM683.64 595.711h-68.948c-57.916 0-60.025 0-66.352-5.678-12.816-10.058-10.05
Action.c(35):     8-18.981-1.46-47.047l143.736-466.738c8.598-30.013 52.563-56.619 94.094-56.619 0.144-0.001 
Action.c(35):     0.314-0.001 0.484-0.001 12.882 0 25.151 2.625 36.301 7.369l-0.607-0.229h1.298c16.633 8.062
Action.c(35):      30.286 19.998 40.168 34.682l0.228 0.359c9.617 11.81 17.929 25.27 24.37 39.746l0.451 1.136
Action.c(35):      1.136 2.92c40.882 135.463 114.535 379.458 133.516 442.241h6.814l-0.973 23.037c0 18.008-13
Action.c(35):     .303 22.226-26.768 23.199h-287.311v-102.368z",\n
Action.c(35):             "M2084.015 83.387l132.056 271.574v-310.834h108.532v526.276h-114.697l-176.669-348.1
Action.c(35):     47v348.471h-102.692v-463.98c0-24.335 43.478-62.621 77.708-62.946 24.984 0 63.27 9.085 76.4
Action.c(35):     11 39.584z",\n
Action.c(35):             "M2008.578 68.137c-23.68 3.544-43.361 18.029-53.994 38.053l-0.192 0.395v439.645h54
Action.c(35):     .185v-324.461l46.236-11.032 170.18 334.844h75.275v-476.958h-59.701v286.337l-46.398 10.707-
Action.c(35):     132.38-272.548c-8.76-19.792-38.611-24.984-53.212-24.984zM1905.724 595.062v-488.314c1.721-1
Action.c(35):     9.372 10.607-36.391 23.954-48.619l0.056-0.051c19.656-21.374 46.9-35.502 77.432-38.094l0.43
Action.c(35):     8-0.030h1.298c34.068 0 79.98 14.114 97.338 53.861l85.496 176.020v-229.394h157.202v574.459h
Action.c(35):     -154.119l-137.085-270.439v270.925z",\n
Action.c(35):             "M2774.144 130.92h-119.564c-24.010 0-40.071 19.305-48.669 44.451-2.299 7.883-3.621
Action.c(35):      16.938-3.621 26.302 0 20.887 6.579 40.238 17.778 56.093l-0.205-0.306c43.153 36.015 94.256
Action.c(35):      22.388 133.84 64.892 47.696 52.887 56.294 107.072 34.555 163.366-20.003 47.625-64.726 81.
Action.c(35):     207-117.679 84.823l-0.425 0.023h-123.133v-81.115h117.293c16.223 0 37.313-23.523 44.127-42.
Action.c(35):     667 17.521-49.643-37.8-79.493-79.98-93.932-50.047-16.43-89.169-53.905-107.488-101.682l-0.3
Action.c(35):     95-1.172c-16.223-60.35-9.247-125.729 44.776-171.965 24.821-17.359 40.558-34.393 79.98-34.3
Action.c(35):     93h129.785v87.28z",\n
Action.c(35):             "M2571.194 514.433v32.446h98.798c43.095-3.689 79.027-30.946 95.111-68.693l0.281-0.
Action.c(35):     742c19.305-49.805 9.896-93.769-30.013-138.058-15.645-14.963-35.625-25.513-57.87-29.583l-0.
Action.c(35):     696-0.106c-27.807-6.087-52.2-17.9-72.899-34.196l0.382 0.29-2.596-2.596c-14.93-19.826-23.91
Action.c(35):     -44.866-23.91-72.005 0-12.154 1.801-23.887 5.151-34.947l-0.222 0.853c12.978-38.773 39.098-
Action.c(35):     60.999 71.706-60.999h95.067v-37.475h-105.125c-0.113-0.001-0.247-0.001-0.38-0.001-20.885 0-
Action.c(35):     39.849 8.222-53.833 21.605l0.029-0.027-10.707 7.138c-53.374 46.56-46.074 110.479-36.502 14
Action.c(35):     6.008 16.322 41.606 49.853 73.385 91.594 86.987l1.039 0.293c32.446 11.194 75.599 32.446 92
Action.c(35):     .471 66.839 4.603 9.412 7.294 20.481 7.294 32.179 0 9.36-1.723 18.318-4.87 26.574l0.171-0.
Action.c(35):     512c-8.274 23.361-35.042 58.079-66.515 58.89zM2522.525 595.549v-129.785h140.816c10.141-5.9
Action.c(35):     39 17.879-15.042 21.95-25.934l0.114-0.347c1.427-3.048 2.26-6.618 2.26-10.383s-0.833-7.335-
Action.c(35):     2.324-10.537l0.064 0.154c-7.3-15.087-30.662-30.337-64.081-42.018-57.343-18.595-102.255-61.
Action.c(35):     276-123.486-115.794l-0.458-1.336v-1.947c-21.901-78.195-2.758-149.901 52.401-197.11l1.785-1
Action.c(35):     .46 10.869-7.787c21.668-19.422 50.377-31.38 81.874-31.635l0.052-0h153.795v135.625h-143.899
Action.c(35):     c-13.952 0-21.901 17.359-25.308 27.579-1.528 5.677-2.405 12.194-2.405 18.917 0 14.076 3.84
Action.c(35):     7 27.253 10.546 38.537l-0.192-0.349c15.023 10.6 32.788 18.455 51.981 22.395l0.906 0.155c31
Action.c(35):     .952 6.304 59.628 21.55 81.118 42.994l-0.003-0.003c52.401 58.079 64.892 121.673 39.422 188
Action.c(35):     .999-23.733 56.632-77.112 96.465-140.206 100.237l-0.448 0.021z",\n
Action.c(35):             "M1714.454 130.92l-112.75-0.324-0.324 439.807h-113.561l0.162-439.645-111.615 0.162
Action.c(35):      0.162-86.956 337.602 0.162 0.324 86.793z",\n
Action.c(35):             "M1512.477 106.423v439.645h64.892v-439.97h112.588v-37.638h-289.095v38.124zM1463.80
Action.c(35):     7 594.9v-439.645h-111.939v-135.949h386.271v135.787h-113.561v439.807z",\n
Action.c(35):             "M1874.738 570.728h-101.719v-526.601l101.719 0.324v526.276z",\n
Action.c(35):             "M1797.516 68.624v477.607h52.725v-477.445zM1748.847 595.062v-575.432h150.388v575.4
Action.c(35):     32z",\n
Action.c(35):             "M2477.587 43.965c0.811 41.044 0 102.043-31.148 139.681-19.792 16.223-28.715 32.44
Action.c(35):     6-62.459 27.904l19.468-81.115h-27.741v-86.144h101.719z",\n
Action.c(35):             "M2401.014 106.586h34.231l-18.008 70.408 3.245-3.082 8.112-7.3c18.981-24.010 23.84
Action.c(35):     8-61.161 24.497-97.338h-52.076zM2395.823 236.37c-5.052-0.019-10.004-0.372-14.855-1.038l0.5
Action.c(35):     79 0.065-26.93-3.569 18.657-76.735h-21.252v-135.463h149.901v23.848c1.136 53.698-2.271 113.
Action.c(35):     561-36.826 155.741l-2.758 2.92c-3.082 2.596-5.84 5.191-8.436 7.625-14.453 16.401-35.445 26
Action.c(35):     .747-58.857 26.93l-0.032 0z",\n
Action.c(35):             "M1250.312 593.115v-34.231h30.662c-3.913 15.889-15.236 28.495-30.003 34.119l-0.334
Action.c(35):      0.112z",\n
Action.c(35):             "M843.599 464.466l-20.928-66.515-21.414 66.352zM1153.622 138.383v135.787h61.972c16
Action.c(35):     .957-4.145 31.233-13.726 41.24-26.756l0.128-0.174c8.315-11.11 13.314-25.122 13.314-40.301 
Action.c(35):     0-11.034-2.642-21.451-7.327-30.653l0.177 0.384c-17.845-41.531-65.703-39.747-109.506-38.286
Action.c(35):     zM852.847 53.861s67.326 66.839 81.115 117.293c31.473 103.665 104.314 316.674 104.314 316.6
Action.c(35):     74v-458.139h202.464c57.105-0.162 107.072 51.427 117.131 65.703v-66.028h369.724l26.606 34.2
Action.c(35):     31v-34.068h133.84l38.611 50.454c20.366-30.192 54.444-49.784 93.097-49.784 5.559 0 11.024 0
Action.c(35):     .405 16.366 1.188l-0.607-0.073c59.863 12.167 92.147 62.783 116.482 103.503l44.938 85.658v-
Action.c(35):     190.946h136.923l22.875 23.037v-23.361h134.003l42.991 61.323c17.034-25.957 63.594-61.161 95
Action.c(35):     .878-61.323h158.499l50.94 54.834v136.112h-188.188c-16.223 0.973-13.952 11.681-10.869 22.71
Action.c(35):     2 10.869 21.901 46.885 27.741 57.267 32.446 83.522 17.776 147.951 83.13 164.122 165.764l0.
Action.c(35):     217 1.333 1.947 37.313c-6.327 75.437-94.905 178.454-154.606 178.454h-127.838c-1.136 0-53.0
Action.c(35):     49-56.456-53.049-56.456v-126.215h129.785c13.76-1.606 25.143-10.397 30.405-22.469l0.095-0.2
Action.c(35):     44c2.258-4.307 3.583-9.409 3.583-14.82 0-6.551-1.942-12.649-5.281-17.749l0.076 0.124c-19.4
Action.c(35):     8-18.097-42.946-32.196-68.91-40.822l-1.336-0.385c-58.799-25.007-102.608-75.375-118.131-136
Action.c(35):     .987l-0.298-1.395-57.267 27.093-50.292-23.523s0 413.85 0 413.85-139.032 0-139.032 0l-57.10
Action.c(35):     5-63.432c-26.444-56.456-86.469-171.316-86.469-171.316v234.423h-115.833l-45.262-41.369s-1.6
Action.c(35):     22 41.369-2.596 41.369h-125.404l-63.757-78.682v-359.179h-89.065v438.023h-124.755l-67.163-7
Action.c(35):     7.708v-360.314h-54.023c0.259 3.695 0.406 8.008 0.406 12.356 0 47.864-17.869 91.554-47.299 
Action.c(35):     124.763l0.171-0.197c24.659 22.712 47.534 48.669 47.534 81.115v219.985h-103.665l-70.57-78.8
Action.c(35):     44v-149.577c-3.139-14.778-12.3-26.969-24.733-34.099l-0.25-0.132c-8.112-1.622-8.112 4.056-8
Action.c(35):     .112 4.056s0 258.271 0 258.271-91.498 0-91.498 0l-53.212-52.563s14.925 52.238 14.601 52.40
Action.c(35):     1h-278.712l-48.669-52.563s-19.143 52.887-18.17 52.725-115.995 0-115.833 0-32.446-33.906-32
Action.c(35):     .446-33.906v33.906h-120.862l-78.033-77.222v-58.241c-11.201 16.736-30.030 27.607-51.397 27.
Action.c(35):     607-5.724 0-11.265-0.78-16.524-2.24l0.433 0.103c-35.204-20.766-101.394-89.876-101.394-89.8
Action.c(35):     76v200.030h-111.29l-86.307-78.682v-455.706c0-44.938 40.071-77.708 83.224-89.227s93.607 4.7
Action.c(35):     05 114.373 33.906l78.195 117.455 47.534-112.75c15.412-32.446 34.393-43.153 83.873-43.316s1
Action.c(35):     47.63 69.759 146.008 140.816v294.124l118.753-379.458c13.303-35.691 56.132-55.645 89.389-55
Action.c(35):     .483 2.975-0.399 6.414-0.627 9.907-0.627 22.643 0 43.047 9.584 57.377 24.917l0.042 0.045z"
Action.c(35):     ,\n
Action.c(35):             "M1251.934 244.806c-10.123 13.258-24.398 22.892-40.862 26.986l-0.507 0.107h-61.81v
Action.c(35):     -136.112c43.802-1.298 91.498-3.245 109.506 38.611 4.471 8.763 7.091 19.114 7.091 30.076 0 
Action.c(35):     15.205-5.040 29.233-13.542 40.503l0.123-0.171zM1302.063 314.89c35.042-18.657 71.544-103.50
Action.c(35):     3 48.669-163.366-18.008-47.534-59.214-102.854-121.349-102.854h-173.1l-1.785 526.925h93.607
Action.c(35):     v-200.679c82.413-6.976 112.588 22.063 116.319 52.563 0 0 0 147.954 0 147.954h91.498v-210.9
Action.c(35):     c-0.649-17.845-24.497-42.504-53.861-49.643z",\n
Action.c(35):             "M1157.029 263.463h53.536c14.207-4.217 26.096-12.587 34.599-23.687l0.118-0.161c7.2
Action.c(35):     01-9.637 11.529-21.786 11.529-34.946 0-9.554-2.282-18.576-6.33-26.549l0.154 0.334c-15.25-3
Action.c(35):     5.529-55.807-35.204-93.769-34.068zM1211.052 279.686h-70.733v-151.848h9.085c7.949 0 16.223 
Action.c(35):     0 24.010 0 36.34 0 75.599 5.191 92.309 44.127 4.966 9.771 7.876 21.306 7.876 33.522 0 16.8
Action.c(35):     16-5.514 32.344-14.832 44.875l0.143-0.201c-11.717 15.015-28.283 25.765-47.316 29.914l-0.54
Action.c(35):     2 0.099zM1273.349 567.807h74.951v-202.951c-1.136-13.952-22.55-35.691-48.669-41.856l-21.252
Action.c(35):     -5.191 19.468-9.572c32.446-17.196 66.028-97.338 44.938-153.146-17.845-46.885-57.105-97.338
Action.c(35):     -113.561-97.338h-164.664l-1.46 510.053h76.897v-200.517h7.625c8.274-0.811 16.223-1.136 24.0
Action.c(35):     10-1.136 84.684 0 98.961 42.667 101.070 60.999 0.324 0 0.324 0.649 0.649 140.654zM1364.847
Action.c(35):      584.030h-108.046v-8.274c0-49.643 0-144.385 0-147.63-3.731-31.635-40.071-48.669-99.61-45.2
Action.c(35):     62v201.166h-110.804l1.622-543.473h181.374c64.892 0 109.343 55.645 129.785 107.721 21.577 5
Action.c(35):     6.781-6.651 132.705-39.098 163.529 24.497 11.032 44.127 32.446 45.587 52.076z",\n
Action.c(35):             "M197.921 79.169l84.522 194.677s51.914-124.106 74.464-179.914c8.598-18.494 13.465-
Action.c(35):     39.098 50.616-42.991 3.314-0.372 7.157-0.585 11.049
Action.c(35): t=7872ms: 4639-byte DECODED response body for "https://stage.peapod.com/shop/images/icons/PeapodIcons.json" (RelFrameId=1, Internal ID=3)
Action.c(35):     -0.585 26.534 0 50.762 9.876 69.207 26.153l-0.113-0.098c15.694 15.035 25.604 36 26.117 59.
Action.c(35):     282l0.002 0.094c0 21.414 0 439.483 0 439.645h-103.179s0-384.324 0-384.324l-86.144 256.324c
Action.c(35):     -7.25 15.158-22.463 25.441-40.078 25.441-6.269 0-12.233-1.302-17.637-3.651l0.286 0.111c-12
Action.c(35):     .167-0.973-22.063-13.627-28.066-22.063 0 0-91.336-256.162-91.011-256s0 384.324 0 384.324h-
Action.c(35):     103.828v-458.951c0.487-45.587 55.807-67.975 86.469-67.975 1.154-0.059 2.507-0.092 3.867-0.
Action.c(35):     092 25.622 0 48.47 11.88 63.335 30.431l0.124 0.16z",\n
Action.c(35):             "M52.401 567.807h87.28c0-128.973 0-359.016 0-374.915v-3.082l5.678-7.138 11.194 1.7
Action.c(35):     85v5.678c3.731 11.356 60.025 169.207 90.038 253.729 8.112 11.194 15.25 17.196 21.414 17.84
Action.c(35):     5h1.785c4.245 1.851 9.191 2.927 14.388 2.927 14.243 0 26.598-8.086 32.724-19.918l0.097-0.2
Action.c(35):     05 85.982-255.838 16.223 2.596c0 117.942 0 332.086 0 376.051h86.631c0-57.916 0-411.741 0-4
Action.c(35):     31.371-0.547-20.924-9.387-39.683-23.341-53.192l-0.021-0.020c-16.771-14.808-38.939-23.848-6
Action.c(35):     3.218-23.848-0.018 0-0.036 0-0.055 0l-10.542-0c-19.892 0.088-36.575 13.722-41.304 32.149l-
Action.c(35):     0.065 0.297c-0.811 1.947-1.622 4.056-2.596 6.003-22.388 54.996-74.139 178.454-74.626 180.0
Action.c(35):     76l-7.463 18.008-92.147-212.36c-13.421-15.883-33.352-25.9-55.624-25.9-1.377 0-2.745 0.038-
Action.c(35):     4.104 0.114l0.189-0.008c-28.066 0-78.033 20.117-78.52 59.376zM408.010 584.030l-2.433-2.433
Action.c(35):     c-2.758-2.433-2.758-2.433-2.92-66.19v-273.521l-70.733 208.953c-8.747 17.983-26.88 30.158-4
Action.c(35):     7.856 30.158-6.704 0-13.117-1.243-19.022-3.512l0.363 0.123c-14.046-4.007-25.477-13.218-32.
Action.c(35):     307-25.364l-0.139-0.269-1.136-1.947c-14.601-41.369-52.563-147.792-74.626-209.926 0 92.796 
Action.c(35):     0 287.148 0 335.493v8.436h-121.511v-467.387c0-52.887 63.108-75.924 94.905-75.924 1.346-0.0
Action.c(35):     73 2.921-0.115 4.505-0.115 28.327 0 53.532 13.371 69.647 34.145l0.15 0.201v0.973l77.384 17
Action.c(35):     7.156c15.25-36.664 49.805-119.726 66.677-162.231 1.136-2.271 1.947-4.056 2.758-6.003 7.245
Action.c(35):     -24.064 28.934-41.402 54.764-42.016l0.070-0.001c1.819-0.116 3.943-0.182 6.084-0.182s4.265 
Action.c(35):     0.066 6.372 0.196l-0.289-0.014c0.129-0.001 0.282-0.001 0.435-0.001 28.323 0 54.176 10.581 
Action.c(35):     73.82 28.005l-0.115-0.1c17.299 16.39 28.29 39.289 29.036 64.757l0.003 0.135c0 11.356 0 126
Action.c(35):     .053 0 227.934 0 53.698 0 106.586 0 146.008v47.696c0 23.199 0 23.199-4.705 25.47-1.622 0-1
Action.c(35):     .622 0-79.006 0h-26.93z",\n
Action.c(35):             "M843.599 82.738c8.51 10.052 15.791 21.544 21.371 33.965l0.368 0.915s138.058 457.8
Action.c(35):     15 138.545 457.815h-265.247v-91.174h129.785l-86.469-293.151-116.806 384.649h-101.556s150.2
Action.c(35):     26-487.503 150.226-487.503c6.489-22.55 56.781-51.103 97.338-34.068 13.556 6.323 24.595 16.
Action.c(35):     112 32.263 28.243l0.183 0.309z",\n
Action.c(35):             "M574.783 567.807h84.36l122.809-405.577 97.338 330.302h-132.056v75.275h244.968c0-2
Action.c(35):     .433-1.785-5.516-2.758-8.923-3.894-12.492-9.247-30.499-16.223-51.914-13.141-42.991-30.337-
Action.c(35):     100.096-47.696-157.364-33.257-110.641-65.703-219.823-68.461-229.070-5.52-12.394-12.201-23.
Action.c(35):     078-20.143-32.68l0.188 0.234-0.811-0.973c-6.925-11.088-16.699-19.819-28.309-25.298l-0.406-
Action.c(35):     0.172c-6.788-2.772-14.665-4.381-22.918-4.381-0.099 0-0.198 0-0.297 0.001l0.015-0c-30.824 0
Action.c(35):     -58.89 19.954-62.783 33.42-1.46 4.542-125.242 406.063-146.819 477.12zM672.122 584.030h-6.9
Action.c(35):     76c-95.229 0-103.828 0-106.586-1.622v0c-4.705-3.407-4.542-3.731 3.569-30.013l143.574-466.5
Action.c(35):     75c6.165-20.928 40.558-45.1 78.682-45.1 0.191-0.002 0.417-0.003 0.643-0.003 10.597 0 20.69
Action.c(35):     2 2.148 29.873 6.032l-0.503-0.189c14.603 6.967 26.54 17.498 35.004 30.497l0.2 0.327c8.766 
Action.c(35):     10.478 16.404 22.374 22.447 35.172l0.427 1.006v0.973c44.127 145.034 124.918 413.364 137.24
Action.c(35):     7 453.272h2.271v7.787c0 5.678-1.622 7.3-9.085 7.787h-272.872v-107.721h127.027l-75.275-255.
Action.c(35):     676z",\n
Action.c(35):             "M2083.853 88.416l131.894 271.412v-310.672h108.37v526.276h-114.697l-176.507-348.30
Action.c(35):     9v348.471h-102.368v-463.817c0-24.335 43.478-62.783 77.708-63.108 24.984 0 63.27 9.247 76.5
Action.c(35):     73 39.747z",\n
Action.c(35):             "M2008.253 56.943h-0.811c-21.871 2.537-40.959 12.822-54.771 27.996l-0.063 0.070c-7
Action.c(35):     .718 6.672-13.067 15.9-14.73 26.356l-0.033 0.25v456.193h86.631v-340.684l16.223-3.731 174.3
Action.c(35):     98 344.416h101.394v-510.378h-91.823v302.398l-16.223 3.731-131.894-271.574c-12.33-27.093-48
Action.c(35):     .669-35.042-68.299-35.042zM1921.46 584.030v-472.253c1.431-15.332 8.643-28.748 19.404-38.23
Action.c(35):     2l0.063-0.055c16.948-18.004 40.139-29.966 66.097-32.414l0.417-0.032h0.973c29.364 0 68.786 
Action.c(35):     11.681 83.062 44.776l115.995 238.641v-283.093h124.918v542.662h-128l-163.042-322.352v322.35
Action.c(35):     2z",\n
Action.c(35):             "M2774.144 135.949h-120.051c-24.010 0-40.071 19.305-48.669 44.289-2.349 7.965-3.7 
Action.c(35):     17.116-3.7 26.583 0 20.836 6.547 40.143 17.696 55.977l-0.206-0.308c43.153 35.853 94.256 22
Action.c(35):     .388 134.003 64.892 47.534 53.049 56.294 107.234 34.393 163.529-19.931 47.585-64.621 81.13
Action.c(35):     1-117.526 84.662l-0.415 0.022h-122.646v-81.115h117.455c16.223 0 37.151-23.361 43.965-42.50
Action.c(35):     4 
Action.c(35): t=7882ms: 12288-byte ENCODED response body received for "https://stage.peapod.com/shop/images/icons/PeapodIcons.json" (RelFrameId=1, Internal ID=3)
Action.c(35): t=7882ms: 12288-byte DECODED response body for "https://stage.peapod.com/shop/images/icons/PeapodIcons.json" (RelFrameId=1, Internal ID=3)
Action.c(35):     17.521-49.643-37.8-79.493-79.817-93.932-50.076-16.453-89.236-53.913-107.648-101.681l-0.398
Action.c(35):     -1.173c-16.223-60.512-9.247-125.891 44.776-171.965 24.172-17.034 39.747-34.555 79.006-34.5
Action.c(35):     55h129.785v87.28z",\n
Action.c(35):             "M2554.646 502.915v63.919h115.022c49.8-3.753 91.456-35.095 109.996-78.644l0.321-0.
Action.c(35):     849c21.414-55.645 10.707-106.261-32.446-154.93-17.724-16.941-40.364-28.878-65.567-33.463l-
Action.c(35):     0.785-0.119c-25.51-5.361-47.945-15.944-67.068-30.626l0.391 0.288-0.973-0.811c-12.548-17.19
Action.c(35):     2-20.076-38.743-20.076-62.052 0-10.076 1.407-19.824 4.035-29.057l-0.182 0.747c10.545-32.44
Action.c(35):     6 31.148-49.967 56.294-49.967h111.29v-69.921h-120.537c-0.113-0-0.247-0.001-0.38-0.001-24.4
Action.c(35):     68 0-46.747 9.371-63.444 24.721l0.067-0.061-11.194 8.112c-61.323 52.887-52.563 124.918-41.
Action.c(35):     856 163.204 17.864 46.419 55.106 81.907 101.544 97.015l1.148 0.323c30.013 10.383 68.624 28
Action.c(35):     .877 83.062 58.728 3.651 7.362 5.788 16.032 5.788 25.2 0 7.448-1.41 14.566-3.977 21.103l0.
Action.c(35):     136-0.392c-7.787 22.388-30.986 47.534-51.589 48.669zM2538.423 584.030v-97.338h125.567c11.5
Action.c(35):     18 0 30.013-18.981 36.34-36.989 1.727-4.366 2.729-9.424 2.729-14.716 0-6.446-1.486-12.545-
Action.c(35):     4.134-17.973l0.107 0.243c-9.247-19.305-35.366-37.151-73.49-50.292-52.538-17.256-93.658-56.
Action.c(35):     464-113.139-106.49l-0.422-1.231c-20.603-73.49-3.731-137.734 47.209-181.212v0l11.194-8.112c
Action.c(35):     19.379-17.966 45.369-29.040 73.945-29.201l0.033-0h137.572v103.503h-127.838c-24.010 0-35.69
Action.c(35):     1 24.172-40.558 38.611-2.071 7.173-3.263 15.412-3.263 23.93 0 18.539 5.644 35.76 15.306 50
Action.c(35):     .038l-0.201-0.315c16.923 12.641 37.117 21.925 59.053 26.439l0.972 0.167c29.126 5.517 54.42
Action.c(35):     2 19.168 74.166 38.475l-0.027-0.026c47.696 53.049 59.863 110.966 36.177 172.127-20.976 50.
Action.c(35):     95-68.761 86.872-125.32 90.342l-0.409 0.020z",\n
Action.c(35):             "M1714.129 135.949l-112.75-0.324-0.324 439.807h-113.561l0.162-439.645-111.615 0.16
Action.c(35):     2 0.162-86.956h337.764l0.162 86.956z",\n
Action.c(35):             "M1495.929 127.513v440.294h97.338v-439.645h113.561v-70.895h-322.352v70.408zM1479.2
Action.c(35):     19 584.030v-439.97h-111.452v-103.503h354.312v103.665h-113.561l0.811 439.807z",\n
Action.c(35):             "M1874.413 575.594h-101.556v-526.601l101.556 0.324v526.276z",\n
Action.c(35):             "M1781.131 57.267v510.54h84.522v-510.215zM1764.907 583.868v-543.148h118.266v543.31
Action.c(35):     1z",\n
Action.c(35):             "M2477.262 48.669c0.811 40.882 0 101.881-31.148 139.681-19.792 16.223-28.553 32.44
Action.c(35):     6-62.459 27.904l19.468-81.115h-27.741v-86.469h101.719z",\n
Action.c(35):             "M2394.038 208.953c0.051 0 0.111 0 0.171 0 15.052 0 28.453-7.068 37.065-18.067l0.0
Action.c(35):     78-0.103c2.758-2.596 5.678-5.354 8.76-7.949 25.795-31.473 29.526-80.304 28.877-125.567h-85
Action.c(35):     .171v70.408h30.013zM2394.038 225.176c-0.209 0.002-0.456 0.003-0.703 0.003-4.044 0-8.019-0.
Action.c(35):     296-11.905-0.867l0.441 0.053-9.085-1.136 19.143-79.331h-25.47v-103.016h118.104v7.787c1.136
Action.c(35):      50.778-1.947 107.559-32.446 145.034l-0.973 0.973c-3.245 2.758-6.003 5.516-8.76 7.949-11.5
Action.c(35):     29 13.704-28.55 22.468-47.627 22.873l-0.069 0.001z",\n
Action.c(35):             "M1216.73 258.596v-34.068h30.662c-4.024 15.886-15.463 28.448-30.325 33.959l-0.337 
Action.c(35):     0.109zM1266.373 182.347c-18.008-41.856-64.892-39.909-109.506-38.611v135.949h61.972c16.996-
Action.c(35):     4.135 31.29-13.785 41.237-26.911l0.132-0.182c8.527-11.161 13.663-25.31 13.663-40.659 0-10.
Action.c(35):     771-2.529-20.95-7.026-29.978l0.176 0.391z",\n
Action.c(35):             "M2947.245 616.477c0 31.449-25.494 56.943-56.943 56.943s-56.943-25.494-56.943-56.9
Action.c(35):     43c0-31.449 25.494-56.943 56.943-56.943v-0c31.449 0 56.943 25.494 56.943 56.943v-0z",\n
Action.c(35):             "M2890.302 566.672c-27.506 0-49.805 22.298-49.805 49.805s22.298 49.805 49.805 49.8
Action.c(35):     05c27.506 0 49.805-22.298 49.805-49.805v0c0-27.506-22.298-49.805-49.805-49.805v0zM2890.302
Action.c(35):      680.233c-35.839 0-64.892-29.053-64.892-64.892s29.053-64.892 64.892-64.892c35.839 0 64.892
Action.c(35):      29.053 64.892 64.892v0c0.006 0.338 0.010 0.736 0.010 1.136 0 35.839-29.053 64.892-64.892 
Action.c(35):     64.892-0.004 0-0.007-0-0.011-0l0.001 0z",\n
Action.c(35):             "M2881.541 616.477v-18.008h11.356c6.003 0 12.167 1.298 12.167 8.274s-6.327 9.085-1
Action.c(35):     3.465 9.085zM2881.541 623.615h9.572l14.763 24.172h9.409l-16.223-24.659c0.010 0 0.022 0 0.0
Action.c(35):     33 0 7.885 0 14.276-6.392 14.276-14.276 0-0.343-0.012-0.682-0.036-1.019l0.003 0.045c0-11.0
Action.c(35):     32-6.489-16.223-19.63-16.223h-21.090v55.645h8.436zM2891.762 668.228c26.879 0 48.669-21.79 
Action.c(35):     48.669-48.669s-21.79-48.669-48.669-48.669c-26.879 0-48.669 21.79-48.669 48.669v0c0.366 26.
Action.c(35):     599 22.014 48.020 48.665 48.020 0.002 0 0.003-0 0.005-0l-0 0zM2852.34 619.559c0.633-21.188
Action.c(35):      17.96-38.124 39.243-38.124 21.683 0 39.26 17.577 39.26 39.26 0 21.62-17.475 39.158-39.071
Action.c(35):      39.259l-0.010 0c-0.159 0.002-0.347 0.004-0.536 0.004-21.503 0-38.935-17.432-38.935-38.935
Action.c(35):      0-0.686 0.018-1.368 0.053-2.045l-0.004 0.095z"\n
Action.c(35):           ],\n
Action.c(35):           "attrs": [\n
Action.c(35):             {\n
Action.c(35):               "fill": "rgb(99, 102, 106)"\n
Action.c(35):             },\n
Action.c(35):             {\n
Action.c(35):               "fill": "rgb(99, 102, 106)"\n
Action.c(35):             },\n
Action.c(35):             {\n
Action.c(35):               "fill": "rgb(99, 102, 106)"\n
Action.c(35):             },\n
Action.c(35):             {\n
Action.c(35):               "fill": "rgb(99, 102, 106)"\n
Action.c(35):             },\n
Action.c(35):             {\n
Action.c(35):               "fill": "rgb(99, 102, 106)"\n
Action.c(35):             },\n
Action.c(35):             {\n
Action.c(35):               "fill": "rgb(99, 102, 106)"\n
Action.c(35):             },\n
Action.c(35):             {\n
Action.c(35):               "fill": "rgb(99, 102, 106)"\n
Action.c(35):             },\n
Action.c(35):             {\n
Action.c(35):               "fill": "rgb(99, 102, 106)"\n
Action.c(35):             },\n
Action.c(35):             {\n
Action.c(35):               "fill": "rgb(99, 102, 106)"\n
Action.c(35):             },\n
Action.c(35):             {\n
Action.c(35):               "fill": "rgb(51, 51, 51)"\n
Action.c(35):             },\n
Action.c(35):             {\n
Action.c(35):               "fill": "rgb(51, 51, 51)"\n
Action.c(35):             },\n
Action.c(35):             {\n
Action.c(35):               "fill": "rgb(54, 54, 54)"\n
Action.c(35):             },\n
Action.c(35):             {\n
Action.c(35):               "fill": "rgb(51, 51, 51)"\n
Action.c(35):             },\n
Action.c(35):             {\n
Action.c(35):               "fill": "rgb(51, 51, 51)"\n
Action.c(35):             },\n
Action.c(35):             {\n
Action.c(35):               "fill": "rgb(94, 160, 0)"\n
Action.c(35):             },\n
Action.c(35):             {\n
Action.c(35):               "fill": "rgb(51, 51, 51)"\n
Action.c(35):             },\n
Action.c(35):             {\n
Action.c(35):               "fill": "rgb(255, 255, 254)"\n
Action.c(35):             },\n
Action.c(35):             {\n
Action.c(35):               "fill": "rgb(255, 255, 254)"\n
Action.c(35):             },\n
Action.c(35):             {\n
Action.c(35):               "fill": "rgb(255, 255, 254)"\n
Action.c(35):             },\n
Action.c(35):             {\n
Action.c(35):               "fill": "rgb(255, 255, 254)"\n
Action.c(35):             },\n
Action.c(35):             {\n
Action.c(35):               "fill": "rgb(255, 255, 254)"\n
Action.c(35):             },\n
Action.c(35):             {\n
Action.c(35):               "fill": "rgb(255, 255, 254)"\n
Action.c(35):             },\n
Action.c(35):             {\n
Action.c(35):               "fill": "rgb(255, 255, 254)"\n
Action.c(35):             },\n
Action.c(35):             {\n
Action.c(35):               "fill": "rgb(255, 255, 254)"\n
Action.c(35):             },\n
Action.c(35):             {\n
Action.c(35):               "fill": "rgb(255, 255, 254)"\n
Action.c(35):             },\n
Action.c(35):             {\n
Action.c(35):               "fill": "rgb(255, 255, 254)"\n
Action.c(35):             },\n
Action.c(35):             {\n
Action.c(35):               "fill": "rgb(255, 255, 254)"\n
Action.c(35):             },\n
Action.c(35):             {\n
Action.c(35):               "fill": "rgb(255, 255, 254)"\n
Action.c(35):             },\n
Action.c(35):             {\n
Action.c(35):               "fill": "rgb(255, 255, 254)"\n
Action.c(35):             },\n
Action.c(35):             {\n
Action.c(35):               "fill": "rgb(255, 255, 254)"\n
Action.c(35):             },\n
Action.c(35):             {\n
Action.c(35):               "fill": "rgb(255, 255, 254)"\n
Action.c(35):             },\n
Action.c(35):             {\n
Action.c(35):               "fill": "rgb(255, 255, 254)"\n
Action.c(35):             },\n
Action.c(35):             {\n
Action.c(35):               "fill": "rgb(255, 255, 254)"\n
Action.c(35):             },\n
Action.c(35):             {\n
Action.c(35):               "fill": "rgb(255, 255, 254)"\n
Action.c(35):             },\n
Action.c(35):             {\n
Action.c(35):               "fill": "rgb(255, 255, 254)"\n
Action.c(35):             },\n
Action.c(35):             {\n
Action.c(35):               "fill": "rgb(26, 25, 25)"\n
Action.c(35):             },\n
Action.c(35):             {\n
Action.c(35):               "fill": "rgb(220, 59, 65)"\n
Action.c(35):             },\n
Action.c(35):             {\n
Action.c(35):               "fill": "rgb(220, 59, 65)"\n
Action.c(35):             },\n
Action.c(35):             {\n
Action.c(35):               "fill": "rgb(220, 59, 65)"\n
Action.c(35):             },\n
Action.c(35):             {\n
Action.c(35):               "fill": "rgb(220, 59, 65)"\n
Action.c(35):             },\n
Action.c(35):             {\n
Action.c(35):               "fill": "rgb(220, 59, 65)"\n
Action.c(35):             },\n
Action.c(35):             {\n
Action.c(35):               "fill": "rgb(220, 59, 65)"\n
Action.c(35):             },\n
Action.c(35):             {\n
Action.c(35):               "fill": "rgb(220, 59, 65)"\n
Action.c(35):             },\n
Action.c(35):             {\n
Action.c(35):               "fill": "rgb(220, 59, 65)"\n
Action.c(35):             },\n
Action.c(35):             {\n
Action.c(35):               "fill": "rgb(220, 59, 65)"\n
Action.c(35):             },\n
Action.c(35):             {\n
Action.c(35):               "fill": "rgb(220, 59, 65)"\n
Action.c(35):             },\n
Action.c(35):             {\n
Action.c(35):               "fill": "rgb(220, 59, 65)"\n
Action.c(35):             },\n
Action.c(35):             {\n
Action.c(35):               "fill": "rgb(220, 59, 65)"\n
Action.c(35):             },\n
Action.c(35):             {\n
Action.c(35):               "fill": "rgb(220, 59, 65)"\n
Action.c(35):             },\n
Action.c(35):             {\n
Action.c(35):               "fill": "rgb(220, 59, 65)"\n
Action.c(35):             },\n
Action.c(35):             {\n
Action.c(35):               "fill": "rgb(220, 59, 65)"\n
Action.c(35):             },\n
Action.c(35):             {\n
Action.c(35):               "fill": "rgb(220, 59, 65)"\n
Action.c(35):             },\n
Action.c(35):             {\n
Action.c(35):               "fill": "rgb(26, 25, 25)"\n
Action.c(35):             },\n
Action.c(35):             {\n
Action.c(35):               "fill": "rgb(255, 255, 254)"\n
Action.c(35):             },\n
Action.c(35):             {\n
Action.c(35):               "fill": "rgb(255, 255, 254)"\n
Action.c(35):             },\n
Action.c(35):             {\n
Action.c(35):               "fill": "rgb(26, 25, 25)"\n
Action.c(35):             }\n
Action.c(35):           ],\n
Action.c(35):           "width": 2954,\n
Action.c(35):           "isMulticolor": true,\n
Action.c(35):           "grid": 32,\n
Action.c(35):           "tags": [\n
Action.c(35):             "martins-powered-by-peapod"\n
Action.c(35):           ]\n
Action.c(35):         },\n
Action.c(35):         {\n
Action.c(35):           "paths": [\n
Action.c(35):             "M361.567 853.608h27.381v10.062c3.024-3.79 6.905-6.77 11.357-8.67l0.19-0.072c4.306
Action.c(35):     -1.98 9.342-3.135 14.648-3.135 0.069 0 0.139 0 0.208 0.001l-0.011-0c0.252-0.006 0.548-0.00
Action.c(35):     9 0.845-0.009 6.181 0 12.021 1.466 17.189 4.068l-0.22-0.1c5.175 2.531 9.486 6.102 12.802 1
Action.c(35):     0.469l0.064 0.087c3.404 4.345 6.063 9.462 7.674 15.023l0.079 0.317c1.675 5.137 2.641 11.04
Action.c(35):     9 2.641 17.186 0 0.163-0.001 0.326-0.002 0.488l0-0.025c0.008 0.352 0.013 0.766 0.013 1.182
Action.c(35):      0 7.69-1.644 14.996-4.601 21.585l0.134-0.334c-2.668 6.12-6.466 11.293-11.171 15.466l-0.04
Action.c(35):     5 0.039c-4.644 3.984-10.136 7.134-16.152 9.138l-0.342 0.099c-4.911 1.728-10.575 2.751-16.4
Action.c(35):     7 2.804l-0.025 0c-0.381 0.013-0.83 0.020-1.28 0.020-3.469 0-6.837-0.428-10.056-1.235l0.284
Action.c(35):      0.060-7.918-2.309v40.247h-27.216zM389.938 921.897c4.153 2.43 9.145 3.864 14.472 3.864 0.7
Action.c(35):     12 0 1.418-0.026 2.117-0.076l-0.094 0.005c0.273 0.013 0.593 0.020 0.915 0.020 6.21 0 11.77
Action.c(35):     8-2.745 15.558-7.088l0.021-0.025c3.735-4.62 5.995-10.567 5.995-17.041 0-0.62-0.021-1.236-0
Action.c(35):     .062-1.846l0.004 0.083c0.001-0.075 0.001-0.163 0.001-0.252 0-3.079-0.422-6.060-1.211-8.887
Action.c(35):     l0.055 0.232c-0.675-2.882-1.815-5.419-3.349-7.665l0.050 0.078c-1.544-2.145-3.536-3.873-5.8
Action.c(35):     46-5.070l-0.092-0.043c-2.465-1.254-5.375-1.989-8.457-1.989-0.216 0-0.432 0.004-0.647 0.011
Action.c(35):     l0.031-0.001c-0.155-0.004-0.337-0.007-0.52-0.007-2.856 0-5.569 0.61-8.016 1.706l0.124-0.05
Action.c(35):     0c-2.374 1.268-4.392 2.866-6.084 4.762l-0.019 0.021c-3.087 3.71-4.961 8.524-4.961 13.776 0
Action.c(35):      0.26 0.005 0.519 0.014 0.776l-0.001-0.037z",\n
Action.c(35):             "M470.268 899.794c-0.001-0.13-0.002-0.284-0.002-0.438 0-6.794 1.334-13.277 3.753-1
Action.c(35):     9.2l-0.123 0.339c4.842-11.929 14.047-21.241 25.586-26.11l0.311-0.117c6.002-2.506 12.975-3.
Action.c(35):     961 20.289-3.961s14.287 1.455 20.646 4.093l-0.358-0.131c6.025 2.636 11.167 6.193 15.503 10
Action.c(35):     .554l0.002 0.002c4.372 4.594 7.849 10.086 10.119 16.166l0.108 0.329c2.297 5.584 3.631 12.0
Action.c(35):     67 3.631 18.861 0 0.154-0.001 0.308-0.002 0.462l0-0.024c0.003 0.204 0.005 0.445 0.005 0.68
Action.c(35):     7 0 6.709-1.335 13.106-3.754 18.94l0.121-0.328c-2.354 6.417-5.834 11.913-10.243 16.511l0.0
Action.c(35):     16-0.017c-4.331 4.427-9.474 8.038-15.191 10.596l-0.314 0.125c-6.002 2.506-12.975 3.961-20.
Action.c(35):     289 3.961s-14.287-1.455-20.646-4.093l0.358 0.131c-6.108-2.633-11.313-6.252-15.66-10.712l-0
Action.c(35):     .010-0.010c-4.393-4.582-7.872-10.078-10.122-16.17l-0.105-0.325c-2.309-5.518-3.651-11.929-3
Action.c(35):     .651-18.654 0-0.517 0.008-1.032 0.024-1.545l-0.002 0.075zM519.753 924.866c0.164 0.005 0.35
Action.c(35):     8 0.008 0.552 0.008 3.289 0 6.392-0.795 9.127-2.204l-0.112 0.052c2.776-1.352 5.094-3.247 6
Action.c(35):     .895-5.565l0.033-0.044c1.928-2.257 3.405-4.962 4.252-7.932l0.037-0.15c0.939-2.732 1.481-5.
Action.c(35):     88 1.481-9.155s-0.542-6.423-1.542-9.359l0.060 0.204c-0.885-3.063-2.361-5.714-4.309-7.942l0
Action.c(35):     .021 0.024c-1.834-2.361-4.152-4.257-6.814-5.558l-0.114-0.050c-2.779-1.353-6.046-2.144-9.49
Action.c(35):     7-2.144-0.025 0-0.049 0-0.074 0l0.004-0c-3.476 0.007-6.765 0.797-9.703 2.203l0.136-0.059c-
Action.c(35):     2.806 1.398-5.168 3.285-7.064 5.573l-0.029 0.036c-1.744 2.258-3.148 4.888-4.072 7.734l-0.0
Action.c(35):     51 0.183c-0.939 2.732-1.481 5.88-1.481 9.155s0.542 6.423 1.542 9.359l-0.060-0.204c0.975 3.
Action.c(35):     089 2.38 5.774 4.173 8.15l-0.049-0.068c1.924 2.323 4.286 4.211 6.969 5.552l0.124 0.056c2.6
Action.c(35):     64 1.361 5.811 2.158 9.145 2.158 0.265 0 0.528-0.005 0.79-0.015l-0.038 0.001z",\n
Action.c(35):             "M574.515 853.608h29.361l16.495 59.546 17.979-59.546h22.763l18.309 59.546 16.495-5
Action.c(35):     9.546h28.701l-31.835 92.866h-26.392l-17.485-51.959-16.495 51.959h-26.062z",\n
Action.c(35):             "M820.454 936.247l-4.784 3.299c-2.359 1.583-5.068 3.072-7.907 4.32l-0.341 0.134c-3
Action.c(35):     .431 1.535-7.458 2.844-11.644 3.724l-0.398 0.070c-4.627 1.159-9.938 1.823-15.404 1.823-0.3
Action.c(35):     83 0-0.766-0.003-1.148-0.010l0.057 0.001c-7.249-0.056-14.157-1.443-20.515-3.929l0.392 0.13
Action.c(35):     5c-6.427-2.245-11.934-5.68-16.51-10.076l0.015 0.014c-4.405-4.548-7.844-10.060-9.968-16.186
Action.c(35):     l-0.093-0.309c-2.197-5.817-3.469-12.542-3.469-19.564 0-0.255 0.002-0.509 0.005-0.763l-0 0.
Action.c(35):     039c-0.002-0.176-0.003-0.383-0.003-0.591 0-6.486 1.212-12.69 3.421-18.396l-0.119 0.348c2.1
Action.c(35):     77-6.071 5.376-11.287 9.432-15.703l-0.030 0.033c4.068-4.62 9.078-8.309 14.74-10.782l0.27-0
Action.c(35):     .105c5.825-2.607 12.625-4.125 19.779-4.125 0.121 0 0.242 0 0.363 0.001l-0.019-0c0.365-0.01
Action.c(35):     1 0.793-0.017 1.223-0.017 6.744 0 13.13 1.527 18.834 4.254l-0.263-0.113c5.708 2.584 10.505
Action.c(35):      6.271 14.299 10.823l0.052 0.064c3.866 4.654 6.91 10.149 8.814 16.153l0.094 0.342c1.886 6.
Action.c(35):     22 2.972 13.368 2.972 20.77 0 0.237-0.001 0.473-0.003 0.709l0-0.036v4.784h-65.979c0.202 5.
Action.c(35):     332 2.
Action.c(35): t=7923ms: 12288-byte DECODED response body for "https://stage.peapod.com/shop/images/icons/PeapodIcons.json" (RelFrameId=1, Internal ID=3)
Action.c(35):     717 10.038 6.565 13.17l0.033 0.026c4.366 3.523 9.981 5.655 16.095 5.655 0.547 0 1.090-0.01
Action.c(35):     7 1.628-0.051l-0.074 0.004c0.435 0.016 0.946 0.024 1.459 0.024 6.020 0 11.756-1.222 16.971
Action.c(35):     -3.431l-0.286 0.107c3.853-1.671 7.16-3.547 10.237-5.726l-0.175 0.118zM795.381 890.722c0-0.
Action.c(35):     012 0-0.026 0-0.040 0-2.183-0.424-4.267-1.194-6.174l0.040 0.111c-0.889-2.156-2.055-4.010-3
Action.c(35):     .483-5.63l0.019 0.022c-1.693-1.699-3.652-3.131-5.809-4.229l-0.129-0.060c-2.347-1.048-5.085
Action.c(35):     -1.659-7.966-1.659-0.215 0-0.429 0.003-0.642 0.010l0.031-0.001c-0.19-0.006-0.414-0.010-0.6
Action.c(35):     38-0.010-2.928 0-5.714 0.61-8.237 1.711l0.133-0.052c-2.42 1.117-4.492 2.556-6.273 4.293l0.
Action.c(35):     004-0.004c-1.537 1.559-2.767 3.425-3.59 5.497l-0.039 0.112c-0.834 1.741-1.321 3.783-1.321 
Action.c(35):     5.94 0 0.057 0 0.115 0.001 0.172l-0-0.009z",\n
Action.c(35):             "M838.598 853.608h27.381l0.99 11.711c2.731-3.608 5.948-6.667 9.592-9.147l0.14-0.09
Action.c(35):     0c4.272-2.714 9.476-4.325 15.057-4.325 0.506 0 1.008 0.013 1.508 0.039l-0.070-0.003h6.433c
Action.c(35):     2.026 0.389 3.796 0.902 5.495 1.558l-0.216-0.073-4.619 25.072c-2.74-0.849-5.891-1.338-9.15
Action.c(35):     5-1.338-0.377 0-0.752 0.007-1.126 0.019l0.054-0.001c-0.474-0.038-1.026-0.059-1.583-0.059-1
Action.c(35):     1.661 0-21.113 9.453-21.113 21.113 0 0.718 0.036 1.428 0.106 2.127l-0.007-0.088v46.021h-28
Action.c(35):     .866z",\n
Action.c(35):             "M1002.557 936.247l-4.784 3.299c-2.359 1.583-5.068 3.072-7.907 4.32l-0.341 0.134c-
Action.c(35):     3.431 1.535-7.458 2.844-11.644 3.724l-0.398 0.070c-4.627 1.159-9.938 1.823-15.404 1.823-0.
Action.c(35):     383 0-0.766-0.003-1.148-0.010l0.057 0.001c-0.068 0-0.149 0-0.23 0-7.39 0-14.454-1.392-20.9
Action.c(35):     45-3.929l0.392 0.135c-6.427-2.245-11.934-5.68-16.51-10.076l0.015 0.014c-4.405-4.548-7.844-
Action.c(35):     10.060-9.968-16.186l-0.093-0.309c-2.197-5.817-3.469-12.542-3.469-19.564 0-0.255 0.002-0.50
Action.c(35):     9 0.005-0.763l-0 0.039c-0.002-0.176-0.003-0.383-0.003-0.591 0-6.486 1.212-12.69 3.421-18.3
Action.c(35):     96l-0.119 0.348c2.177-6.071 5.376-11.287 9.432-15.703l-0.030 0.033c4.068-4.62 9.078-8.309 
Action.c(35):     14.74-10.782l0.27-0.105c5.825-2.607 12.625-4.125 19.779-4.125 0.121 0 0.242 0 0.363 0.001l
Action.c(35):     -0.019-0c0.365-0.011 0.793-0.017 1.223-0.017 6.744 0 13.13 1.527 18.834 4.254l-0.263-0.113
Action.c(35):     c5.708 2.584 10.505 6.271 14.299 10.823l0.052 0.064c3.866 4.654 6.91 10.149 8.814 16.153l0
Action.c(35):     .094 0.342c1.886 6.22 2.972 13.368 2.972 20.77 0 0.237-0.001 0.473-0.003 0.709l0-0.036v4.7
Action.c(35):     84h-65.979c0.202 5.332 2.717 10.038 6.565 13.17l0.033 0.026c4.366 3.523 9.981 5.655 16.095
Action.c(35):      5.655 0.547 0 1.090-0.017 1.628-0.051l-0.074 0.004c0.435 0.016 0.946 0.024 1.459 0.024 6.
Action.c(35):     020 0 11.756-1.222 16.971-3.431l-0.286 0.107c3.853-1.671 7.16-3.547 10.237-5.726l-0.175 0.
Action.c(35):     118zM977.485 890.722c0-0.012 0-0.026 0-0.040 0-2.183-0.424-4.267-1.194-6.174l0.040 0.111c-
Action.c(35):     0.889-2.156-2.055-4.010-3.483-5.63l0.019 0.022c-1.693-1.699-3.652-3.131-5.809-4.229l-0.129
Action.c(35):     -0.060c-2.347-1.048-5.085-1.659-7.966-1.659-0.215 0-0.429 0.003-0.642 0.010l0.031-0.001c-0
Action.c(35):     .19-0.006-0.414-0.010-0.638-0.010-2.928 0-5.714 0.61-8.237 1.711l0.133-0.052c-2.42 1.117-4
Action.c(35):     .492 2.556-6.273 4.293l0.004-0.004c-1.537 1.559-2.767 3.425-3.59 5.497l-0.039 0.112c-0.834
Action.c(35):      1.741-1.321 3.783-1.321 5.94 0 0.057 0 0.115 0.001 0.172l-0-0.009z",\n
Action.c(35):             "M1083.876 937.072c-3.080 3.537-6.808 6.421-11.011 8.486l-0.206 0.091c-4.365 2.188
Action.c(35):     -9.511 3.468-14.956 3.468-0.193 0-0.386-0.002-0.578-0.005l0.029 0c-0.197 0.004-0.429 0.006
Action.c(35):     -0.661 0.006-5.727 0-11.171-1.216-16.086-3.405l0.252 0.1c-5.062-2.356-9.343-5.582-12.83-9.
Action.c(35):     526l-0.036-0.041c-3.61-4.304-6.522-9.342-8.472-14.836l-0.105-0.339c-1.994-5.551-3.146-11.9
Action.c(35):     57-3.146-18.631 0-0.409 0.004-0.817 0.013-1.223l-0.001 0.061c-0.008-0.34-0.013-0.741-0.013
Action.c(35):     -1.144 0-7.534 1.645-14.684 4.596-21.11l-0.13 0.315c2.833-6.077 6.666-11.229 11.341-15.469
Action.c(35):     l0.040-0.036c4.436-3.864 9.635-6.994 15.323-9.123l0.347-0.114c4.899-1.791 10.556-2.871 16.
Action.c(35):     451-2.968l0.044-0.001c1.56-0.197 3.365-0.31 5.196-0.31s3.636 0.113 5.408 0.331l-0.212-0.02
Action.c(35):     1c3.121 0.736 5.711 1.529 8.231 2.465l-0.478-0.155v-39.588h28.371v131.959h-25.567zM1083.87
Action.c(35):     6 879.175c-1.839-1.223-3.997-2.14-6.315-2.619l-0.118-0.020c-1.287-0.144-2.778-0.226-4.289-
Action.c(35):     0.226s-3.002 0.082-4.47 0.242l0.182-0.016c-0.169-0.005-0.369-0.008-0.568-0.008-6.38 0-12.0
Action.c(35):     88 2.875-15.901 7.399l-0.026 0.031c-3.72 4.753-5.965 10.816-5.965 17.404 0 0.435 0.010 0.8
Action.c(35):     67 0.029 1.297l-0.002-0.061c-0.011 0.292-0.018 0.634-0.018 0.979 0 5.821 1.861 11.207 5.02
Action.c(35):     1 15.596l-0.054-0.079c3.231 3.966 8.115 6.478 13.586 6.478 0.443 0 0.883-0.016 1.318-0.049
Action.c(35):     l-0.058 0.003c0.077 0.001 0.168 0.002 0.259 0.002 2.904 0 5.652-0.67 8.097-1.864l-0.109 0.
Action.c(35):     048c2.25-0.986 4.131-2.444 5.586-4.26l0.022-0.029c1.526-1.841 2.669-4.056 3.275-6.484l0.02
Action.c(35):     4-0.114c0.629-2.307 0.99-4.955 0.99-7.688 0-0.023-0-0.046-0-0.068l0 0.004z",\n
Action.c(35):             "M1168.33 814.351h28.536v46.186c2.934-2.916 6.524-5.176 10.528-6.541l0.194-0.057c3
Action.c(35):     .976-1.464 8.567-2.311 13.356-2.311 0.118 0 0.236 0.001 0.353 0.002l-0.018-0c0.308-0.009 0
Action.c(35):     .669-0.014 1.032-0.014 5.989 0 11.649 1.406 16.669 3.906l-0.217-0.098c5.194 2.396 9.552 5.
Action.c(35):     802 12.98 9.997l0.051 0.064c3.379 4.232 6.123 9.157 7.978 14.498l0.105 0.347c1.676 5.2 2.6
Action.c(35):     42 11.183 2.642 17.391 0 0.207-0.001 0.413-0.003 0.62l0-0.032c0.005 0.273 0.008 0.595 0.00
Action.c(35):     8 0.918 0 7.14-1.334 13.968-3.767 20.249l0.13-0.383c-2.396 6.452-5.992 11.958-10.555 16.49
Action.c(35):     3l-0.002 0.002c-4.58 4.493-10.072 8.076-16.169 10.445l-0.326 0.111c-6.57 2.407-14.156 3.79
Action.c(35):     9-22.067 3.799-0.303 0-0.605-0.002-0.907-0.006l0.046 0c-0.037 0-0.080 0-0.123 0-7.957 0-15
Action.c(35):     .718-0.841-23.199-2.439l0.724 0.13c-6.942-1.333-12.815-2.873-18.534-4.752l1.049 0.298zM119
Action.c(35):     6.866 923.711c1.516 0.636 3.29 1.152 5.133 1.464l0.146 0.020c1.185 0.101 2.565 0.159 3.959
Action.c(35):      0.159s2.773-0.058 4.137-0.171l-0.179 0.012c0.35 0.020 0.76 0.031 1.172 0.031 6.554 0 12.4
Action.c(35):     37-2.874 16.456-7.43l0.021-0.024c3.828-4.793 6.143-10.942 6.143-17.63 0-0.529-0.014-1.054-
Action.c(35):     0.043-1.576l0.003 0.073c0-0.024 0-0.053 0-0.082 0-3.014-0.361-5.943-1.042-8.747l0.052 0.25
Action.c(35):     3c-0.794-2.821-1.921-5.288-3.365-7.532l0.066 0.109c-1.443-2.18-3.324-3.956-5.529-5.236l-0.
Action.c(35):     079-0.042c-2.226-1.355-4.918-2.157-7.798-2.157-0.216 0-0.431 0.005-0.645 0.013l0.031-0.001
Action.c(35):     c-0.432-0.038-0.936-0.060-1.444-0.060-4.935 0-9.393 2.045-12.572 5.333l-0.005 0.005c-2.893
Action.c(35):      3.481-4.648 7.997-4.648 12.923 0 0.386 0.011 0.77 0.032 1.15l-0.002-0.053z",\n
Action.c(35):             "M1280.165 960.99c1.535 1.22 3.267 2.319 5.11 3.224l0.168 0.074c1.847 0.809 3.998 
Action.c(35):     1.291 6.257 1.319l0.011 0c0.068 0.002 0.148 0.002 0.229 0.002 2.831 0 5.414-1.065 7.37-2.8
Action.c(35):     16l-0.011 0.009c2.47-2.78 4.434-6.073 5.71-9.691l0.063-0.206 2.804-7.423-42.392-91.876h32.
Action.c(35):     99l22.763 58.557 20.948-58.557h30.186l-37.938 92.206-6.268 15.34c-2.040 5.227-4.537 9.742-
Action.c(35):     7.543 13.863l0.12-0.173c-2.942 3.94-6.563 7.194-10.718 9.64l-0.169 0.092c-4.462 2.401-9.76
Action.c(35):     3 3.812-15.395 3.812-0.387 0-0.772-0.007-1.156-0.020l0.056 0.002c-0.178 0.003-0.388 0.004-
Action.c(35):     0.598 0.004-4.674 0-9.178-0.725-13.406-2.069l0.313 0.086c-4.286-1.39-8.009-3.354-11.314-5.
Action.c(35):     843l0.097 0.070z",\n
Action.c(35):             "M593.814 287.505h59.381v58.887zM385.814 393.072h-107.216c-1.205-5.871-1.894-12.62
Action.c(35):     -1.894-19.529 0-12.527 2.267-24.525 6.413-35.605l-0.23 0.701c11.876-25.732 38.103-50.804 5
Action.c(35):     3.608-50.804h49.485zM2670.021 97.155l-78.845-82.474h-676.289v181.443l-50.969-80.66-2.144-1
Action.c(35):     .814c-13.031-11.052-25.402-23.423-37.443-35.464-23.115-25.091-49.422-46.728-78.403-64.414l
Action.c(35):     -1.597-0.905c-16.206-8.12-35.311-12.874-55.526-12.874-0.486 0-0.97 0.003-1.455 0.008l0.074
Action.c(35):     -0.001c-0.867-0.024-1.888-0.037-2.912-0.037-23.516 0-45.359 7.163-63.466 19.426l0.398-0.25
Action.c(35):     4c-35.71 23.080-60.212 60.879-64.934 104.607l-0.055 0.63c-1.345 10.545-2.112 22.745-2.112 
Action.c(35):     35.124 0 4.645 0.108 9.264 0.322 13.856l-0.024-0.65v278.433l-152.577-320.33-79.67-82.474c-
Action.c(35):     24.97-29.363-61.823-47.971-103.031-48.329l-0.062-0c-0.089-0-0.194-0-0.3-0-20.839 0-40.407 
Action.c(35):     5.443-57.36 14.985l0.587-0.304c-44.371 20.289-62.021 61.526-77.361 97.814-6.299 15.725-12.
Action.c(35):     499 28.641-19.415 41.105l0.94-1.847-122.062 275.959v-327.423l-84.948-87.093h-206.186v78.35
Action.c(35):     1l-73.732-74.227h-318.021c-1.205-0.022-2.625-0.035-4.048-0.035-59.323 0-113.487 22.085-154
Action.c(35):     .72 58.481l0.253-0.219c-82.474 64.825-121.567 186.722-94.186 296.907 26.392 104.907 115.46
Action.c(35):     4 183.588 154.392 217.072l3.464 2.969c37.938 32.99 125.031 67.629 159.835 67.959v0h331.876
Action.c(35):     v-74.227l74.392 73.567h211.299v-13.526l15.505 13.856h189.196c7.918 0 23.588 0 26.227-14.18
Action.c(35):     6 1.979-4.784 8.082-18.309 15.34-33.979l48.495 47.835h401.32v-2.309h185.567v-192.33l67.959
Action.c(35):      102.598 56.742 71.588c10.062 12.536 16.495 20.454 24.577 20.454h210.639v-376.412h45.031v2
Action.c(35):     95.423l77.361 80.99h205.031v-373.938h157.031z",\n
Action.c(35):             "M2620.701 592.825c0 28.514-23.115 51.629-51.629 51.629s-51.629-23.115-51.629-51.6
Action.c(35):     29c0-28.514 23.115-51.629 51.629-51.629v0c28.514 0 51.629 23.115 51.629 51.629v0z",\n
Action.c(35):             "M2569.072 547.794c-0.049-0-0.107-0-0.165-0-24.961 0-45.196 20.235-45.196 45.196s2
Action.c(35):     0.235 45.196 45.196 45.196c24.961 0 45.196-20.235 45.196-45.196 0-0.058-0-0.116-0-0.174l0 
Action.c(35):     0.009c-0.093-24.832-20.199-44.938-45.022-45.031l-0.009-0zM2569.072 651.052c-32.158 0-58.22
Action.c(35):     7-26.069-58.227-58.227s26.069-58.227 58.227-58.227c32.158 0 58.227 26.069 58.227 58.227v0c
Action.c(35):     0 32.158-26.069 58.227-58.227 58.227v0z",\n
Action.c(35):             "M2559.835 589.691v-15.505h10.557c5.278 0 10.887 1.155 10.887 7.423s-5.773 8.082-1
Action.c(35):     2.206 8.082zM2559.835 596.289h8.907l13.361 21.938h8.577l-14.515-22.268c7.315-0.084 13.212-
Action.c(35):     6.033 13.212-13.36 0-0.232-0.006-0.463-0.018-0.693l0.001 0.032c0-9.897-5.938-14.351-17.814
Action.c(35):     -14.351h-19.299v50.639h7.588zM2569.237 636.701c23.947-0.372 43.216-19.871 43.216-43.871 0-
Action.c(35):     24.232-19.644-43.876-43.876-43.876-24.23 0-43.873 19.641-43.876 43.871l-0 0c-0 0.051-0 0.1
Action.c(35):     12-0 0.173 0 24.141 19.57 43.711 43.711 43.711 0.29 0 0.58-0.003 0.868-0.008l-0.043 0.001z
Action.c(35):     M2533.443 592.825c0.552-19.247 16.286-34.639 35.615-34.639 19.677 0 35.629 15.952 35.629 3
Action.c(35):     5.629 0 19.614-15.85 35.527-35.44 35.628l-0.010 0c-0.104 0.001-0.226 0.002-0.349 0.002-19.
Action.c(35):     586 0-35.464-15.878-35.464-35.464 0-0.407 0.007-0.812 0.020-1.215l-0.002 0.059z",\n
Action.c(35):             "M1286.598 403.134l-18.144-36.124-16.495 36.124zM1307.381 61.361l78.186 81.32 186.
Action.c(35):     722 391.093v-359.753c-0.223-3.991-0.35-8.66-0.35-13.36 0-11.691 0.787-23.197 2.31-34.47l-0
Action.c(35):     .145 1.314c4.062-38.589 25.352-71.49 55.928-91.253l0.485-0.293c16.342-10.197 36.187-16.244
Action.c(35):      57.443-16.244 17.258 0 33.586 3.986 48.112 11.087l-0.648-0.286c45.196 24.907 74.722 65.97
Action.c(35):     9 113.485 98.969l84.454 128.825v-225.32h649.072l68.454 72.247v162.969h-156.866v373.773h-17
Action.c(35):     8.804l-67.134-69.443v-307.134h-82.474v376.577s-192 0-191.835 0l-65.979-83.299-101.773-153.
Action.c(35):     732v235.052h-164.948l-29.526-27.216c0 9.567 6.928 18.804 7.918 29.526h-373.608l-61.856-61.
Action.c(35):     856s-28.371 61.526-27.711 61.526h-190.186l-41.072-36.784v36.454h-185.237l-68.619-68.454v-5
Action.c(35):     40.206h179.959l74.227 76.206v407.093l156.536-354.309c26.392-46.515 34.639-105.732 88.247-1
Action.c(35):     28.99 14.833-7.799 32.411-12.377 51.058-12.377 34.631 0 65.575 15.788 86.027 40.559l0.152 
Action.c(35):     0.189z",\n
Action.c(35):             "M640.495 106.722v163.299h-304.33c-27.052 0-58.062 34.639-70.598 62.351-4.735 12.1
Action.c(35):     37-7.479 26.188-7.479 40.88 0 11.591 1.708 22.784 4.886 33.34l-0.211-0.817s2.474 6.598 6.1
Action.c(35):     03 6.598h135.258v-121.897h164.948l69.773 70.103v281.402h-313.402c-28.536 0-111.835-31.67-1
Action.c(35):     48.454-63.34s-125.031-108.041-150.763-210.474c-5.573-20.602-8.775-44.257-8.775-68.659 0-83
Action.c(35):     .306 37.315-157.896 96.142-207.969l0.386-0.32c37.715-33.709 87.765-54.312 142.628-54.312 1
Action.c(35):     .526 0 3.049 0.016 4.568 0.048l-0.227-0.004h310.268l69.278 69.773z",\n
Action.c(35):             "M1306.392 76.866l20.289 41.732 204.041 437.773c1.485 2.804-1.155 3.134-6.433 3.29
Action.c(35):     9h-332.371v-143.175h114.474l-86.763-203.546-139.052 347.876h-163.959s198.268-460.701 218.2
Action.c(35):     27-487.423c18.828-26.938 49.695-44.338 84.625-44.338 36.392 0 68.373 18.887 86.675 47.393l
Action.c(35):     0.246 0.41z",\n
Action.c(35):             "M1775.505 79.34l167.423 250.557v-287.010h632.742v144.495h-158.515v370.474h-159.34
Action.c(35):     v-375.423h-170.557c0 123.711 0 374.928 0 374.928h-168.577l-192-290.969v290.969h-144.825v-4
Action.c(35):     06.928c0-25.237 10.887-73.237 41.237-98.969 17.262-14.154 39.569-22.734 63.879-22.734 14.2
Action.c(35):     85 0 27.878 2.962 40.198 8.306l-0.654-0.253c20.521 9.333 37.321 23.801 49.217 41.796l0.268
Action.c(35):      0.431z",\n
Action.c(35):             "M560.825 187.381h-287.34c-37.113 0-84.948 52.784-91.546 101.608-6.103 43.052 32.9
Action.c(35):     9 133.443 82.474 133.443h148.454v-122.392h145.814v262.433h-315.381c-86.598-8.412-173.526-8
Action.c(35):     5.113-201.567-173.691-9.34-26.26-14.738-56.549-14.738-88.099 0-73.567 29.349-140.28 76.976
Action.c(35):     -189.068l-0.052 0.054c41.046-41.211 97.84-66.713 160.589-66.713 6.411 0 12.76 0.266 19.037
Action.c(35):      0.788l-0.822-0.055h278.103v141.691z",\n
Action.c(35):             "M680.412 564.619h161.979v-522.227h-161.979v522.227z",\n
Action.c(35):             "M1497.732 796.536c-14.68 0-26.227 0.825-32.99 0.825h-6.103c-15.34 0-23.753-0.825-
Action.c(35):     25.402-0.82
Action.c(35): t=7949ms: 10973-byte DECODED response body for "https://stage.peapod.com/shop/images/icons/PeapodIcons.json" (RelFrameId=1, Internal ID=3)
Action.c(35):     5-4.619 0-6.103 1.485-6.103 3.794s5.443 3.134 13.856 4.619 7.588 3.959 7.588 12.371v119.91
Action.c(35):     8c0 13.031 0 16.495-9.897 18.309-6.928 0-13.031 0-13.031 3.959s2.309 4.619 6.928 4.619 14.
Action.c(35):     515-1.649 29.856-1.649 26.887 1.649 31.505 1.649 6.928-1.649 6.928-4.619-6.103-3.134-12.20
Action.c(35):     6-4.619c-10.062-2.309-10.062-6.268-10.062-18.474v-39.918c0-3.959 0.825-5.443 3.134-5.443 6
Action.c(35):     .098 2.576 13.188 4.073 20.628 4.073 3.555 0 7.030-0.342 10.394-0.994l-0.342 0.055c24.318-
Action.c(35):     3.786 42.754-24.438 43.051-49.453l0-0.031c0-31.34-19.959-48.33-57.567-48.33zM1495.423 885.
Action.c(35):     608c-10.062 0-16.495-2.969-16.495-9.897v-58.392c0-10.062 2.309-13.031 15.34-13.031 16.495 
Action.c(35):     0 30.021 16.495 30.021 39.918s-11.546 41.402-28.371 41.402z",\n
Action.c(35):             "M1589.938 895.67h70.598c7.753 0 11.546 0 11.546-6.103-0.638-26.834-22.543-48.344-
Action.c(35):     49.471-48.344-0.411 0-0.82 0.005-1.228 0.015l0.061-0.001c-1.158-0.079-2.51-0.123-3.872-0.1
Action.c(35):     23-33.615 0-60.866 27.251-60.866 60.866 0 1.088 0.029 2.169 0.085 3.243l-0.006-0.15c-0.145
Action.c(35):      1.547-0.228 3.344-0.228 5.161 0 32.34 26.217 58.557 58.557 58.557 0.834 0 1.665-0.017 2.4
Action.c(35):     9-0.052l-0.118 0.004c0.796 0.036 1.729 0.056 2.667 0.056 16.472 0 31.476-6.288 42.742-16.5
Action.c(35):     94l-0.048 0.043c6.103-5.443 8.412-9.237 8.412-12.371s0-2.969-2.969-2.969c-9.894 9.14-23.03
Action.c(35):     9 14.89-37.519 15.338l-0.089 0.002c-24.975-0.797-44.918-21.234-44.918-46.328 0-1.576 0.079
Action.c(35):     -3.134 0.232-4.669l-0.016 0.194v-2.309c0-2.969 0-3.794 3.959-3.794zM1588.289 884.948v-4.61
Action.c(35):     9c3.134-13.856 7.753-30.845 32.99-30.845 19.134 0 21.443 14.68 21.443 23.918 0 15.34-7.753
Action.c(35):      13.856-28.371 13.856h-21.443c-2.969 0-4.619 0-4.619-2.309z",\n
Action.c(35):             "M1803.546 949.443c0.003-0.054 0.004-0.117 0.004-0.18 0-2.004-1.625-3.629-3.629-3.
Action.c(35):     629-0.118 0-0.234 0.006-0.349 0.017l0.015-0.001c-3.794 0-7.588 6.103-13.031 6.103s-8.412-6
Action.c(35):     .103-8.412-17.649v-61.526c0-22.268-5.443-30.68-32.99-30.68-35.299 0-59.876 21.443-59.876 3
Action.c(35):     6.784 0 2.309 2.309 4.619 6.103 4.619 13.031 0 16.495-6.928 22.268-16.495s11.546-17.814 23
Action.c(35):     .093-17.814 13.031 6.268 13.031 21.608v11.546c0 3.794 0 5.278-3.794 6.103l-8.412 3.134c-32
Action.c(35):     .99 13.031-52.289 24.577-52.289 47.505 0 13.196 6.103 28.536 23.093 28.536 12.714-1.165 24
Action.c(35):     .069-6.209 33.069-13.922l-0.080 0.067 6.928-4.619h1.485c2.926 10.064 11.613 17.472 22.166 
Action.c(35):     18.466l0.102 0.008c0.003 0 0.007 0 0.011 0 13.273 0 24.82-7.395 30.743-18.29l0.091-0.184zM
Action.c(35):     1751.258 928c-0.36 12.573-10.505 22.66-23.067 22.927l-0.025 0c-12.206 0-15.34-9.897-15.34-
Action.c(35):     20.619 1.125-13.303 9.993-24.277 22.036-28.466l0.232-0.070 10.722-4.619c0.471-0.084 1.013-
Action.c(35):     0.132 1.567-0.132s1.096 0.048 1.623 0.14l-0.056-0.008s1.485 0 1.485 2.969v28.536z",\n
Action.c(35):             "M1888.825 841.237c-0.333-0.008-0.726-0.013-1.119-0.013-14.087 0-26.799 5.886-35.8
Action.c(35):     11 15.333l-0.019 0.020-3.794 3.134c-0.825 0-1.485 1.485-2.309 1.485-0.787-0.078-1.407-0.69
Action.c(35):     8-1.484-1.478l-0.001-0.007v-13.196c0-3.794 0-5.278-3.134-5.278s-9.237 7.588-23.093 14.515c
Action.c(35):     -8.412 4.619-15.34 4.619-15.34 9.237s5.443 2.309 9.237 4.619 5.443 4.619 5.443 12.371v119.
Action.c(35):     753c0 6.928-1.649 9.237-6.928 11.546s-12.371 0-12.371 6.268c0 2.309 1.485 3.794 5.443 3.79
Action.c(35):     4s13.856-0.66 27.381-0.66 21.608 1.485 30.021 1.485c4.619 0 6.928-1.485 6.928-3.794 0-6.26
Action.c(35):     8-6.103-3.959-14.68-6.268s-7.588-3.794-7.588-11.546v-37.773h1.485c8.401 3.742 18.191 5.976
Action.c(35):      28.489 6.103l0.047 0c0.841 0.039 1.827 0.061 2.819 0.061 35.711 0 64.66-28.949 64.66-64.6
Action.c(35):     6 0-0.486-0.005-0.97-0.016-1.453l0.001 0.072c0.14-1.493 0.22-3.228 0.22-4.981 0-30.57-24.2
Action.c(35):     45-55.477-54.555-56.542l-0.097-0.003zM1872.33 960.33c-16.495 0-26.887-8.412-26.887-24.577v
Action.c(35):     -49.485c0-17.649 8.412-26.227 26.887-26.227 26.227 0 43.876 19.299 43.876 49.485 0.248 1.7
Action.c(35):     86 0.39 3.848 0.39 5.945 0 24.874-19.949 45.089-44.721 45.519l-0.040 0.001z",\n
Action.c(35):             "M2236.041 945.649c-1.485 0-5.278 5.278-9.897 5.278s-4.619-2.969-4.619-10.722v-137
Action.c(35):     .567c0-6.928 0-13.031 0-17.649s0-5.278-3.794-5.278c-6.211 2.901-14.076 5.976-22.138 8.615l
Action.c(35):     -1.615 0.457c-9.237 2.309-15.34 3.134-15.34 6.928s4.619 2.309 9.897 4.619 5.443 3.959 5.44
Action.c(35):     3 10.062v30.845c0 2.309-0.825 3.794-2.309 3.794v0l-4.619-1.485c-6.667-1.966-14.329-3.109-2
Action.c(35):     2.254-3.134l-0.014-0c-0.491-0.013-1.069-0.021-1.649-0.021-36.439 0-65.979 29.54-65.979 65.
Action.c(35):     979 0 0.007 0 0.015 0 0.022l-0-0.001c-0.029 0.695-0.046 1.51-0.046 2.329 0 32.704 26.512 5
Action.c(35):     9.216 59.216 59.216 0.538 0 1.075-0.007 1.609-0.021l-0.079 0.002c13.636-0.323 26.14-4.917 
Action.c(35):     36.29-12.49l-0.167 0.119c2.309 0 3.134 11.546 7.753 11.546s12.206-5.278 29.196-9.897c5.278
Action.c(35):     -1.649 8.412-1.649 8.412-7.753 0.011-0.103 0.017-0.223 0.017-0.344 0-1.803-1.377-3.284-3.1
Action.c(35):     37-3.449l-0.014-0.001zM2195.299 930.309c0 18.309-1.485 26.062-20.619 26.062-0.654 0.034-1.
Action.c(35):     42 0.053-2.19 0.053-24.779 0-44.866-20.087-44.866-44.866 0-1.529 0.076-3.040 0.226-4.53l-0
Action.c(35):     .015 0.188c0-34.474 18.309-56.907 41.402-56.907s26.062 13.196 26.062 40.082v39.918z",\n
Action.c(35):             "M2087.093 903.423c0 36.986-29.983 66.969-66.969 66.969s-66.969-29.983-66.969-66.9
Action.c(35):     69c0-36.986 29.983-66.969 66.969-66.969v0c36.986 0 66.969 29.983 66.969 66.969v0z",\n
Action.c(35):             "M2255.34 807.258c-8.472-0-15.34-6.868-15.34-15.34s6.868-15.34 15.34-15.34c8.472 0
Action.c(35):      15.34 6.868 15.34 15.34v0c0 8.472-6.868 15.34-15.34 15.34v0zM2255.34 778.887c-7.197 0-13.
Action.c(35):     031 5.834-13.031 13.031s5.834 13.031 13.031 13.031c7.197 0 13.031-5.834 13.031-13.031v0c-0
Action.c(35):     .179-7.124-5.907-12.852-13.014-13.031l-0.017-0zM2259.134 801.155l-4.619-6.928h-2.969v6.928
Action.c(35):     h-2.309v-17.649h6.763c0.049-0.002 0.107-0.003 0.165-0.003 2.915 0 5.278 2.363 5.278 5.278 
Action.c(35):     0 0.001-0 0.002-0 0.003l0-0c-0.038 2.716-2.001 4.962-4.584 5.438l-0.034 0.005 4.619 6.928z
Action.c(35):     M2256.825 784.66h-4.619v7.093h4.619c1.695-0.085 3.049-1.439 3.134-3.126l0-0.008c0.003-0.05
Action.c(35):     4 0.005-0.117 0.005-0.18 0-1.799-1.371-3.277-3.125-3.448l-0.014-0.001z"\n
Action.c(35):           ],\n
Action.c(35):           "attrs": [\n
Action.c(35):             {\n
Action.c(35):               "fill": "rgb(99, 102, 106)"\n
Action.c(35):             },\n
Action.c(35):             {\n
Action.c(35):               "fill": "rgb(99, 102, 106)"\n
Action.c(35):             },\n
Action.c(35):             {\n
Action.c(35):               "fill": "rgb(99, 102, 106)"\n
Action.c(35):             },\n
Action.c(35):             {\n
Action.c(35):               "fill": "rgb(99, 102, 106)"\n
Action.c(35):             },\n
Action.c(35):             {\n
Action.c(35):               "fill": "rgb(99, 102, 106)"\n
Action.c(35):             },\n
Action.c(35):             {\n
Action.c(35):               "fill": "rgb(99, 102, 106)"\n
Action.c(35):             },\n
Action.c(35):             {\n
Action.c(35):               "fill": "rgb(99, 102, 106)"\n
Action.c(35):             },\n
Action.c(35):             {\n
Action.c(35):               "fill": "rgb(99, 102, 106)"\n
Action.c(35):             },\n
Action.c(35):             {\n
Action.c(35):               "fill": "rgb(99, 102, 106)"\n
Action.c(35):             },\n
Action.c(35):             {\n
Action.c(35):               "fill": "rgb(255, 255, 254)"\n
Action.c(35):             },\n
Action.c(35):             {\n
Action.c(35):               "fill": "rgb(255, 255, 254)"\n
Action.c(35):             },\n
Action.c(35):             {\n
Action.c(35):               "fill": "rgb(255, 255, 254)"\n
Action.c(35):             },\n
Action.c(35):             {\n
Action.c(35):               "fill": "rgb(26, 25, 25)"\n
Action.c(35):             },\n
Action.c(35):             {\n
Action.c(35):               "fill": "rgb(26, 25, 25)"\n
Action.c(35):             },\n
Action.c(35):             {\n
Action.c(35):               "fill": "rgb(26, 25, 25)"\n
Action.c(35):             },\n
Action.c(35):             {\n
Action.c(35):               "fill": "rgb(215, 35, 49)"\n
Action.c(35):             },\n
Action.c(35):             {\n
Action.c(35):               "fill": "rgb(215, 35, 49)"\n
Action.c(35):             },\n
Action.c(35):             {\n
Action.c(35):               "fill": "rgb(215, 35, 49)"\n
Action.c(35):             },\n
Action.c(35):             {\n
Action.c(35):               "fill": "rgb(215, 35, 49)"\n
Action.c(35):             },\n
Action.c(35):             {\n
Action.c(35):               "fill": "rgb(51, 51, 51)"\n
Action.c(35):             },\n
Action.c(35):             {\n
Action.c(35):               "fill": "rgb(51, 51, 51)"\n
Action.c(35):             },\n
Action.c(35):             {\n
Action.c(35):               "fill": "rgb(54, 54, 54)"\n
Action.c(35):             },\n
Action.c(35):             {\n
Action.c(35):               "fill": "rgb(51, 51, 51)"\n
Action.c(35):             },\n
Action.c(35):             {\n
Action.c(35):               "fill": "rgb(51, 51, 51)"\n
Action.c(35):             },\n
Action.c(35):             {\n
Action.c(35):               "fill": "rgb(94, 160, 0)"\n
Action.c(35):             },\n
Action.c(35):             {\n
Action.c(35):               "fill": "rgb(51, 51, 51)"\n
Action.c(35):             }\n
Action.c(35):           ],\n
Action.c(35):           "width": 2670,\n
Action.c(35):           "isMulticolor": true,\n
Action.c(35):           "grid": 32,\n
Action.c(35):           "tags": [\n
Action.c(35):             "giant-carlisle-powered-by-peapod"\n
Action.c(35):           ]\n
Action.c(35):         },\n
Action.c(35):         {\n
Action.c(35):           "paths": [\n
Action.c(35):             "M315.548 861.911h26.047c0 1.569 0 3.138 0 4.707s0 3.138 0 4.864c2.938-3.645 6.676
Action.c(35):     -6.527 10.955-8.401l0.186-0.072c4.284-1.906 9.282-3.015 14.539-3.015 11.643 0 22.014 5.442
Action.c(35):      28.71 13.922l0.059 0.077c3.13 4.119 5.644 8.917 7.284 14.102l0.091 0.333c1.494 5.043 2.35
Action.c(35):     4 10.836 2.354 16.831 0 0.041-0 0.081-0 0.122l0-0.006c0.007 0.32 0.011 0.697 0.011 1.074 0
Action.c(35):      7.264-1.505 14.176-4.219 20.442l0.128-0.333c-2.241 5.787-5.433 10.744-9.43 14.923l0.016-0
Action.c(35):     .017c-4.129 3.719-9.041 6.66-14.451 8.54l-0.299 0.090c-4.905 1.755-10.564 2.787-16.459 2.8
Action.c(35):     24l-0.017 0c-0.338 0.010-0.736 0.016-1.135 0.016-3.328 0-6.561-0.406-9.653-1.172l0.275 0.0
Action.c(35):     58-7.532-2.197v38.914h-27.459zM342.536 926.872c3.952 2.217 8.673 3.522 13.699 3.522 0.701 
Action.c(35):     0 1.396-0.025 2.085-0.075l-0.092 0.005c0.259 0.012 0.563 0.019 0.868 0.019 5.877 0 11.16-2
Action.c(35):     .544 14.807-6.591l0.016-0.018c3.544-4.505 5.684-10.26 5.684-16.514 0-0.483-0.013-0.963-0.0
Action.c(35):     38-1.44l0.003 0.067c-0.003-3.005-0.346-5.928-0.992-8.735l0.051 0.262c-0.697-2.748-1.832-5.
Action.c(35):     159-3.34-7.285l0.045 0.067c-1.455-2.103-3.351-3.799-5.564-4.98l-0.084-0.041c-2.297-1.193-5
Action.c(35):     .014-1.893-7.896-1.893-0.203 0-0.405 0.003-0.607 0.010l0.029-0.001c-0.048-0-0.104-0.001-0.
Action.c(35):     16-0.001-2.846 0-5.543 0.637-7.956 1.775l0.114-0.048c-2.309 1.106-4.247 2.642-5.782 4.521l
Action.c(35):     -0.024 0.030c-1.534 1.82-2.761 3.959-3.567 6.293l-0.042 0.14c-0.773 2.196-1.231 4.728-1.25
Action.c(35):     5 7.363l-0 0.011z",\n
Action.c(35):             "M418.952 905.846c0.027-6.609 1.291-12.915 3.574-18.709l-0.122 0.35c2.334-6.076 5.
Action.c(35):     631-11.288 9.755-15.72l-0.027 0.029c4.331-4.317 9.564-7.734 15.39-9.942l0.301-0.1c5.279-2.
Action.c(35):     023 11.386-3.195 17.766-3.195 7.546 0 14.709 1.639 21.153 4.58l-0.319-0.13c5.815 2.426 10.
Action.c(35):     772 5.822 14.899 10.035l0.007 0.008c4.098 4.403 7.394 9.616 9.617 15.363l0.112 0.328c2.161
Action.c(35):      5.444 3.425 11.75 3.452 18.348l0 0.011c0 0.018 0 0.040 0 0.062 0 6.584-1.267 12.873-3.572
Action.c(35):      18.635l0.119-0.338c-2.31 6.083-5.61 11.299-9.752 15.717l0.024-0.026c-8.536 8.627-20.377 1
Action.c(35):     3.969-33.466 13.969-0.205 0-0.41-0.001-0.615-0.004l0.031 0c-0.184 0.003-0.401 0.004-0.619 
Action.c(35):     0.004-6.745 0-13.166-1.386-18.995-3.89l0.313 0.12c-6.103-2.449-11.319-5.903-15.698-10.206l
Action.c(35):     0.007 0.007c-4.119-4.392-7.419-9.608-9.62-15.368l-0.108-0.323c-2.288-5.539-3.617-11.97-3.6
Action.c(35):     17-18.712 0-0.317 0.003-0.633 0.009-0.949l-0.001 0.047zM466.025 929.697c3.253-0.009 6.328-
Action.c(35):     0.761 9.068-2.094l-0.124 0.054c2.67-1.33 4.916-3.125 6.72-5.301l0.027-0.034c1.674-2.204 3.
Action.c(35):     056-4.75 4.020-7.494l0.060-0.195c0.782-2.608 1.233-5.606 1.233-8.709s-0.45-6.1-1.289-8.931
Action.c(35):     l0.056 0.222c-0.984-2.886-2.37-5.385-4.119-7.583l0.039 0.051c-1.831-2.21-4.078-4.005-6.629
Action.c(35):     -5.282l-0.118-0.053c-2.616-1.279-5.691-2.031-8.941-2.040l-0.003-0c-3.36 0.009-6.542 0.76-9
Action.c(35):     .394 2.097l0.136-0.057c-2.641 1.286-4.846 3.089-6.559 5.294l-0.031 0.041c-1.71 2.147-3.095
Action.c(35):      4.646-4.027 7.356l-0.052 0.175c-0.893 2.599-1.409 5.594-1.409 8.709s0.516 6.11 1.467 8.90
Action.c(35):     3l-0.057-0.194c1.023 2.938 2.406 5.485 4.13 7.758l-0.050-0.069c1.745 2.246 3.95 4.049 6.48
Action.c(35):     2 5.287l0.108 0.048c2.735 1.29 5.94 2.044 9.321 2.044 0.143 0 0.286-0.001 0.428-0.004l-0.0
Action.c(35):     21 0z",\n
Action.c(35):             "M517.806 861.911h28.244l15.691 56.645 17.103-56.645h21.654l17.26 56.645 15.691-56
Action.c(35):     .645h27.302l-30.441 88.184h-24.792l-16.476-49.27-15.691 49.27h-24.164z",\n
Action.c(35):             "M752.074 940.523l-4.55 3.138c-2.258 1.555-4.837 2.974-7.557 4.128l-0.289 0.109c-3
Action.c(35):     .223 1.464-7 2.709-10.929 3.543l-0.369 0.066c-4.401 1.102-9.454 1.735-14.654 1.735-0.365 0
Action.c(35):     -0.729-0.003-1.092-0.009l0.055 0.001c-0.173 0.002-0.376 0.003-0.58 0.003-7.121 0-13.933-1.
Action.c(35):     325-20.202-3.742l0.384 0.13c-11.263-4.083-20.028-12.693-24.227-23.574l-0.094-0.277c-2.090-
Action.c(35):     5.534-3.3-11.931-3.3-18.61 0-0.242 0.002-0.485 0.005-0.726l-0 0.037c0.010-6.365 1.159-12.4
Action.c(35):     58 3.256-18.091l-0.117 0.36c1.991-6.070 5.047-11.303 8.983-15.736l-0.040 0.045c3.77
Action.c(35): t=7981ms: 6678-byte ENCODED response body received for "https://stage.peapod.com/shop/images/icons/PeapodIcons.json" (RelFrameId=1, Internal ID=3)
Action.c(35): t=7981ms: 12288-byte DECODED response body for "https://stage.peapod.com/shop/images/icons/PeapodIcons.json" (RelFrameId=1, Internal ID=3)
Action.c(35):     7-4.141 8.31-7.52 13.39-9.931l0.261-0.111c5.542-2.48 12.012-3.925 18.819-3.925 0.169 0 0.3
Action.c(35):     38 0.001 0.507 0.003l-0.026-0c0.243-0.005 0.53-0.007 0.817-0.007 6.517 0 12.709 1.389 18.2
Action.c(35):     97 3.887l-0.285-0.114c5.392 2.598 9.938 6.14 13.603 10.455l0.048 0.058c3.631 4.428 6.478 9
Action.c(35):     .659 8.231 15.369l0.085 0.322c1.794 5.917 2.827 12.717 2.827 19.758 0 0.225-0.001 0.45-0.0
Action.c(35):     03 0.674l0-0.034v4.55h-62.921c0.214 5.067 2.6 9.537 6.246 12.529l0.030 0.024c4.173 3.355 9
Action.c(35):     .536 5.385 15.373 5.385 0.554 0 1.103-0.018 1.647-0.054l-0.074 0.004c0.413 0.015 0.899 0.0
Action.c(35):     24 1.387 0.024 5.674 0 11.076-1.163 15.981-3.263l-0.265 0.101c3.665-1.59 6.811-3.375 9.738
Action.c(35):     -5.447l-0.167 0.112zM728.38 896.745c-0.066-2.1-0.463-4.086-1.141-5.938l0.042 0.132c-0.82-2
Action.c(35):     .077-1.99-3.852-3.454-5.337l0.002 0.002c-3.247-3.491-7.867-5.667-12.995-5.667-0.286 0-0.57
Action.c(35):     1 0.007-0.854 0.020l0.040-0.002c-0.173-0.006-0.377-0.009-0.581-0.009-2.741 0-5.346 0.581-7
Action.c(35):     .699 1.626l0.121-0.048c-4.284 1.858-7.647 5.17-9.525 9.3l-0.047 0.115c-0.749 1.709-1.206 3
Action.c(35):     .698-1.255 5.787l-0 0.018z",\n
Action.c(35):             "M768.863 861.911h26.047l0.941 10.984c2.641-3.334 5.694-6.187 9.117-8.539l0.14-0.0
Action.c(35):     91c4.092-2.579 9.070-4.11 14.406-4.11 0.452 0 0.901 0.011 1.348 0.033l-0.063-0.002h6.12c1.
Action.c(35):     906 0.342 3.592 0.832 5.199 1.475l-0.178-0.063-4.394 23.85c-2.588-0.809-5.563-1.275-8.648-
Action.c(35):     1.275-0.38 0-0.758 0.007-1.135 0.021l0.054-0.002c-0.339-0.019-0.735-0.030-1.134-0.030-5.62
Action.c(35):     3 0-10.741 2.159-14.572 5.692l0.015-0.013c-3.699 3.922-5.972 9.224-5.972 15.057 0 0.223 0.
Action.c(35):     003 0.445 0.010 0.667l-0.001-0.032v43.621h-27.302z",\n
Action.c(35):             "M925.774 940.523l-4.55 3.138c-2.258 1.555-4.837 2.974-7.557 4.128l-0.289 0.109c-3
Action.c(35):     .223 1.464-7 2.709-10.929 3.543l-0.369 0.066c-4.401 1.102-9.454 1.735-14.654 1.735-0.365 0
Action.c(35):     -0.729-0.003-1.092-0.009l0.055 0.001c-0.173 0.002-0.376 0.003-0.58 0.003-7.121 0-13.933-1.
Action.c(35):     325-20.202-3.742l0.384 0.13c-11.455-3.968-20.4-12.606-24.697-23.575l-0.095-0.275c-2.090-5.
Action.c(35):     534-3.3-11.931-3.3-18.61 0-0.242 0.002-0.485 0.005-0.726l-0 0.037c0.010-6.365 1.159-12.458
Action.c(35):      3.256-18.091l-0.117 0.36c1.991-6.070 5.047-11.303 8.983-15.736l-0.040 0.045c3.936-4.258 8
Action.c(35):     .684-7.699 14.007-10.090l0.272-0.109c5.542-2.48 12.012-3.925 18.819-3.925 0.169 0 0.338 0.
Action.c(35):     001 0.507 0.003l-0.026-0c0.243-0.005 0.53-0.007 0.817-0.007 6.517 0 12.709 1.389 18.297 3.
Action.c(35):     887l-0.285-0.114c5.392 2.598 9.938 6.14 13.603 10.455l0.048 0.058c3.631 4.428 6.478 9.659 
Action.c(35):     8.231 15.369l0.085 0.322c1.794 5.917 2.827 12.717 2.827 19.758 0 0.225-0.001 0.45-0.003 0.
Action.c(35):     674l0-0.034v4.55h-62.764c0.214 5.067 2.6 9.537 6.246 12.529l0.030 0.024c4.173 3.355 9.536 
Action.c(35):     5.385 15.373 5.385 0.554 0 1.103-0.018 1.647-0.054l-0.074 0.004c0.413 0.015 0.899 0.024 1.
Action.c(35):     387 0.024 5.674 0 11.076-1.163 15.981-3.263l-0.265 0.101c3.665-1.59 6.811-3.375 9.738-5.44
Action.c(35):     7l-0.167 0.112zM902.080 896.745c-0.066-2.1-0.463-4.086-1.141-5.938l0.042 0.132c-0.82-2.077
Action.c(35):     -1.99-3.852-3.454-5.337l0.002 0.002c-3.247-3.491-7.867-5.667-12.995-5.667-0.286 0-0.571 0.
Action.c(35):     007-0.854 0.020l0.040-0.002c-0.173-0.006-0.377-0.009-0.581-0.009-2.741 0-5.346 0.581-7.699
Action.c(35):      1.626l0.121-0.048c-4.284 1.858-7.647 5.17-9.525 9.3l-0.047 0.115c-0.749 1.709-1.206 3.698
Action.c(35):     -1.255 5.787l-0 0.018z",\n
Action.c(35):             "M1002.66 941.465c-6.132 7.035-15.109 11.456-25.118 11.456-0.106 0-0.212-0-0.317-0
Action.c(35):     .001l0.016 0c-0.196 0.004-0.428 0.006-0.66 0.006-5.438 0-10.605-1.157-15.269-3.239l0.238 0
Action.c(35):     .095c-4.815-2.241-8.888-5.31-12.205-9.062l-0.034-0.039c-3.346-4.239-6.020-9.195-7.753-14.5
Action.c(35):     73l-0.093-0.333c-1.891-5.466-2.984-11.766-2.984-18.321 0-0.179 0.001-0.357 0.002-0.536l-0 
Action.c(35):     0.027c-0.008-0.324-0.012-0.705-0.012-1.088 0-7.167 1.565-13.968 4.372-20.081l-0.123 0.3c2.
Action.c(35):     693-5.81 6.398-10.72 10.935-14.707l0.049-0.042c4.417-3.79 9.642-6.787 15.365-8.693l0.326-0
Action.c(35):     .094c4.661-1.72 10.044-2.749 15.658-2.824l0.033-0c1.507-0.187 3.252-0.293 5.021-0.293s3.51
Action.c(35):     4 0.107 5.228 0.313l-0.206-0.020 7.375 2.197v-37.345h26.832v125.529h-25.106zM1002.66 886.2
Action.c(35):     32c-1.763-1.043-3.809-1.856-5.983-2.329l-0.137-0.025c-1.247-0.133-2.694-0.208-4.158-0.208s
Action.c(35):     -2.911 0.076-4.336 0.223l0.178-0.015c-0.221-0.009-0.48-0.014-0.74-0.014-5.977 0-11.33 2.67
Action.c(35):     4-14.928 6.891l-0.023 0.027c-3.633 4.557-5.83 10.399-5.83 16.754 0 0.399 0.009 0.796 0.026
Action.c(35):      1.191l-0.002-0.056c-0.011 0.278-0.017 0.604-0.017 0.931 0 5.537 1.77 10.661 4.776 14.836l
Action.c(35):     -0.052-0.075c3.074 3.773 7.72 6.163 12.924 6.163 0.422 0 0.84-0.016 1.253-0.047l-0.055 0.0
Action.c(35):     03c0.073 0.001 0.16 0.002 0.247 0.002 2.763 0 5.377-0.638 7.703-1.774l-0.104 0.046c2.224-0
Action.c(35):     .94 4.075-2.388 5.468-4.205l0.023-0.032c1.432-1.709 2.516-3.76 3.114-6.010l0.025-0.11c0.59
Action.c(35):     8-2.194 0.942-4.713 0.942-7.313 0-0.022-0-0.043-0-0.065l0 0.003z",\n
Action.c(35):             "M1082.685 824.566h27.146v43.935c2.824-2.807 6.297-4.964 10.174-6.225l0.182-0.051c
Action.c(35):     3.739-1.392 8.060-2.198 12.568-2.198 0.105 0 0.21 0 0.315 0.001l-0.016-0c0.617-0.035 1.339
Action.c(35):     -0.055 2.065-0.055 5.43 0 10.599 1.117 15.29 3.133l-0.252-0.096c4.841 2.435 8.915 5.707 12
Action.c(35):     .189 9.666l0.050 0.063c3.276 4.004 5.895 8.699 7.599 13.812l0.090 0.31c1.693 5.105 2.67 10
Action.c(35):     .982 2.67 17.087 0 7.111-1.325 13.912-3.741 20.17l0.13-0.383c-2.216 6.159-5.647 11.409-10.
Action.c(35):     033 15.683l-0.009 0.009c-4.357 4.274-9.581 7.683-15.381 9.936l-0.31 0.106c-6.25 2.29-13.46
Action.c(35):     6 3.614-20.991 3.614-0.288 0-0.576-0.002-0.863-0.006l0.043 0c-0.070 0-0.153 0-0.235 0-7.47
Action.c(35):     4 0-14.761-0.8-21.779-2.32l0.675 0.122c-6.857-1.129-12.78-2.548-18.539-4.338l0.965 0.258zM
Action.c(35):     1109.83 928.755c1.442 0.605 3.129 1.096 4.882 1.393l0.139 0.019c1.151 0.097 2.491 0.152 3.
Action.c(35):     844 0.152s2.693-0.055 4.018-0.164l-0.174 0.011c0.329 0.019 0.714 0.030 1.101 0.030 6.19 0 
Action.c(35):     11.742-2.736 15.51-7.066l0.021-0.025c3.907-4.65 6.28-10.701 6.28-17.307 0-0.149-0.001-0.29
Action.c(35):     8-0.004-0.446l0 0.022c-0.051-2.921-0.449-5.725-1.153-8.405l0.055 0.246c-0.643-2.686-1.726-
Action.c(35):     5.047-3.183-7.128l0.044 0.067c-1.373-2.074-3.162-3.764-5.26-4.981l-0.075-0.040c-2.118-1.28
Action.c(35):     9-4.679-2.052-7.418-2.052-0.206 0-0.41 0.004-0.614 0.013l0.029-0.001c-0.393-0.033-0.851-0.
Action.c(35):     051-1.312-0.051-4.713 0-8.972 1.942-12.022 5.069l-0.003 0.004c-2.755 3.273-4.428 7.535-4.4
Action.c(35):     28 12.188 0 0.404 0.013 0.806 0.038 1.204l-0.003-0.055z",\n
Action.c(35):             "M1189.541 964.060c1.412 1.112 3.009 2.106 4.711 2.916l0.153 0.065c1.737 0.889 3.7
Action.c(35):     89 1.41 5.962 1.412l0.001 0c0.107 0.004 0.232 0.007 0.357 0.007 2.677 0 5.102-1.081 6.861-
Action.c(35):     2.831l-0 0c2.454-2.564 4.381-5.653 5.594-9.080l0.055-0.178 2.667-7.218-40.326-87.242h31.38
Action.c(35):     2l21.968 55.703 19.928-55.703h28.401l-36.246 87.713-5.806 14.593c-2.074 4.977-4.494 9.263-
Action.c(35):     7.349 13.214l0.131-0.19c-2.798 3.748-6.244 6.843-10.195 9.17l-0.161 0.088c-4.244 2.284-9.2
Action.c(35):     88 3.626-14.644 3.626-0.368 0-0.735-0.006-1.1-0.019l0.053 0.001c-0.135 0.002-0.295 0.002-0
Action.c(35):     .455 0.002-4.485 0-8.809-0.689-12.872-1.968l0.303 0.082c-4.074-1.362-7.611-3.226-10.774-5.
Action.c(35):     565l0.104 0.074z",\n
Action.c(35):             "M1396.506 807.62c-13.965 0-24.792 0.785-31.382 0.785h-5.963c-14.593 0-22.595-0.78
Action.c(35):     5-24.007-0.785-4.394 0-5.963 1.412-5.963 3.609s5.178 2.981 13.181 4.394 7.375 3.766 7.375 
Action.c(35):     11.768v114.074c0 12.553 0 15.691-9.572 17.574-6.59 0-12.396 0-12.396 3.766s2.197 4.394 6.5
Action.c(35):     9 4.394 13.808-1.569 28.558-1.569 25.576 1.569 29.97 1.569 6.59-1.569 6.59-4.394-5.963-2.9
Action.c(35):     81-11.768-4.394c-9.572-2.197-9.572-5.963-9.572-17.574v-38.129c0-3.766 0.785-5.178 2.981-5.
Action.c(35):     178 5.801 2.451 12.545 3.875 19.623 3.875 3.382 0 6.688-0.325 9.888-0.946l-0.325 0.053c23.
Action.c(35):     133-3.602 40.67-23.248 40.953-47.044l0-0.030c0-29.97-18.986-45.975-54.762-45.975zM1394.31 
Action.c(35):     892.352c-9.572 0-15.691-2.824-15.691-9.415v-55.546c0-9.572 2.197-12.396 14.75-12.396 15.69
Action.c(35):     1 0 28.401 15.691 28.401 37.972s-10.984 39.385-26.989 39.385z",\n
Action.c(35):             "M1484.063 901.923h67.158c7.375 0 10.984 0 10.984-5.806-0.948-25.25-21.646-45.361-
Action.c(35):     47.042-45.361-0.397 0-0.793 0.005-1.188 0.015l0.059-0.001c-1.102-0.075-2.388-0.118-3.684-0
Action.c(35):     .118-31.891 0-57.743 25.853-57.743 57.743 0 1.035 0.027 2.063 0.081 3.085l-0.006-0.143c-0.
Action.c(35):     196 1.756-0.309 3.793-0.309 5.855 0 30.764 24.939 55.703 55.703 55.703 0.826 0 1.648-0.018
Action.c(35):      2.465-0.054l-0.116 0.004c0.747 0.033 1.623 0.052 2.503 0.052 15.63 0 29.863-5.983 40.534-
Action.c(35):     15.783l-0.043 0.039c5.963-5.178 8.159-8.787 8.159-11.768s0-2.981-2.981-2.981c-9.38 8.775-2
Action.c(35):     1.892 14.306-35.689 14.747l-0.087 0.002c-23.678-0.749-42.588-20.123-42.588-43.914 0-1.555 
Action.c(35):     0.081-3.090 0.238-4.603l-0.016 0.189v-2.197c0-2.824 0-3.609 3.609-3.609zM1482.65 891.724v-
Action.c(35):     4.394c2.981-13.181 7.375-29.342 31.382-29.342 18.202 0 20.398 13.965 20.398 22.752 0 14.59
Action.c(35):     3-7.218 13.181-26.989 13.181h-20.398c-2.981 0-4.394 0-4.394-2.197z",\n
Action.c(35):             "M1687.262 953.076c0.002-0.048 0.004-0.104 0.004-0.161 0-1.907-1.546-3.452-3.452-3
Action.c(35):     .452-0.057 0-0.113 0.001-0.169 0.004l0.008-0c-3.766 0-7.375 5.806-12.553 5.806s-8.002-5.80
Action.c(35):     6-8.002-16.789v-58.528c0-21.183-5.021-29.185-30.598-29.185-33.736 0-57.116 20.398-57.116 3
Action.c(35):     4.991 0 2.197 2.197 4.394 5.806 4.394 12.553 0 15.691-6.59 21.34-15.691s10.827-16.946 21.8
Action.c(35):     11-16.946 12.553 5.963 12.553 20.555v10.984c0 3.609 0 5.021-3.766 5.806l-8.002 2.981c-31.3
Action.c(35):     82 12.396-49.741 23.38-49.741 45.19 0 12.553 5.806 27.146 21.968 27.146 12.1-1.075 22.91-5
Action.c(35):     .88 31.454-13.241l-0.072 0.061 6.59-4.394h1.569c2.744 9.598 11.029 16.666 21.090 17.567l0.
Action.c(35):     093 0.007c12.57-0.057 23.487-7.077 29.098-17.399l0.087-0.175zM1637.521 932.678c-0.343 11.9
Action.c(35):     6-9.994 21.556-21.943 21.81l-0.024 0c-11.611 0-14.593-9.415-14.593-19.614 1.070-12.655 9.5
Action.c(35):     06-23.094 20.963-27.079l0.22-0.067 10.356-4.394c0.425-0.082 0.913-0.128 1.412-0.128s0.988 
Action.c(35):     0.047 1.461 0.136l-0.049-0.008s1.569 0 1.569 2.824v27.146z",\n
Action.c(35):             "M1768.385 850.77c-0.317-0.008-0.69-0.012-1.064-0.012-13.4 0-25.493 5.599-34.066 1
Action.c(35):     4.586l-0.018 0.019-3.609 2.981s-1.412 1.412-2.197 1.412c-0.723-0.126-1.286-0.689-1.411-1.4
Action.c(35):     02l-0.002-0.010v-12.553c0-3.609 0-5.021-2.981-5.021s-8.787 7.218-21.968 13.808c-8.002 4.39
Action.c(35):     4-14.593 4.394-14.593 8.787s5.178 2.197 8.787 4.394 5.178 4.394 5.178 11.768v114.702c0 6.5
Action.c(35):     9-1.569 8.787-6.59 10.984s-11.768 0-11.768 5.963c0 2.197 1.569 3.609 5.178 3.609s13.181-1.
Action.c(35):     412 26.361-1.412 20.398 1.412 28.401 1.412c4.394 0 6.59-1.412 6.59-3.609 0-5.963-5.806-3.7
Action.c(35):     66-13.808-5.963s-7.375-3.609-7.375-10.984v-36.56h1.412c7.991 3.56 17.305 5.684 27.101 5.80
Action.c(35):     5l0.045 0c0.807 0.038 1.752 0.059 2.703 0.059 34.057 0 61.666-27.609 61.666-61.666 0-0.738
Action.c(35):     -0.013-1.473-0.039-2.205l0.003 0.106c0.116-1.325 0.182-2.868 0.182-4.425 0-29.157-23.119-5
Action.c(35):     2.915-52.025-53.943l-0.094-0.003zM1752.694 964.060c-15.691 0-25.576-8.002-25.576-23.38v-46
Action.c(35):     .289c0-16.789 8.002-24.949 25.576-24.949 24.792 0 41.581 18.359 41.581 47.073 0.133 1.275 
Action.c(35):     0.209 2.755 0.209 4.253 0 23.495-18.71 42.62-42.043 43.289l-0.062 0.001z",\n
Action.c(35):             "M2098.839 949.467c-1.569 0-5.178 5.021-9.572 5.021s-4.394-2.824-4.394-10.199v-130
Action.c(35):     .864c0-6.59 0-12.396 0-16.789s0-5.178-3.766-5.178c-6.161 3.008-13.643 5.989-21.359 8.447l-
Action.c(35):     1.236 0.34c-8.787 2.197-14.593 2.981-14.593 6.59s4.394 2.197 9.415 4.394 5.178 3.766 5.178
Action.c(35):      9.572v29.97c0 2.197-0.785 3.609-2.197 3.609v0l-4.394-1.412c-6.169-1.893-13.26-2.984-20.60
Action.c(35):     6-2.984-0.203 0-0.405 0.001-0.608 0.002l0.031-0c-0.467-0.012-1.017-0.020-1.569-0.020-34.66
Action.c(35):     4 0-62.764 28.101-62.764 62.764 0 0.007 0 0.014 0 0.021l-0-0.001c-0.014 0.473-0.022 1.029-
Action.c(35):     0.022 1.587 0 31.111 25.22 56.331 56.331 56.331 0.504 0 1.007-0.007 1.509-0.020l-0.074 0.0
Action.c(35):     02c12.977-0.262 24.882-4.641 34.517-11.878l-0.153 0.11c2.197 0 2.981 10.984 7.375 10.984s1
Action.c(35):     1.768-5.021 27.773-9.415c5.178-1.569 8.002-1.569 8.002-7.375 0.012-0.104 0.018-0.224 0.018
Action.c(35):     -0.345 0-1.66-1.228-3.034-2.825-3.262l-0.018-0.002zM2060.082 934.875c0 17.417-1.569 24.792
Action.c(35):     -19.771 24.792-0.632 0.033-1.371 0.052-2.115 0.052-23.571 0-42.68-19.108-42.68-42.68 0-1.5
Action.c(35):     66 0.084-3.112 0.249-4.635l-0.017 0.189c0-32.951 17.574-54.134 39.385-54.134s24.949 12.553
Action.c(35):      24.949 38.129v38.757z",\n
Action.c(35):             "M1956.992 909.141c0.004 0.278 0.007 0.606 0.007 0.935 0 35.184-28.522 63.706-63.7
Action.c(35):     06 63.706s-63.706-28.522-63.706-63.706c0-35.184 28.522-63.706 63.706-63.706 0.329 0 0.657 
Action.c(35):     0.002 0.984 0.007l-0.049-0.001c34.452 0.522 62.243 28.312 62.764 62.715l0.001 0.049z",\n
Action.c(35):             "M2117.041 817.819c-8.059 0-14.593-6.533-14.593-14.593s6.533-14.593 14.593-14.593c
Action.c(35):     8.059 0 14.593 6.533 14.593 14.593v0c0 8.059-6.533 14.593-14.593 14.593v0zM2117.041 790.83
Action.c(35):     1c-6.846 0-12.396 5.55-12.396 12.396s5.55 12.396 12.396 12.396c6.846 0 12.396-5.55 12.396-
Action.c(35):     12.396v-0c-0.171-6.776-5.62-12.225-12.38-12.396l-0.016-0zM2120.65 812.013l-4.394-6.59h-2.8
Action.c(35):     24v6.59h-2.197v-16.789h7.061c2.773 0 5.021 2.248 5.021 5.021v0c-0.037 2.583-1.904 4.72-4.3
Action.c(35):     61 5.173l-0.033 0.005 4.394 6.59zM2118.453 796.322h-4.394v6.59h4.237c1.613-0.081 2.9-1.369
Action.c(35):      2.981-2.974l0-0.007c0-0.004 0-0.010 0-0.015 0-1.709-1.302-3.115-2.968-3.279l-0.014-0.001z
Action.c(35):     ",\n
Action.c(35):             "M1232.534 601.596c-59.343 30.771-1
Action.c(35): t=8011ms: 5096-byte DECODED response body for "https://stage.peapod.com/shop/images/icons/PeapodIcons.json" (RelFrameId=1, Internal ID=3)
Action.c(35):     29.54 48.856-203.952 48.956l-0.032 0c-174.485 0-290.285-110.622-290.285-272.397 0-153.616 
Action.c(35):     116.585-277.732 304.407-277.732 58.048 0.467 113.541 10.777 165.095 29.337l-3.477-1.093v91
Action.c(35):     .008c-43.85-27.637-96.995-44.395-153.987-45.344l-0.257-0.003c-120.978 0-209.319 83.163-209
Action.c(35):     .319 202.729 0 112.819 77.2 203.984 198.335 203.984 1.73 0.053 3.765 0.083 5.808 0.083 35.
Action.c(35):     091 0 68.113-8.861 96.949-24.467l-1.079 0.534 2.197-120.194h-134.629l43.935-72.022h184.527
Action.c(35):     z",\n
Action.c(35):             "M1387.876 637.842h-86.929v-367.171h86.929zM1390.857 147.81c0.048 0.791 0.075 1.71
Action.c(35):     7 0.075 2.649 0 25.998-21.075 47.073-47.073 47.073s-47.073-21.075-47.073-47.073c0-25.53 20
Action.c(35):     .324-46.313 45.675-47.053l0.068-0.002h1.412c0.721-0.041 1.564-0.065 2.412-0.065 23.893 0 4
Action.c(35):     3.409 18.738 44.656 42.32l0.005 0.111v2.197z",\n
Action.c(35):             "M1525.487 533.497c-0-0.054-0-0.118-0-0.182 0-27.189 18.74-50.001 44.009-56.223l0.
Action.c(35):     397-0.083c14.852-4.13 31.906-6.503 49.515-6.503 3.281 0 6.542 0.082 9.782 0.245l-0.455-0.0
Action.c(35):     18c7.375 0 15.691 0.785 23.694 1.569v96.5c-18.998 9.731-41.285 15.918-64.892 17.088l-0.383
Action.c(35):      0.015c-46.132 0-61.666-26.675-61.666-52.722zM1743.122 637.842c-4.55-15.691-5.963-21.497-5
Action.c(35):     .963-95.402v-148.124c0-31.382 0-68.256-31.382-98.854s-78.455-34.050-104.66-34.050c-32.341 
Action.c(35):     0.909-63.221 5.205-92.897 12.551l2.988-0.626-45.347 77.2c32.196-14.922 69.711-24.344 109.2
Action.c(35):     3-26.027l0.607-0.021c66.059 0 77.2 34.991 77.2 90.694-13.706-2-29.529-3.141-45.619-3.141-0
Action.c(35):     .511 0-1.023 0.001-1.533 0.003l0.079-0c-1.334-0.026-2.907-0.041-4.483-0.041-33.165 0-64.79
Action.c(35):     2 6.587-93.643 18.525l1.627-0.596c-42.48 16.566-72.031 57.157-72.031 104.649 0 0.5 0.003 1
Action.c(35):      0.010 1.498l-0.001-0.076c-0.042 1.097-0.066 2.385-0.066 3.678 0 31.126 13.773 59.035 35.5
Action.c(35):     58 77.965l0.126 0.107c23.29 18.276 53.021 29.309 85.329 29.309 3.102 0 6.181-0.102 9.233-0
Action.c(35):     .302l-0.415 0.022c32.672-1.246 63.517-7.353 92.391-17.618l-2.167 0.672c0 2.667 1.098 5.492
Action.c(35):      1.883 8.002z",\n
Action.c(35):             "M2331.224 641.765c-13.1 3.389-28.138 5.335-43.631 5.335-0.107 0-0.214-0-0.32-0l0.
Action.c(35):     017 0c-1.842 0.129-3.993 0.202-6.16 0.202-26.428 0-50.313-10.889-67.412-28.426l-0.019-0.02
Action.c(35):     0c-22.909-25.263-21.968-51.467-21.497-83.947l1.569-201.16h-47.073v-62.764h48.956v-69.041l8
Action.c(35):     6.144-26.832v95.559h82.378v62.764h-84.261l-1.569 160.363c0 40.012 0 55.703 8.944 69.041 9.
Action.c(35):     769 12.359 24.76 20.218 41.587 20.218 1.323 0 2.635-0.049 3.934-0.144l-0.174 0.010c17.771-
Action.c(35):     0.768 34.492-4.27 50.078-10.096l-1.122 0.368z",\n
Action.c(35):             "M2084.717 292.639c-23.222-19.036-53.229-30.574-85.93-30.574-2.117 0-4.223 0.048-6
Action.c(35):     .317 0.144l0.297-0.011c-26.48 0.716-51.632 5.37-75.225 13.396l1.79-0.529c-8.787 3.138-20.2
Action.c(35):     41 8.316-30.127 13.024v-16.476h-88.184v366.701h88.184v-286.362c18.785-14.015 42.456-22.439
Action.c(35):      68.095-22.439 0.112 0 0.223 0 0.335 0l-0.017-0c1.209-0.068 2.623-0.106 4.047-0.106 17.675
Action.c(35):      0 33.963 5.94 46.976 15.932l-0.183-0.135c24.478 20.869 24.478 49.741 25.106 107.641v185.4
Action.c(35):     69h86.929v-244.624c-0.785-32.010-2.197-69.668-35.776-101.051z",\n
Action.c(35):             "M2410.778 300.013h4.55c2.824 0 5.021 0 5.021-3.452s-2.824-3.295-5.178-3.295h-4.39
Action.c(35):     4zM2405.6 289.344h9.728c6.59 0 10.199 2.040 10.199 7.218 0.020 0.19 0.032 0.411 0.032 0.63
Action.c(35):     4 0 3.367-2.652 6.115-5.981 6.27l-0.014 0.001 6.904 11.298h-5.335l-6.276-10.984h-3.295v11.
Action.c(35):     298h-5.021zM2414.857 320.726c0.231 0.010 0.501 0.016 0.773 0.016 10.052 0 18.202-8.149 18.
Action.c(35):     202-18.202s-8.149-18.202-18.202-18.202c-9.826 0-17.833 7.786-18.189 17.525l-0.001 0.032c-0
Action.c(35):     .012 0.237-0.018 0.516-0.018 0.795 0 9.405 7.454 17.069 16.777 17.406l0.031 0.001zM2414.23
Action.c(35):      278.987c10.888 0.263 19.614 9.152 19.614 20.079 0 11.092-8.992 20.085-20.085 20.085s-20.0
Action.c(35):     85-8.992-20.085-20.085c0-10.927 8.726-19.816 19.589-20.079l0.024-0h0.941z",\n
Action.c(35):             "M585.905 421.776h-163.344l194.726-194.726c5.881-6.088 9.505-14.389 9.505-23.537s-
Action.c(35):     3.624-17.449-9.515-23.546l0.009 0.010c-3.238-3.256-7.166-5.821-11.546-7.459l-0.222-0.073h-
Action.c(35):     1.569c-15.713-5.566-33.835-8.782-52.708-8.782-44.775 0-85.322 18.102-114.721 47.387l0.005-
Action.c(35):     0.005c-2.824 2.667-5.335 5.492-8.002 8.473v-183.899c0-0.002 0-0.004 0-0.006 0-19.451-15.59
Action.c(35):     1-35.26-34.958-35.613l-0.033-0c-5.221 0.036-10.178 1.129-14.68 3.075l0.244-0.094h-2.511c-6
Action.c(35):     8.074 34.305-114.003 103.555-114.231 183.555l-0 0.031c-0 0.142-0.001 0.309-0.001 0.477 0 1
Action.c(35):     0.914 0.913 21.614 2.668 32.029l-0.156-1.124-134.473-134.316c-6.93-6.935-16.505-11.224-27.
Action.c(35):     083-11.224-16.151 0-29.965 10-35.59 24.146l-0.091 0.259v1.569c-9.277 25.867-14.639 55.712-
Action.c(35):     14.639 86.809 0 103.273 59.14 192.734 145.402 236.361l1.513 0.694h-156.911c-0.329-0.009-0.
Action.c(35):     717-0.015-1.105-0.015-22.867 0-41.456 18.321-41.888 41.085l-0.001 0.040c0.001 6.19 1.33 12
Action.c(35):     .070 3.717 17.371l-0.108-0.267v1.255c56.769 115.418 173.516 193.446 308.487 193.446s251.71
Action.c(35):     7-78.028 307.591-191.436l0.895-2.010-0.785 1.726 1.255-2.667c2.371-5.069 3.754-11.006 3.75
Action.c(35):     4-17.266 0-16.823-9.991-31.313-24.363-37.86l-0.26-0.106c-4.225-1.941-9.135-3.232-14.3-3.60
Action.c(35):     1l-0.136-0.008z",\n
Action.c(35):             "M28.872 469.477c-0.808-1.725-1.28-3.745-1.28-5.875 0-5.766 3.455-10.724 8.408-12.
Action.c(35):     918l0.090-0.036c1.709-0.749 3.698-1.206 5.787-1.255l0.018-0h541.185c0.047-0.001 0.102-0.00
Action.c(35):     1 0.157-0.001 7.799 0 14.122 6.323 14.122 14.122 0 0-0 0.001-0 0.001l0-0c0.003 0.101 0.004
Action.c(35):      0.22 0.004 0.34 0 2.043-0.465 3.977-1.294 5.702l0.03
Action.c(35): t=8022ms: 4096-byte ENCODED response body received for "https://stage.peapod.com/shop/images/icons/PeapodIcons.json" (RelFrameId=1, Internal ID=3)
Action.c(35): t=8022ms: 12288-byte DECODED response body for "https://stage.peapod.com/shop/images/icons/PeapodIcons.json" (RelFrameId=1, Internal ID=3)
Action.c(35):     4-0.079c-52.362 105.891-159.635 177.43-283.616 177.43s-231.255-71.539-282.792-175.59l-0.82
Action.c(35):     4-1.84z",\n
Action.c(35):             "M94.146 106.699c0.548-1.41 1.347-2.613 2.353-3.608l0.001-0.001c1.934-2.161 4.732-
Action.c(35):     3.515 7.846-3.515s5.912 1.354 7.837 3.505l0.009 0.010 286.519 287.931c2.075 1.976 3.366 4.
Action.c(35):     76 3.366 7.846s-1.291 5.869-3.361 7.841l-0.004 0.004c-0.948 1.076-2.167 1.89-3.552 2.338l-
Action.c(35):     0.057 0.016c-22.988 8.171-49.502 12.893-77.119 12.893-130.942 0-237.092-106.15-237.092-237
Action.c(35):     .092 0-28.007 4.856-54.881 13.773-79.823l-0.516 1.656z",\n
Action.c(35):             "M390.551 28.244c0.471-0.112 1.013-0.177 1.569-0.177s1.098 0.064 1.617 0.186l-0.04
Action.c(35):     8-0.009c4.42 0 8.002 3.583 8.002 8.002v0 0 303.152c0 4.42-3.583 8.002-8.002 8.002v0c-0.471
Action.c(35):      0.112-1.013 0.177-1.569 0.177s-1.098-0.064-1.617-0.186l0.048 0.009c-59.647-29.264-99.984-
Action.c(35):     89.553-99.984-159.264s40.337-130.001 98.944-158.803l1.040-0.462z",\n
Action.c(35):             "M596.261 197.551c0.799 0.339 1.478 0.817 2.037 1.409l0.003 0.003c1.1 1.106 1.78 2
Action.c(35):     .631 1.78 4.315s-0.68 3.209-1.781 4.315l0-0-163.501 162.717c-1.081 1.091-2.58 1.767-4.237 
Action.c(35):     1.767s-3.156-0.676-4.236-1.766l-0-0c-0.633-0.534-1.119-1.222-1.402-2.007l-0.010-0.033c-4.6
Action.c(35):     89-13.102-7.399-28.217-7.399-43.965 0-74.18 60.135-134.316 134.316-134.316 15.921 0 31.196
Action.c(35):      2.77 45.367 7.855l-0.937-0.293z"\n
Action.c(35):           ],\n
Action.c(35):           "attrs": [\n
Action.c(35):             {\n
Action.c(35):               "fill": "rgb(99, 102, 106)"\n
Action.c(35):             },\n
Action.c(35):             {\n
Action.c(35):               "fill": "rgb(99, 102, 106)"\n
Action.c(35):             },\n
Action.c(35):             {\n
Action.c(35):               "fill": "rgb(99, 102, 106)"\n
Action.c(35):             },\n
Action.c(35):             {\n
Action.c(35):               "fill": "rgb(99, 102, 106)"\n
Action.c(35):             },\n
Action.c(35):             {\n
Action.c(35):               "fill": "rgb(99, 102, 106)"\n
Action.c(35):             },\n
Action.c(35):             {\n
Action.c(35):               "fill": "rgb(99, 102, 106)"\n
Action.c(35):             },\n
Action.c(35):             {\n
Action.c(35):               "fill": "rgb(99, 102, 106)"\n
Action.c(35):             },\n
Action.c(35):             {\n
Action.c(35):               "fill": "rgb(99, 102, 106)"\n
Action.c(35):             },\n
Action.c(35):             {\n
Action.c(35):               "fill": "rgb(99, 102, 106)"\n
Action.c(35):             },\n
Action.c(35):             {\n
Action.c(35):               "fill": "rgb(51, 51, 51)"\n
Action.c(35):             },\n
Action.c(35):             {\n
Action.c(35):               "fill": "rgb(51, 51, 51)"\n
Action.c(35):             },\n
Action.c(35):             {\n
Action.c(35):               "fill": "rgb(54, 54, 54)"\n
Action.c(35):             },\n
Action.c(35):             {\n
Action.c(35):               "fill": "rgb(51, 51, 51)"\n
Action.c(35):             },\n
Action.c(35):             {\n
Action.c(35):               "fill": "rgb(51, 51, 51)"\n
Action.c(35):             },\n
Action.c(35):             {\n
Action.c(35):               "fill": "rgb(94, 160, 0)"\n
Action.c(35):             },\n
Action.c(35):             {\n
Action.c(35):               "fill": "rgb(51, 51, 51)"\n
Action.c(35):             },\n
Action.c(35):             {\n
Action.c(35):               "fill": "rgb(112, 40, 119)"\n
Action.c(35):             },\n
Action.c(35):             {\n
Action.c(35):               "fill": "rgb(112, 40, 119)"\n
Action.c(35):             },\n
Action.c(35):             {\n
Action.c(35):               "fill": "rgb(112, 40, 119)"\n
Action.c(35):             },\n
Action.c(35):             {\n
Action.c(35):               "fill": "rgb(112, 40, 119)"\n
Action.c(35):             },\n
Action.c(35):             {\n
Action.c(35):               "fill": "rgb(112, 40, 119)"\n
Action.c(35):             },\n
Action.c(35):             {\n
Action.c(35):               "fill": "rgb(112, 40, 119)"\n
Action.c(35):             },\n
Action.c(35):             {\n
Action.c(35):               "fill": "rgb(255, 255, 255)"\n
Action.c(35):             },\n
Action.c(35):             {\n
Action.c(35):               "fill": "rgb(247, 168, 0)"\n
Action.c(35):             },\n
Action.c(35):             {\n
Action.c(35):               "fill": "rgb(226, 35, 26)"\n
Action.c(35):             },\n
Action.c(35):             {\n
Action.c(35):               "fill": "rgb(113, 33, 119)"\n
Action.c(35):             },\n
Action.c(35):             {\n
Action.c(35):               "fill": "rgb(130, 188, 0)"\n
Action.c(35):             }\n
Action.c(35):           ],\n
Action.c(35):           "width": 2437,\n
Action.c(35):           "isMulticolor": true,\n
Action.c(35):           "grid": 32,\n
Action.c(35):           "tags": [\n
Action.c(35):             "giant-landover-powered-by-peapod"\n
Action.c(35):           ]\n
Action.c(35):         },\n
Action.c(35):         {\n
Action.c(35):           "paths": [\n
Action.c(35):             "M770.709 824.115h32.121c0 1.935 0 4.063 0 5.998s0 3.87 0 5.805c3.581-4.487 8.206-
Action.c(35):     7.993 13.515-10.174l0.223-0.081c5.34-2.461 11.588-3.897 18.171-3.897 14.322 0 27.058 6.795
Action.c(35):      35.158 17.337l0.077 0.105c3.86 5.080 6.96 10.996 8.982 17.391l0.112 0.411c1.842 6.202 2.9
Action.c(35):     02 13.327 2.902 20.701 0 0.001-0 0.002-0 0.004l0-0c0.009 0.394 0.014 0.858 0.014 1.323 0 9
Action.c(35):     .024-1.855 17.615-5.205 25.412l0.16-0.419c-3.246 7.562-7.758 13.996-13.33 19.33l-0.021 0.0
Action.c(35):     20c-5.132 4.631-11.262 8.266-18.019 10.537l-0.363 0.106c-5.746 2.081-12.378 3.345-19.288 3
Action.c(35):     .482l-0.062 0.001c-0.447 0.015-0.973 0.023-1.501 0.023-4.069 0-8.021-0.502-11.797-1.449l0.
Action.c(35):     333 0.071-9.288-2.902v47.214h-32.895zM803.991 904.224c4.903 2.846 10.789 4.526 17.068 4.52
Action.c(35):     6 0.803 0 1.6-0.027 2.389-0.082l-0.107 0.006c0.32 0.015 0.696 0.024 1.074 0.024 7.285 0 13
Action.c(35):     .817-3.22 18.252-8.315l0.025-0.029c4.369-5.486 7.010-12.517 7.010-20.165 0-0.598-0.016-1.1
Action.c(35):     92-0.048-1.782l0.004 0.082c-0.003-3.705-0.426-7.31-1.224-10.772l0.063 0.323c-0.819-3.393-2
Action.c(35):     .223-6.372-4.114-8.974l0.050 0.073c-1.75-2.633-4.101-4.735-6.864-6.145l-0.102-0.047c-2.832
Action.c(35):     -1.471-6.184-2.334-9.737-2.334-0.25 0-0.5 0.004-0.748 0.013l0.036-0.001c-0.096-0.001-0.209
Action.c(35):     -0.002-0.323-0.002-3.467 0-6.75 0.786-9.681 2.189l0.135-0.058c-2.853 1.272-5.249 3.11-7.13
Action.c(35):     4 5.386l-0.026 0.032c-1.891 2.245-3.405 4.882-4.399 7.761l-0.052 0.173c-0.937 2.706-1.5 5.
Action.c(35):     827-1.548 9.072l-0 0.023z",\n
Action.c(35):             "M898.225 878.488c-0.004-0.24-0.006-0.522-0.006-0.806 0-7.87 1.566-15.375 4.404-22
Action.c(35):     .219l-0.141 0.385c2.958-7.47 7.013-13.886 12.041-19.399l-0.044 0.049c5.353-5.304 11.802-9.
Action.c(35):     514 18.975-12.258l0.375-0.126c7.028-2.814 15.175-4.447 23.704-4.447s16.675 1.632 24.146 4.
Action.c(35):     602l-0.442-0.155c7.143 3.071 13.242 7.248 18.383 12.384l-0-0c10.079 10.842 16.264 25.424 1
Action.c(35):     6.264 41.45 0 8.066-1.567 15.767-4.413 22.814l0.146-0.409c-2.878 7.492-6.944 13.921-12.030
Action.c(35):      19.386l0.033-0.036c-5.098 5.265-11.208 9.514-18.021 12.439l-0.361 0.138c-7.011 2.934-15.1
Action.c(35):     58 4.638-23.704 4.638s-16.692-1.704-24.12-4.792l0.416 0.153c-7.582-2.861-14.042-7.144-19.3
Action.c(35):     4-12.567l-0.010-0.010c-10.060-10.424-16.259-24.633-16.259-40.29 0-0.257 0.002-0.514 0.005-
Action.c(35):     0.771l-0 0.039zM956.275 907.707c0.243 0.009 0.528 0.014 0.815 0.014 7.52 0 14.212-3.545 18
Action.c(35):     .496-9.056l0.040-0.053c2.262-2.391 4.094-5.217 5.354-8.335l0.064-0.179c1.102-3.235 1.739-6
Action.c(35):     .961 1.739-10.836s-0.636-7.601-1.81-11.080l0.071 0.244c-1.056-3.568-2.713-6.666-4.877-9.33
Action.c(35):     8l0.039 0.050c-2.335-3.155-5.236-5.747-8.572-7.668l-0.135-0.072c-3.124-1.468-6.786-2.325-1
Action.c(35):     0.647-2.325-0.134 0-0.269 0.001-0.403 0.003l0.020-0c-0.118-0.002-0.257-0.003-0.396-0.003-3
Action.c(35):     .989 0-7.778 0.856-11.193 2.394l0.172-0.069c-3.221 1.65-5.928 3.862-8.091 6.532l-0.036 0.0
Action.c(35):     46c-2.108 2.647-3.817 5.729-4.966 9.072l-0.065 0.216c-1.102 3.235-1.739 6.961-1.739 10.836
Action.c(35):     s0.636 7.601 1.81 11.080l-0.071-0.244c1.214 3.559 2.923 6.641 5.079 9.351l-0.048-0.063c2.1
Action.c(35):     45 2.835 4.864 5.121 7.996 6.712l0.131 0.060c3.45 1.702 7.509 2.701 11.801 2.709l0.003 0z"
Action.c(35):     ,\n
Action.c(35):             "M1020.517 824.115h34.443l19.35 69.853 21.091-69.853h26.896l21.285 69.853 19.35-69
Action.c(35):     .853h33.669l-37.539 108.94h-30.766l-20.317-60.759-19.35 60.759h-30.573z",\n
Action.c(35):             "M1309.025 921.252l-5.611 3.676c-2.794 2.086-5.981 3.905-9.382 5.311l-0.293 0.107c
Action.c(35):     -3.768 1.557-8.412 3.082-13.183 4.29l-0.749 0.161c-5.202 1.247-11.175 1.962-17.316 1.962-0
Action.c(35):     .715 0-1.428-0.010-2.139-0.029l0.105 0.002c-0.362 0.007-0.789 0.011-1.216 0.011-8.594 0-16
Action.c(35):     .822-1.565-24.416-4.425l0.477 0.158c-7.529-2.756-13.977-6.839-19.369-12.015l0.019 0.018c-5
Action.c(35):     .162-5.339-9.195-11.803-11.693-18.986l-0.11-0.364c-2.511-6.826-3.964-14.708-3.964-22.93s1.
Action.c(35):     453-16.104 4.115-23.405l-0.151 0.475c2.432-7.491 6.204-13.948 11.075-19.402l-0.046 0.052c4
Action.c(35):     .896-5.25 10.738-9.544 17.264-12.625l0.344-0.146c5.546-1.939 11.94-3.059 18.596-3.059 2.24
Action.c(35):     3 0 4.456 0.127 6.632 0.375l-0.266-0.025c0.3-0.006 0.654-0.009 1.008-0.009 8.036 0 15.672 
Action.c(35):     1.713 22.563 4.793l-0.351-0.14c6.645 3.138 12.251 7.445 16.779 12.706l0.055 0.065c4.434 5.
Action.c(35):     478 7.937 11.921 10.144 18.939l0.111 0.411c2.214 7.255 3.488 15.595 3.488 24.231 0 0.325-0
Action.c(35):     .002 0.649-0.005 0.973l0-0.049v5.611h-77.4c0.269 6.188 3.214 11.639 7.7 15.256l0.040 0.031
Action.c(35):     c5.146 4.138 11.76 6.641 18.958 6.641 0.683 0 1.36-0.023 2.031-0.067l-0.091 0.005c0.628 0.
Action.c(35):     028 1.364 0.044 2.104 0.044 6.845 0 13.372-1.367 19.32-3.843l-0.333 0.123c4.537-2.115 8.40
Action.c(35):     8-4.372 12.049-6.936l-0.245 0.164zM1279.807 867.072c-0.102-2.594-0.59-5.041-1.408-7.331l0.
Action.c(35):     053 0.172c-2.143-5.155-6.115-9.19-11.087-11.364l-0.136-0.053c-2.811-1.347-6.111-2.133-9.59
Action.c(35):     4-2.133-0.165 0-0.329 0.002-0.492 0.005l0.024-0c-0.090-0.001-0.197-0.002-0.304-0.002-3.539
Action.c(35):      0-6.895 0.785-9.902 2.191l0.144-0.060c-2.892 1.082-5.351 2.732-7.345 4.829l-0.008 0.008c-
Action.c(35):     1.799 1.865-3.292 4.040-4.391 6.434l-0.059 0.145c-0.924 2.108-1.488 4.56-1.548 7.137l-0 0.
Action.c(35):     023z",\n
Action.c(35):             "M1330.31 824.115h32.121l1.161 13.738c3.208-4.16 6.981-7.687 11.245-10.535l0.171-0
Action.c(35):     .108c4.985-3.302 11.104-5.268 17.683-5.268 0.586 0 1.169 0.016 1.748 0.046l-0.081-0.003c1.
Action.c(35):     131-0.106 2.445-0.167 3.773-0.167s2.643 0.061 3.94 0.179l-0.167-0.012c2.288 0.24 4.384 0.7
Action.c(35):     87 6.34 1.603l-0.148-0.055-5.418 29.605c-3.34-1.11-7.185-1.751-11.18-1.751-0.287 0-0.574 0
Action.c(35):     .003-0.86 0.010l0.042-0.001c-0.424-0.025-0.921-0.039-1.42-0.039-6.961 0-13.281 2.743-17.93
Action.c(35):     9 7.207l0.009-0.009c-4.563 4.754-7.372 11.221-7.372 18.344 0 0.354 0.007 0.706 0.021 1.056
Action.c(35):     l-0.002-0.050v53.986h-33.669z",\n
Action.c(35):             "M1522.649 921.252l-5.611 3.676c-2.794 2.086-5.981 3.905-9.382 5.311l-0.293 0.107c
Action.c(35):     -3.768 1.557-8.412 3.082-13.183 4.29l-0.749 0.161c-5.202 1.247-11.175 1.962-17.316 1.962-0
Action.c(35):     .715 0-1.428-0.010-2.139-0.029l0.105 0.002c-0.362 0.007-0.789 0.011-1.216 0.011-8.594 0-16
Action.c(35):     .822-1.565-24.416-4.425l0.477 0.158c-7.529-2.756-13.977-6.839-19.369-12.015l0.019 0.018c-5
Action.c(35):     .162-5.339-9.195-11.803-11.693-18.986l-0.11-0.364c-2.511-6.826-3.964-14.708-3.964-22.93s1.
Action.c(35):     453-16.104 4.115-23.405l-0.151 0.475c2.432-7.491 6.204-13.948 11.075-19.402l-0.046 0.052c4
Action.c(35):     .896-5.25 10.738-9.544 17.264-12.625l0.344-0.146c5.493-1.9 11.824-2.997 18.411-2.997 2.034
Action.c(35):      0 4.044 0.105 6.024 0.309l-0.248-0.021c0.3-0.006 0.654-0.009 1.008-0.009 8.036 0 15.672 1
Action.c(35):     .713 22.563 4.793l-0.351-0.14c6.645 3.138 12.251 7.445 16.779 12.706l0.055 0.065c4.434 5.4
Action.c(35):     78 7.937 11.921 10.144 18.939l0.111 0.411c2.214 7.255 3.488 15.595 3.488 24.231 0 0.325-0.
Action.c(35):     002 0.649-0.005 0.973l0-0.049v5.611h-77.4c0.269 6.188 3.214 11.639 7.7 15.256l0.040 0.031c
Action.c(35):     5.146 4.138 11.76 6.641 18.958 6.641 0.683 0 1.36-0.023 2.031-0.067l-0.091 0.005c0.628 0.0
Action.c(35):     28 1.364 0.044 2.104 0.044 6.845 0 13.372-1.367 19.32-3.843l-0.333 0.123c4.537-2.115 8.408
Action.c(35):     -4.372 12.049-6.936l-0.245 0.164zM1493.43 867.072c-0.102-2.594-0.59-5.041-1.408-7.331l0.05
Action.c(35):     3 0.172c-2.143-5.155-6.115-9.19-11.087-11.364l-0.136-0.053c-2.811-1.347-6.111-2.133-9.594-
Action.c(35):     2.133-0.165 0-0.329 0.002-0.492 0.005l0.024-0c-0.090-0.001-0.197-0.002-0.304-0.002-3.539 0
Action.c(35):     -6.895 0.785-9.902 2.191l0.144-0.060c-2.892 1.082-5.351 2.732-7.345 4.829l-0.008 0.008c-1.
Action.c(35):     799 1.865-3.292 4.040-4.391 6.434l-0.059 0.145c-0.924 2.108-1.488 4.56-1.548 7.137l-0 0.02
Action.c(35):     3z",\n
Action.c(35):             "M1618.044 922.026c-7.432 8.784-18.462 14.323-30.786 14.323-0.197 0-0.394-0.001-0.
Action.c(35):     591-0.004l0.030 0c-0.335 0.009-0.729 0.015-1.124 0.015-6.62 0-12.888-1.504-18.482-4.189l0.
Action.c(35):     257 0.111c-6.014-2.742-11.103-6.53-15.247-11.178l-0.039-0.045c-4.195-5.005-7.604-10.845-9.
Action.c(35):     933-17.205l-0.129-0.403c-2.332-6.846-3.678-14.733-3.678-22.933 0-0.169 0.001-0.337 0.002-0
Action.c(35):     .506l-0 0.026c-0.008-0.368-0.013-0.802-0.013-1.236 0-8.808 1.929-17.165 5.389-24.672l-0.15
Action.c(35):     1 0.366c3.264-7.191 7.843-13.257 13.479-18.133l0.066-0.056c5.11-4.605 11.158-8.286 17.808-
Action.c(35):     10.714l0.38-0.121c5.735-2.214 12.368-3.552 19.297-3.676l0.053-0.001c0.27-0.004 0.589-0.006
Action.c(35):      0.909-0.006 4.054 0 8.025 0.354 11.884 1.033l-0.409-0.060 8.901 2.709v-47.214h34.636v154.
Action.c(35):     8h-31.153zM1618.044 854.107c-2.351-1.253-5.082-2.198-7.967-2.687l-0.16-0.022c-1.538-0.164-
Action.c(35):     3.322-0.257-5.128-0.257s-3.59 0.093-5.348 0.275l0.22-0.018c-0.278-0.012-0.604-0.018-0.932-
Action.c(35):     0.018-7.405 0-14.020 3.382-18.385 8.685l-0.033 0.041c-4.483 5.573-7.195 12.736-7.195 20.53
Action.c(35):     3 0 0.537 0.013 1.071 0.038 1.601l-0.003-0.075c-0.018 0.395-0.029 0.859-0.029 1.324 0 6.77
Action.c(35):     1 2.187 13.032 5.894 18.113l-0.061-0.088c3.79 4.652 9.52 7.6 15.937 7.6 0.52 0 1.035-0.019
Action.c(35):      1.546-0.057l-0.068 0.004c0.208 0.007 0.453 0.011 0.699 0.011 3.254 0 6.34-0.717 9.11-2.00
Action.c(35):     2l-0.134 0.056c2.672-1.299 4.926-3.058 6.749-5.196l0.024-0.029c1.79-2.16 3.131-4.758 3.842
Action.c(35):     -7.607l0.028-0.133c0.187-1.337 0.294-2.881 0.294-4.45s-0.107-3.114-0.313-4.626l0.020 0.176
Action.c(35):     z",\n
Action.c(35):             "M1717.116 778.255h33.475v53.793c3.45-3.461 7.751-6.072 12.562-7.493l0.209-0.053c4
Action.c(35):     .711-1.816 10.161-2.878 15.857-2.902l0.010-0c7.391 0.037 14.374 1.747 20.602 4.768l-0.284-
Action.c(35):     0.124c6.004 2.937 11.041 6.983 15.028 11.914l0.065 0.083c4.040 4.938 7.269 10.728 9.371 17
Action.c(35):     .032l0.111 0.383c2.086 6.218 3.29 13.379 3.29 20.82 0 0.027-0 0.055-0 0.082l0-0.004c0.002 
Action.c(35):     0.175 0.003 0.381 0.003 0.588 0 8.56-1.635 16.737-4.609 24.238l0.156-0.445c-2.759 7.586-6.
Action.c(35):     986 14.055-12.376 19.342l-0.008 0.008c-5.377 5.207-11.82 9.349-18.967 12.063l-0.383 0.128c
Action.c(35):     -7.497 2.831-16.163 4.47-25.212 4.47-0.592 0-1.183-0.007-1.772-0.021l0.087 0.002c-0.351 0.
Action.c(35):     004-0.767 0.006-1.182 0.006-8.896 0-17.578-0.918-25.956-2.664l0.822 0.143c-8.238-1.651-15.
Action.c(35):     246-3.589-22.051-5.961l1.153 0.35zM1750.591 906.546c1.779 0.746 3.859 1.351 6.021 1.718l0.
Action.c(35):     171 0.024c1.42 0.12 3.072 0.188 4.741 0.188s3.321-0.068 4.955-0.202l-0.215 0.014c0.38 0.02
Action.c(35):     0 0.825 0.031 1.273 0.0
Action.c(35): t=8056ms: 205-byte DECODED response body for "https://stage.peapod.com/shop/images/icons/PeapodIcons.json" (RelFrameId=1, Internal ID=3)
Action.c(35):     31 7.621 0 14.475-3.288 19.219-8.523l0.020-0.022c4.601-5.779 7.382-13.185 7.382-21.24 0-0.
Action.c(35):     492-0.010-0.982-0.031-1.469l0.002 0.070c-0.062-3.533-0.552-6.925-1.421-10.161l0.067 0.292c
Action.c(35):     -0.793-3.312-2.129-6.224-
Action.c(35): t=8057ms: 12275-byte ENCODED response body received for "https://stage.peapod.com/shop/images/icons/PeapodIcons.json" (RelFrameId=1, Internal ID=3)
Action.c(35): t=8057ms: 12288-byte DECODED response body for "https://stage.peapod.com/shop/images/icons/PeapodIcons.json" (RelFrameId=1, Internal ID=3)
Action.c(35):     3.925-8.79l0.055 0.082c-1.712-2.604-3.913-4.743-6.49-6.334l-0.089-0.051c-1.906-0.689-4.105
Action.c(35):     -1.088-6.397-1.088-1.227 0-2.428 0.114-3.592 0.333l0.12-0.019c-0.538-0.050-1.163-0.078-1.7
Action.c(35):     95-0.078-5.723 0-10.905 2.322-14.652 6.076l-0 0c-3.39 4.131-5.446 9.47-5.446 15.29 0 0.407
Action.c(35):      0.010 0.812 0.030 1.214l-0.002-0.057z",\n
Action.c(35):             "M1848.502 950.277c1.729 1.272 3.692 2.492 5.749 3.559l0.25 0.118c2.167 0.949 4.69
Action.c(35):      1.515 7.341 1.548l0.012 0c0.123 0.004 0.268 0.007 0.413 0.007 3.276 0 6.259-1.252 8.498-3
Action.c(35):     .305l-0.009 0.008c2.933-3.211 5.294-7.003 6.885-11.175l0.081-0.242 3.096-8.901-49.536-107.
Action.c(35):     779h38.7l26.316 68.692 24.574-68.692h35.604l-44.698 108.166c-2.322 6.192-4.837 11.997-7.15
Action.c(35):     9 17.995-2.504 6.133-5.492 11.423-9.048 16.27l0.147-0.21c-3.502 4.636-7.74 8.503-12.575 11
Action.c(35):     .497l-0.196 0.113c-5.146 2.705-11.244 4.292-17.713 4.292-0.576 0-1.148-0.013-1.718-0.037l0
Action.c(35):     .081 0.003c-0.167 0.002-0.364 0.003-0.561 0.003-5.531 0-10.863-0.85-15.874-2.427l0.374 0.1
Action.c(35):     02c-5.020-1.607-9.385-3.844-13.294-6.673l0.136 0.094z",\n
Action.c(35):             "M2103.534 757.164c-17.221 0-30.573 0-38.7 0h-7.353c-17.995 0-27.864 0-29.605 0-5.
Action.c(35):     418 0-7.353 1.935-7.353 4.644s6.385 3.483 16.254 5.418 9.094 4.45 9.094 14.319v140.674c0 1
Action.c(35):     5.286 0 19.35-11.803 21.672-8.127 0-15.286-0.967-15.286 4.45s2.709 5.418 8.127 5.418 17.02
Action.c(35):     8-1.741 35.217-1.741 31.54 1.741 36.958 1.741 8.127-1.741 8.127-5.418-7.353-3.676-14.512-5
Action.c(35):     .418c-11.803-2.709-11.803-7.159-11.803-21.672v-46.827c0-4.45 0-6.385 3.676-6.385 7.082 3.0
Action.c(35):     69 15.329 4.854 23.993 4.854 4.246 0 8.391-0.429 12.395-1.245l-0.397 0.068c28.568-4.365 50
Action.c(35):     .238-28.637 50.503-58.022l0-0.028c0-36.958-23.413-56.889-67.531-56.889zM2100.825 861.847c-
Action.c(35):     11.803 0-19.35-3.676-19.35-11.803v-68.499c0-11.61 2.709-15.286 18.189-15.286 19.35 0 35.02
Action.c(35):     3 19.35 35.023 46.827s-13.545 48.762-33.282 48.762z",\n
Action.c(35):             "M2211.701 873.457h82.818c9.094 0 13.545 0 13.545-7.159-1.169-31.138-26.694-55.938
Action.c(35):     -58.011-55.938-0.49 0-0.978 0.006-1.465 0.018l0.072-0.001c-1.362-0.093-2.951-0.146-4.553-0
Action.c(35):     .146-39.327 0-71.208 31.881-71.208 71.208 0 1.345 0.037 2.68 0.111 4.006l-0.008-0.184c-0.1
Action.c(35):     82 1.878-0.286 4.060-0.286 6.266 0 37.938 30.755 68.692 68.692 68.692 1.122 0 2.237-0.027 
Action.c(35):     3.345-0.080l-0.156 0.006c0.9 0.039 1.955 0.061 3.015 0.061 19.297 0 36.872-7.375 50.059-19
Action.c(35):     .461l-0.055 0.050c7.353-6.385 10.062-10.836 10.062-14.319s0-3.676-3.676-3.676c-11.607 10.7
Action.c(35):     22-27.027 17.467-44.014 17.993l-0.104 0.003c-29.178-0.818-52.519-24.666-52.519-53.966 0-1.
Action.c(35):     915 0.1-3.807 0.294-5.671l-0.020 0.233v-2.709c0-3.676 0-4.644 4.45-4.644zM2209.959 860.88v
Action.c(35):     -5.418c3.676-16.254 9.094-35.991 38.7-35.991 22.446 0 25.155 17.028 25.155 27.864 0 17.995
Action.c(35):     -8.901 16.254-33.282 16.254h-25.155c-3.676 0-5.418-0.967-5.418-2.709z",\n
Action.c(35):             "M2462.283 936.538c0.003-0.059 0.005-0.128 0.005-0.198 0-2.351-1.906-4.257-4.257-4
Action.c(35):     .257-0.070 0-0.139 0.002-0.208 0.005l0.010-0c-4.644 0-9.094 7.159-15.48 7.159s-9.868-7.159
Action.c(35):     -9.868-20.704v-71.982c0-26.122-6.192-36.184-37.732-36.184-41.602 0-70.434 25.348-70.434 43
Action.c(35):     .344 0 2.709 2.709 5.418 7.159 5.418 15.48 0 19.35-8.127 26.316-19.35s13.351-20.704 26.896
Action.c(35):     -20.704 15.48 7.159 15.48 25.155v13.545c0 4.45 0 6.385-4.644 7.159l-9.868 3.676c-39.667 15
Action.c(35):     .286-61.339 28.831-61.339 55.921 0 15.286 7.159 33.282 27.090 33.282 14.915-1.367 28.235-7
Action.c(35):     .284 38.793-16.332l-0.093 0.078 8.127-5.418h1.935c3.383 11.836 13.601 20.552 26.008 21.664
Action.c(35):     l0.114 0.008c0.015 0 0.034 0 0.052 0 15.505 0 28.982-8.684 35.832-21.455l0.106-0.217zM2400
Action.c(35):     .943 911.383c-0.418 14.79-12.3 26.672-27.051 27.089l-0.039 0.001c-14.319 0-17.995-11.803-1
Action.c(35):     7.995-24.381 1.396-15.527 11.777-28.312 25.851-33.2l0.272-0.082 12.771-5.418c1.006-0.561 2
Action.c(35):     .198-0.913 3.467-0.967l0.016-0.001s1.935 0.967 1.935 3.676v33.282z",\n
Action.c(35):             "M2562.322 810.376c-0.391-0.009-0.851-0.015-1.313-0.015-16.525 0-31.438 6.905-42.0
Action.c(35):     09 17.987l-3.505 3.699s-1.741 1.741-2.709 1.741c-0.962 0-1.741-0.78-1.741-1.741h0v-15.286c
Action.c(35):     0-4.45-0.967-6.385-3.676-6.385s-10.836 9.094-27.090 17.221c-9.868 5.418-17.995 5.418-17.99
Action.c(35):     5 10.836s6.385 2.709 10.836 5.418 6.385 5.418 6.385 14.319v140.674c0 8.127-1.935 10.836-8.
Action.c(35):     127 13.545s-14.512 0-14.512 7.159c0 2.709 1.935 4.45 6.385 4.45s16.254-1.741 32.508-1.741 
Action.c(35):     25.155 1.741 35.023 1.741c5.418 0 8.127-1.741 8.127-4.45 0-7.159-7.159-4.45-17.028-7.159s-
Action.c(35):     9.094-4.644-9.094-13.545v-44.118l1.741-0.967c9.855 4.39 21.34 7.010 33.42 7.159l0.055 0.00
Action.c(35):     1c0.986 0.046 2.141 0.072 3.303 0.072 41.999 0 76.045-34.047 76.045-76.045 0-0.502-0.005-1
Action.c(35):     .002-0.015-1.501l0.001 0.075c0.153-1.693 0.24-3.661 0.24-5.65 0-35.962-28.519-65.263-64.17
Action.c(35):     4-66.522l-0.115-0.003zM2542.972 950.083c-19.35 0-31.734-9.868-31.734-28.831v-58.050c0-20.7
Action.c(35):     04 10.062-30.573 31.734-30.573 30.573 0 51.277 22.446 51.277 58.050 0.231 1.863 0.363 4.01
Action.c(35):     8 0.363 6.205 0 28.972-23.153 52.536-51.966 53.198l-0.062 0.001z",\n
Action.c(35):             "M2969.832 932.088c-1.935 0-6.385 6.385-11.803 6.385s-5.418-3.676-5.418-12.577v-16
Action.c(35):     1.379c0-8.127 0-15.286 0-20.704s0-6.385-4.644-6.385c-7.519 3.637-16.744 7.31-26.24 10.382l
Action.c(35):     -1.624 0.454c-10.836 2.709-17.995 3.483-17.995 8.127s5.418 2.709 11.61 5.418 6.385 4.45 6.
Action.c(35):     385 11.61v36.958c0 2.709-0.967 4.644-2.709 4.644v0l-5.418-1.935c-7.761-2.212-16.674-3.483-
Action.c(35):     25.884-3.483-0.084 0-0.168 0-0.252 0l0.013-0c-0.576-0.015-1.255-0.024-1.935-0.024-42.747 0
Action.c(35):     -77.4 34.653-77.4 77.4 0 0.009 0 0.017 0 0.026l-0-0.001c-0.034 0.817-0.054 1.775-0.054 2.7
Action.c(35):     38 0 38.258 31.015 69.273 69.273 69.273 0.699 0 1.397-0.010 2.091-0.031l-0.102 0.002c15.97
Action.c(35):     7-0.304 30.652-5.631 42.577-14.461l-0.2 0.142c2.709 0 3.676 13.545 9.094 13.545s14.512-6.3
Action.c(35):     85 34.249-11.803c6.385-1.741 9.868-1.741 9.868-9.094 0.014-0.128 0.022-0.276 0.022-0.426 0
Action.c(35):     -2.047-1.514-3.741-3.484-4.022l-0.022-0.003zM2921.844 914.092c0 21.672-1.935 30.573-24.381
Action.c(35):      30.573-0.844 0.049-1.831 0.076-2.825 0.076-28.961 0-52.438-23.477-52.438-52.438 0-2.004 0
Action.c(35):     .112-3.981 0.331-5.926l-0.022 0.239c0-40.635 21.672-66.757 48.568-66.757s30.766 15.286 30.
Action.c(35):     766 46.827v47.794z",\n
Action.c(35):             "M2794.909 882.552c0.005 0.345 0.009 0.753 0.009 1.161 0 43.388-35.173 78.561-78.5
Action.c(35):     61 78.561s-78.561-35.173-78.561-78.561c0-43.388 35.173-78.561 78.561-78.561 0.065 0 0.13 0
Action.c(35):      0.195 0l-0.010-0c0.002-0 0.004-0 0.006-0 42.941 0 77.815 34.537 78.361 77.348l0.001 0.052
Action.c(35):     z",\n
Action.c(35):             "M2992.278 769.935c-0.058 0.001-0.125 0.001-0.193 0.001-10.045 0-18.189-8.143-18.1
Action.c(35):     89-18.189s8.143-18.189 18.189-18.189c10.045 0 18.188 8.143 18.189 18.188l0 0c0 0 0 0.001 0
Action.c(35):      0.001 0 9.977-8.034 18.079-17.985 18.188l-0.010 0zM2992.278 736.46c-0.057-0.001-0.125-0.0
Action.c(35):     01-0.192-0.001-8.549 0-15.48 6.931-15.48 15.48s6.931 15.48 15.48 15.48c8.549 0 15.48-6.931
Action.c(35):      15.48-15.48 0-0.068-0-0.135-0.001-0.203l0 0.010c-0.308-8.316-6.971-14.978-15.258-15.286l-
Action.c(35):     0.029-0.001zM2996.729 762.582l-5.418-8.127h-3.483v8.127h-2.709v-20.704h8.127c0.001-0 0.002
Action.c(35):     -0 0.003-0 3.42 0 6.192 2.772 6.192 6.192 0 0.068-0.001 0.136-0.003 0.203l0-0.010c-0.139 3
Action.c(35):     .105-2.41 5.641-5.378 6.186l-0.040 0.006 5.418 8.127zM2994.020 743.232h-5.418v7.933h5.418c
Action.c(35):     1.928-0.090 3.481-1.577 3.675-3.467l0.001-0.016c-0.091-2.034-1.663-3.674-3.66-3.869l-0.017
Action.c(35):     -0.001z",\n
Action.c(35):             "M337.463 168.732c0 93.188-75.544 168.732-168.732 168.732s-168.732-75.544-168.732-
Action.c(35):     168.732c0-93.188 75.544-168.732 168.732-168.732s168.732 75.544 168.732 168.732z",\n
Action.c(35):             "M337.463 549.152c0 93.188-75.544 168.732-168.732 168.732s-168.732-75.544-168.732-
Action.c(35):     168.732c0-93.188 75.544-168.732 168.732-168.732s168.732 75.544 168.732 168.732z",\n
Action.c(35):             "M415.831 483.749l54.954-65.79c31.3 26.115 71.751 42.218 115.941 42.955l0.159 0.00
Action.c(35):     2c26.896 0 41.409-9.288 41.409-24.381v0c0-15.286-11.997-22.833-60.759-34.636-76.045-17.802
Action.c(35):     -135.45-38.7-135.45-111.456v0c-0.193-68.499 51.664-116.293 138.159-116.293 2.685-0.116 5.8
Action.c(35):     36-0.181 9.001-0.181 52.236 0 100.286 17.92 138.338 47.949l-0.473-0.36-48.955 68.692c-27.3
Action.c(35):     57-21.058-61.934-33.978-99.502-34.634l-0.151-0.002c-23.607 0-35.41 9.288-35.41 22.833v0c0 
Action.c(35):     16.060 11.803 23.607 62.5 34.636 81.85 17.608 132.354 44.698 132.354 111.262v1.354c0 72.56
Action.c(35):     2-58.050 116.1-144.157 116.1-2.379 0.082-5.176 0.128-7.983 0.128-61.081 0-117.027-21.991-1
Action.c(35):     60.351-58.486l0.376 0.309z",\n
Action.c(35):             "M872.296 266.642h-114.745v-86.881h328.949v86.881h-114.745v270.899h-99.459z",\n
Action.c(35):             "M1108.366 359.329v0c1.040-102.76 84.585-185.662 187.492-185.662 2.113 0 4.217 0.0
Action.c(35):     35 6.313 0.104l-0.305-0.008c2.020-0.079 4.391-0.124 6.773-0.124 101.951 0 184.599 82.648 1
Action.c(35):     84.599 184.599 0 0.044-0 0.087-0 0.131l0-0.007v0.967c-0.928 102.74-84.43 185.669-187.3 185
Action.c(35):     .669-2.18 0-4.351-0.037-6.513-0.111l0.314 0.009c-1.788 0.062-3.889 0.097-5.999 0.097-102.3
Action.c(35):     78 0-185.373-82.994-185.373-185.373 0-0.102 0-0.204 0-0.306l-0 0.016zM1391.069 359.329v0c0
Action.c(35):     .143-1.917 0.225-4.152 0.225-6.406 0-50.441-40.891-91.332-91.332-91.332s-91.332 40.891-91.
Action.c(35):     332 91.332c0 1.913 0.059 3.813 0.175 5.697l-0.013-0.258v0.967c-0.062 1.271-0.098 2.761-0.0
Action.c(35):     98 4.258 0 50.913 41.136 92.218 91.984 92.491l0.026 0c0.005 0 0.012 0 0.018 0 50.014 0 90.
Action.c(35):     558-40.544 90.558-90.558 0-2.179-0.077-4.34-0.228-6.48l0.016 0.288z",\n
Action.c(35):             "M1543.74 179.761h153.445c89.59 0 147.64 46.246 147.64 124.807v0c0 84.366-64.822 1
Action.c(35):     29.064-152.671 129.064h-49.729v102.168h-99.459v-356.039zM1689.639 356.813c34.636 0 56.502-
Action.c(35):     19.35 56.502-47.214v0c0-30.379-21.865-46.44-58.050-46.44h-46.44v94.428z",\n
Action.c(35):             "M2225.246 483.749l54.954-65.79c31.3 26.115 71.751 42.218 115.941 42.955l0.159 0.0
Action.c(35):     02c26.896 0 41.215-9.288 41.215-24.381v0c0-15.286-11.803-22.833-60.565-34.636-76.045-17.80
Action.c(35):     2-135.45-38.7-135.45-111.456v0c0-66.564 52.245-113.971 138.352-113.971 2.685-0.116 5.836-0
Action.c(35):     .181 9.001-0.181 52.236 0 100.286 17.92 138.338 47.949l-0.473-0.36-49.923 67.918c-27.34-20
Action.c(35):     .917-61.836-33.757-99.301-34.441l-0.158-0.002c-23.607 0-35.41 9.288-35.41 22.639v0c0 16.06
Action.c(35):     0 12.577 23.607 62.307 34.443 81.85 17.802 132.547 44.892 132.547 111.456v0c0 72.562-58.05
Action.c(35):     0 116.1-144.351 116.1-1.359 0.026-2.961 0.041-4.566 0.041-61.953 0-118.766-22.007-163.048-
Action.c(35):     58.63l0.43 0.346z",\n
Action.c(35):             "M2591.54 179.761h98.104v133.128h116.1v-133.128h98.685v356.813h-98.685v-135.45h-11
Action.c(35):     6.1v135.45h-98.685z",\n
Action.c(35):             "M2957.642 359.329v0c0.928-102.74 84.43-185.669 187.3-185.669 2.18 0 4.351 0.037 6
Action.c(35):     .513 0.111l-0.314-0.009c2.078-0.084 4.517-0.132 6.967-0.132 101.725 0 184.232 82.282 184.5
Action.c(35):     97 183.921l0 0.035c-0.931 102.844-84.518 185.856-187.494 185.856-2.112 0-4.216-0.035-6.311
Action.c(35):     -0.104l0.305 0.008c-2.136 0.089-4.642 0.139-7.16 0.139-101.757 0-184.264-82.42-184.405-184
Action.c(35):     .144l-0-0.013zM3240.151 359.329v0c0.143-1.917 0.225-4.152 0.225-6.406 0-50.441-40.891-91.3
Action.c(35):     32-91.332-91.332s-91.332 40.891-91.332 91.332c0 1.913 0.059 3.813 0.175 5.697l-0.013-0.258
Action.c(35):     v0.967c-0.057 1.213-0.089 2.635-0.089 4.065 0 51.017 41.217 92.406 92.168 92.685l0.027 0c4
Action.c(35):     9.938-0.1 90.383-40.606 90.383-90.558 0-2.179-0.077-4.34-0.228-6.48l0.016 0.288z",\n
Action.c(35):             "M3392.822 179.761h153.639c89.397 0 147.64 46.246 147.64 124.807v0c0 84.366-65.016
Action.c(35):      129.064-152.671 129.064h-49.923v102.168h-98.685zM3538.721 356.813c34.636 0 56.695-19.35 5
Action.c(35):     6.695-47.214v0c0-30.379-22.059-46.44-58.050-46.44h-46.633v94.428z",\n
Action.c(35):             "M2113.209 536.574l-27.090-27.090c-9.586 10.639-21.249 19.203-34.374 25.088l-0.649
Action.c(35):      0.26c-16.091 7.421-34.914 11.765-54.747 11.803l-0.014 0c-15.32-0.029-30.197-1.862-44.451-
Action.c(35):     5.296l1.3 0.265c-14.77-4.646-27.618-11.234-39.075-19.612l0.375 0.262c-10.576-8.051-19.123-
Action.c(35):     18.206-25.119-29.887l-0.23-0.492c-6.337-11.714-10.062-25.642-10.062-40.441 0-0 0-0 0-0.001
Action.c(35):     l-0 0c0.019-10.612 1.861-20.787 5.228-30.238l-0.197 0.633c3.723-9.161 8.892-17 15.306-23.6
Action.c(35):     27l-0.019 0.020c6.261-7.477 13.464-13.88 21.494-19.123l0.371-0.227c7.084-4.518 15.399-9.03
Action.c(35):     9 24.024-13l1.324-0.545c-9.090-8.843-16.719-19.128-22.528-30.497l-0.305-0.656c-5.343-9.798
Action.c(35):     -8.484-21.459-8.484-33.855 0-1.705 0.059-3.396 0.176-5.071l-0.013 0.226c-0.076-1.215-0.12-
Action.c(35):     2.634-0.12-4.064 0-12.132 3.127-23.533 8.62-33.442l-0.18 0.354c11.847-20.092 31.353-34.595
Action.c(35):      54.405-39.568l0.549-0.099c10.085-2.65 21.664-4.171 33.597-4.171 13.253 0 26.068 1.877 38.
Action.c(35):     194 5.379l-0.97-0.24c11.877 3.558 22.23 8.708 31.475 15.311l-0.321-0.218c9.222 6.818 16.61
Action.c(35):     9 15.578 21.679 25.709l0.187 0.413c5.402 10.925 8.562 23.787 8.562 37.388 0 9.603-1.575 18
Action.c(35):     .837-4.482 27.46l0.177-0.606c-3.14 8.498-7.746 15.78-13.569 21.891l0.024-0.025c-5.668 7.31
Action.c(35):     9-12.031 13.682-19.108 19.17l-0.242 0.18c-6.772 5.031-14.319 9.288-21.091 13.545l32.895 33
Action.c(35):     .669 29.412-42.957h82.818l-66.757 89.397 77.4 75.078zM1987.435 408.284c-8.143 3.717-15.118
Action.c(35):      8.524-21.11 14.337l0.019-0.018c-6.256 6.028-10.141 14.48-10.141 23.838 0 0.804 0.029 1.60
Action.c(35):     1 0.085 2.39l-0.006-0.106c-0.015 0.341-0.023 0.74-0.023 1.142 0 4.826 1.227 9.365 3.386 13
Action.c(35):     .323l-0.073-0.146c2.563 5.06
Action.c(35): t=8087ms: 12288-byte DECODED response body for "https://stage.peapod.com/shop/images/icons/PeapodIcons.json" (RelFrameId=1, Internal ID=3)
Action.c(35):     1 6.013 9.315 10.185 12.716l0.070 0.055c7.453 6.212 17.113 10.003 27.658 10.062l0.013 0c0.
Action.c(35):     274 0.005 0.596 0.008 0.919 0.008 17.291 0 32.62-8.4 42.129-21.341l0.102-0.145zM2042.389 2
Action.c(35):     99.537c0.037-0.525 0.057-1.139 0.057-1.757 0-14.534-11.529-26.376-25.94-26.88l-0.046-0.001
Action.c(35):     h-4.063c-0.175-0.004-0.38-0.006-0.586-0.006-7.978 0-15.213 3.176-20.512 8.333l0.007-0.006c
Action.c(35):     -4.68 4.572-7.583 10.947-7.583 18 0 0.475 0.013 0.947 0.039 1.415l-0.003-0.065c-0.006 0.23
Action.c(35):     7-0.010 0.516-0.010 0.796 0 6.942 2.176 13.377 5.884 18.658l-0.069-0.104c4.637 7.85 10.231
Action.c(35):      14.553 16.739 20.235l0.096 0.082c9.83-3.869 18.252-9.307 25.381-16.091l-0.032 0.031c6.349
Action.c(35):     -5.22 10.367-13.076 10.367-21.87 0-0.884-0.041-1.759-0.12-2.622l0.008 0.111z",\n
Action.c(35):             "M3657.143 492.65h-17.608v-11.029h48.762v11.029h-17.608v44.698h-12.771v-44.698z",\n
Action.c(35):             "M3695.843 481.621h11.803l14.319 26.122 14.319-26.122h11.803l2.515 55.728h-12.577l
Action.c(35):     -1.741-36.184-11.029 21.285h-6.772l-11.803-21.091-1.741 36.184h-11.803z"\n
Action.c(35):           ],\n
Action.c(35):           "attrs": [\n
Action.c(35):             {\n
Action.c(35):               "fill": "rgb(99, 102, 106)"\n
Action.c(35):             },\n
Action.c(35):             {\n
Action.c(35):               "fill": "rgb(99, 102, 106)"\n
Action.c(35):             },\n
Action.c(35):             {\n
Action.c(35):               "fill": "rgb(99, 102, 106)"\n
Action.c(35):             },\n
Action.c(35):             {\n
Action.c(35):               "fill": "rgb(99, 102, 106)"\n
Action.c(35):             },\n
Action.c(35):             {\n
Action.c(35):               "fill": "rgb(99, 102, 106)"\n
Action.c(35):             },\n
Action.c(35):             {\n
Action.c(35):               "fill": "rgb(99, 102, 106)"\n
Action.c(35):             },\n
Action.c(35):             {\n
Action.c(35):               "fill": "rgb(99, 102, 106)"\n
Action.c(35):             },\n
Action.c(35):             {\n
Action.c(35):               "fill": "rgb(99, 102, 106)"\n
Action.c(35):             },\n
Action.c(35):             {\n
Action.c(35):               "fill": "rgb(99, 102, 106)"\n
Action.c(35):             },\n
Action.c(35):             {\n
Action.c(35):               "fill": "rgb(51, 51, 51)"\n
Action.c(35):             },\n
Action.c(35):             {\n
Action.c(35):               "fill": "rgb(51, 51, 51)"\n
Action.c(35):             },\n
Action.c(35):             {\n
Action.c(35):               "fill": "rgb(54, 54, 54)"\n
Action.c(35):             },\n
Action.c(35):             {\n
Action.c(35):               "fill": "rgb(51, 51, 51)"\n
Action.c(35):             },\n
Action.c(35):             {\n
Action.c(35):               "fill": "rgb(51, 51, 51)"\n
Action.c(35):             },\n
Action.c(35):             {\n
Action.c(35):               "fill": "rgb(94, 160, 0)"\n
Action.c(35):             },\n
Action.c(35):             {\n
Action.c(35):               "fill": "rgb(51, 51, 51)"\n
Action.c(35):             },\n
Action.c(35):             {\n
Action.c(35):               "fill": "rgb(224, 0, 77)"\n
Action.c(35):             },\n
Action.c(35):             {\n
Action.c(35):               "fill": "rgb(139, 196, 0)"\n
Action.c(35):             },\n
Action.c(35):             {\n
Action.c(35):               "fill": "rgb(99, 102, 106)"\n
Action.c(35):             },\n
Action.c(35):             {\n
Action.c(35):               "fill": "rgb(99, 102, 106)"\n
Action.c(35):             },\n
Action.c(35):             {\n
Action.c(35):               "fill": "rgb(99, 102, 106)"\n
Action.c(35):             },\n
Action.c(35):             {\n
Action.c(35):               "fill": "rgb(99, 102, 106)"\n
Action.c(35):             },\n
Action.c(35):             {\n
Action.c(35):               "fill": "rgb(99, 102, 106)"\n
Action.c(35):             },\n
Action.c(35):             {\n
Action.c(35):               "fill": "rgb(99, 102, 106)"\n
Action.c(35):             },\n
Action.c(35):             {\n
Action.c(35):               "fill": "rgb(99, 102, 106)"\n
Action.c(35):             },\n
Action.c(35):             {\n
Action.c(35):               "fill": "rgb(99, 102, 106)"\n
Action.c(35):             },\n
Action.c(35):             {\n
Action.c(35):               "fill": "rgb(99, 102, 106)"\n
Action.c(35):             },\n
Action.c(35):             {\n
Action.c(35):               "fill": "rgb(99, 102, 106)"\n
Action.c(35):             },\n
Action.c(35):             {\n
Action.c(35):               "fill": "rgb(99, 102, 106)"\n
Action.c(35):             }\n
Action.c(35):           ],\n
Action.c(35):           "width": 3751,\n
Action.c(35):           "isMulticolor": true,\n
Action.c(35):           "grid": 32,\n
Action.c(35):           "tags": [\n
Action.c(35):             "stop-and-shop-powered-by-peapod"\n
Action.c(35):           ]\n
Action.c(35):         },\n
Action.c(35):         {\n
Action.c(35):           "paths": [\n
Action.c(35):             "M68.267 324.267v392.533h34.133v-392.533h-34.133zM921.6 324.267v392.533h34.133v-39
Action.c(35):     2.533h-34.133zM580.267 324.267v392.533h51.2v-392.533h-51.2zM256 324.267h17.067v392.533h-17
Action.c(35):     .067v-392.533zM392.533 324.267h17.067v392.533h-17.067v-392.533zM785.067 324.267h17.067v392
Action.c(35):     .533h-17.067v-392.533zM580.267 324.267h17.067v392.533h-17.067v-392.533z"\n
Action.c(35):           ],\n
Action.c(35):           "attrs": [\n
Action.c(35):             {\n
Action.c(35):               "fill": "none",\n
Action.c(35):               "strokeLinejoin": "round",\n
Action.c(35):               "strokeLinecap": "round",\n
Action.c(35):               "strokeMiterlimit": "4",\n
Action.c(35):               "strokeWidth": 34.13333333333333\n
Action.c(35):             }\n
Action.c(35):           ],\n
Action.c(35):           "grid": 32,\n
Action.c(35):           "tags": [\n
Action.c(35):             "barcode-icon"\n
Action.c(35):           ]\n
Action.c(35):         },\n
Action.c(35):         {\n
Action.c(35):           "paths": [\n
Action.c(35):             "M253.897 985.763h661.126v-367.462h-661.126zM253.897 307.812h661.126v-267.662h-661
Action.c(35):     .126zM186.217 618.3h796.105M255.809 786.163h-132.684c-0.114 0.001-0.249 0.001-0.383 0.001-
Action.c(35):     46.671 0-84.505-37.834-84.505-84.505 0-0.135 0-0.269 0.001-0.404l-0 0.021v-305.9c0-46.882 
Action.c(35):     38.005-84.887 84.887-84.887v0h922.288c46.882 0 84.887 38.005 84.887 84.887v0 305.9c0.001 0
Action.c(35):     .114 0.001 0.249 0.001 0.383 0 46.671-37.834 84.505-84.505 84.505-0.135 0-0.269-0-0.404-0.
Action.c(35):     001l0.021 0h-130.39"\n
Action.c(35):           ],\n
Action.c(35):           "attrs": [\n
Action.c(35):             {\n
Action.c(35):               "fill": "none",\n
Action.c(35):               "strokeLinejoin": "miter",\n
Action.c(35):               "strokeLinecap": "square",\n
Action.c(35):               "strokeMiterlimit": "10",\n
Action.c(35):               "strokeWidth": 76.47498132935026\n
Action.c(35):             }\n
Action.c(35):           ],\n
Action.c(35):           "width": 1169,\n
Action.c(35):           "grid": 32,\n
Action.c(35):           "tags": [\n
Action.c(35):             "Print"\n
Action.c(35):           ]\n
Action.c(35):         },\n
Action.c(35):         {\n
Action.c(35):           "paths": [\n
Action.c(35):             "M144.291 437.527l172.218 162.909c9.309 9.309 13.964 27.927 9.309 41.891l-41.891 2
Action.c(35):     32.727 209.455-111.709c13.964-9.309 27.927-9.309 41.891 0l209.455 111.709-41.891-232.727c-
Action.c(35):     4.655-13.964 0-27.927 13.964-41.891l172.218-162.909-232.727-32.582c-13.964 0-27.927-9.309-
Action.c(35):     32.582-23.273l-111.709-209.455-102.4 209.455c-4.655 13.964-18.618 23.273-32.582 27.927l-23
Action.c(35):     2.727 27.927zM800.582 1000.727c-9.309 0-13.964 0-23.273-4.655l-265.309-144.291-269.964 144
Action.c(35):     .291c-13.964 9.309-32.582 4.655-46.545-4.655s-18.618-27.927-18.618-41.891l55.855-302.545-2
Action.c(35):     18.764-209.455c-13.964-9.309-18.618-27.927-13.964-46.545 4.655-13.964 18.618-27.927 37.236
Action.c(35):     -32.582l302.545-41.891 130.327-269.964c9.309-13.964 23.273-23.273 41.891-23.273s32.582 9.3
Action.c(35):     09 41.891 23.273l130.327 274.618 302.545 41.891c18.618 0 32.582 13.964 37.236 32.582 4.655
Action.c(35):      13.964 0 32.582-9.309 46.545l-223.418 204.8 55.855 297.891c4.655 18.618-4.655 32.582-18.6
Action.c(35):     18 41.891-9.309 9.309-18.618 13.964-27.927 13.964v0z"\n
Action.c(35):           ],\n
Action.c(35):           "attrs": [\n
Action.c(35):             {\n
Action.c(35):               "fill": "rgb(189, 189, 189)"\n
Action.c(35):             }\n
Action.c(35):           ],\n
Action.c(35):           "grid": 32,\n
Action.c(35):           "tags": [\n
Action.c(35):             "icon_rewards"\n
Action.c(35):           ]\n
Action.c(35):         },\n
Action.c(35):         {\n
Action.c(35):           "paths": [\n
Action.c(35):             "M784.461 342.847l-362.146 361.011-160.071-161.206",\n
Action.c(35):             "M512 34.058c263.379 0 477.942 214.563 477.942 477.942s-214.563 477.942-477.942 47
Action.c(35):     7.942-477.942-214.563-477.942-477.942 214.563-477.942 477.942-477.942zM512 11.353c-277.002
Action.c(35):      0-500.647 223.645-500.647 500.647s223.645 500.647 500.647 500.647 500.647-223.645 500.647
Action.c(35):     -500.647-224.78-500.647-500.647-500.647v0z"\n
Action.c(35):           ],\n
Action.c(35):           "attrs": [\n
Action.c(35):             {\n
Action.c(35):               "fill": "none",\n
Action.c(35):               "stroke": "rgb(0, 0, 0)",\n
Action.c(35):               "strokeLinejoin": "round",\n
Action.c(35):               "strokeLinecap": "round",\n
Action.c(35):               "strokeMiterlimit": "4",\n
Action.c(35):               "strokeWidth": 22.705099778270508\n
Action.c(35):             },\n
Action.c(35):             {}\n
Action.c(35):           ],\n
Action.c(35):           "isMulticolor2": true,\n
Action.c(35):           "grid": 32,\n
Action.c(35):           "tags": [\n
Action.c(35):             "Coupon Fulfilled (3)"\n
Action.c(35):           ]\n
Action.c(35):         },\n
Action.c(35):         {\n
Action.c(35):           "paths": [\n
Action.c(35):             "M1024 511.988c0-282.758-229.232-511.988-512-511.988s-512 229.23-512 511.988c0 282
Action.c(35):     .778 229.228 512.012 512 512.012s512-229.234 512-512.012zM938.667 511.988c0 235.651-191.02
Action.c(35):     3 426.679-426.667 426.679s-426.667-191.028-426.667-426.679c0-235.63 191.027-426.654 426.66
Action.c(35):     7-426.654s426.667 191.025 426.667 426.654zM469.338 725.168c0 23.564 19.103 42.666 42.667 4
Action.c(35):     2.666s42.666-19.103 42.666-42.667l-0.004-234.5c-0-23.564-19.103-42.666-42.667-42.666s-42.6
Action.c(35):     66 19.103-42.666 42.667l0.004 234.5zM469.338 338.164c0 25.314 19.103 45.836 42.667 45.836s
Action.c(35):     42.667-20.521 42.667-45.836v-36.329c0-25.314-19.103-45.836-42.667-45.836s-42.667 20.521-42
Action.c(35):     .667 45.836v36.329z"\n
Action.c(35):           ],\n
Action.c(35):           "grid": 32,\n
Action.c(35):           "tags": [\n
Action.c(35):             "Information"\n
Action.c(35):           ]\n
Action.c(35):         },\n
Action.c(35):         {\n
Action.c(35):           "paths": [\n
Action.c(35):             "M784.722 342.507l-361.813 361.813-160.919-160.919",\n
Action.c(35):             "M1012.757 512.057c0 276.529-224.171 500.7-500.7 500.7s-500.7-224.171-500.7-500.7c
Action.c(35):     0-276.529 224.171-500.7 500.7-500.7s500.7 224.171 500.7 500.7z"\n
Action.c(35):           ],\n
Action.c(35):           "attrs": [\n
Action.c(35):             {\n
Action.c(35):               "fill": "none",\n
Action.c(35):               "strokeLinejoin": "round",\n
Action.c(35):               "strokeLinecap": "round",\n
Action.c(35):               "strokeMiterlimit": "4",\n
Action.c(35):               "strokeWidth": 22.712653876011977\n
Action.c(35):             },\n
Action.c(35):             {\n
Action.c(35):               "fill": "none",\n
Action.c(35):               "strokeLinejoin": "round",\n
Action.c(35):               "strokeLinecap": "round",\n
Action.c(35):               "strokeMiterlimit": "4",\n
Action.c(35):               "strokeWidth": 22.712653876011977\n
Action.c(35):             }\n
Action.c(35):           ],\n
Action.c(35):           "grid": 32,\n
Action.c(35):           "tags": [\n
Action.c(35):             "Coupon Fulfilled (1)"\n
Action.c(35):           ]\n
Action.c(35):         },\n
Action.c(35):         {\n
Action.c(35):           "paths": [\n
Action.c(35):             "M503.338 967.625c-90.684-0.744-177.774-4.25-264.409-15.031-68.949-8.581-137.322-2
Action.c(35):     0.427-202.619-46.063-26.919-10.57-27.716-13.009-25.235-42.49 5.227-62.146 22.653-120.263 5
Action.c(35):     3.607-173.983 21.469-37.258 50.385-67.769 88.401-86.136 57.769-27.914 117.025-52.597 175.5
Action.c(35):     63-78.856 6.014-2.697 8.349 0.352 11.466 4.633 32.98 45.29 75.195 76.285 130.077 87.273 43
Action.c(35):     .529 8.715 83.779-1.163 121.604-23.428 27.254-16.043 50.122-37.31 68.418-63.473 4.228-6.04
Action.c(35):     3 7.803-7.014 14.314-4.172 47.237 20.605 94.513 41.122 141.967 61.199 77.327 32.717 125.01
Action.c(35):     0 92.571 151.597 172.196 12.748 38.174 20.972 77.196 22.532 117.568 0.615 15.84-1.787 19.4
Action.c(35):     84-15.743 25.458-49.923 21.362-102.349 33.197-155.459 41.99-105.818 17.523-212.562 22.229-
Action.c(35):     316.082 23.315z",\n
Action.c(35):             "M522.186 0.631c56.894 2.034 109.892 14.249 153.114 54.028 40.265 37.061 58.294 84
Action.c(35):     .66 60.776 138.759 1.121 24.417 0.457 48.915 0.831 73.374 0.050 3.298 0.343 8.224 2.372 9.
Action.c(35):     606 17.756 12.091 18.745 30.989 19.45 49.423 2.074 54.046-19.411 98.934-53.734 138.71-4.34
Action.c(35):     7 5.037-7.981 11.3-10.096 17.631-19.094 57.15-51.467 103.316-105.724 130.992-61.785 31.515
Action.c(35):     -125.083 17.367-176.079-27.841-31.678-28.080-52.096-63.646-65.040-103.991-1.834-5.712-5.06
Action.c(35):     3-11.418-8.996-15.914-33.568-38.361-55.223-81.739-54.66-134.162 0.217-20.149 0.101-41.010 
Action.c(35):     19.266-54.812 1.663-1.195 1.437-5.752 1.324-8.717-1.332-34.633-1.404-69.132 8.020-102.922 
Action.c(35):     5.226-18.749 12.776-35.981 26.928-49.874 3.112-3.059 4.883-8.302 5.731-12.835 6.229-33.375
Action.c(35):      24.932-56.777 54.524-71.866 38.546-19.657 79.644-28.277 121.996-29.588z"\n
Action.c(35):           ],\n
Action.c(35):           "width": 978,\n
Action.c(35):           "grid": 32,\n
Action.c(35):           "tags": [\n
Action.c(35):             "person"\n
Action.c(35):           ]\n
Action.c(35):         },\n
Action.c(35):         {\n
Action.c(35):           "paths": [\n
Action.c(35):             "M1196.16 986.24h-1196.16v-128h1196.16zM1196.16 556.8h-1196.16v-128h1196.16zM1196.
Action.c(35):     16 127.36h-1196.16v-127.36h1196.16z"\n
Action.c(35):           ],\n
Action.c(35):           "width": 1216,\n
Action.c(35):           "grid": 32,\n
Action.c(35):           "tags": [\n
Action.c(35):             "menu"\n
Action.c(35):           ]\n
Action.c(35):         },\n
Action.c(35):         {\n
Action.c(35):           "paths": [\n
Action.c(35):             "M307.198 679.93c-18.432 0-24.576 12.308-24.576 28.672v69.652h-180.224v-411.668c0-
Action.c(35):     73.728 45.056-100.352 94.208-100.352h262.144v159.744h-161.792v94.208h161.792v159.744h-151.
Action.c(35):     552z",\n
Action.c(35):             "M919.548 776.19h-186.368v-67.584c0-16.384-6.144-28.672-24.576-28.672h-149.504v-15
Action.c(35):     9.744h161.792v-94.208h-161.792v-159.744h247.808c49.152 0 96.256 28.672 96.256 104.448v120.
Action.c(35):     832c0 34.816-14.336 59.392-43.008 73.728 28.672 14.336 51.2 45.056 51.2 77.824l8.192 133.1
Action.c(35):     2z"\n
Action.c(35):           ],\n
Action.c(35):           "attrs": [\n
Action.c(35):             {\n
Action.c(35):               "fill": "rgb(85, 86, 90)"\n
Action.c(35):             },\n
Action.c(35):             {\n
Action.c(35):               "fill": "rgb(226, 35, 26)"\n
Action.c(35):             }\n
Action.c(35):           ],\n
Action.c(35):           "isMulticolor": true,\n
Action.c(35):           "grid": 32,\n
Action.c(35):           "tags": [\n
Action.c(35):             "fuel-rewards"\n
Action.c(35):           ]\n
Action.c(35):         },\n
Action.c(35):         {\n
Action.c(35):           "paths": [\n
Action.c(35):             "M919.808 132.431c-7.366-3.446-15.715-3.446-22.59 1.969l-96.253 71.385c-11.786 8.8
Action.c(35):     62-34.376 4.431-34.376 4.431l-489.124-73.846c-117.37-17.231-149.782 84.677-149.782 84.677l
Action.c(35):     -122.281 577.969c-20.626 107.815 87.905 124.062 87.905 124.062l669.353 99.938c0 0 108.039 
Action.c(35):     16.246 120.317-93.046l43.216-496.738c2.947-19.2 20.626-30.523 20.626-30.523l96.253-71.385c
Action.c(35):     6.875-4.923 9.822-13.292 8.349-21.169l-131.612-177.723zM687.032 311.631c-47.144 68.923-130
Action.c(35):     .629 108.8-218.534 96-87.905-13.292-156.166-75.815-181.212-155.569-0.491-1.477-0.491-2.954
Action.c(35):     -0.491-4.431 0.982-5.415 5.893-9.354 11.786-8.369 0 0 0 0 0.491 0l381.085 56.615c0 0-0.491
Action.c(35):      0 0 0 5.402 0.985 9.331 5.908 8.84 11.815-0.491 1.477-1.473 2.954-1.964 3.938z",\n
Action.c(35):             "M1235.578 87.138l-54.511-73.846c-7.366-9.846-20.626-11.815-30.447-4.431l-186.122 
Action.c(35):     138.338 80.047 108.8 186.122-138.338c9.822-6.892 12.277-20.677 4.911-30.523z",\n
Action.c(35):             "M333.071 699.733c-5.438 34.621-21.751 98.499-121.609 83.87-49.929-7.314-95.409-25
Action.c(35):     .356-94.914-82.895l70.197 10.24c0.494 9.752 2.966 15.604 9.393 19.992 5.932 3.901 14.336 6
Action.c(35):     .827 24.717 8.29 33.615 4.876 40.042-17.554 43.997-43.886l2.966-19.992h-0.989c-15.819 17.5
Action.c(35):     54-39.053 25.844-61.299 22.43-64.759-9.752-87.005-59.49-78.106-118.491 8.404-56.076 48.94-
Action.c(35):     98.499 109.745-89.234 25.706 3.901 43.008 17.554 52.401 40.96h0.989l3.955-26.331 67.231 9.
Action.c(35):     752-28.672 185.295zM245.572 545.158c-30.649-4.389-44.985 20.968-48.94 46.811-3.955 24.869 
Action.c(35):     3.955 51.2 33.121 55.589 29.661 4.389 45.974-16.579 49.929-42.91 3.955-26.819-2.966-54.613
Action.c(35):     -34.11-59.49z",\n
Action.c(35):             "M393.381 585.63c5.438-27.307 21.257-43.398 42.019-51.688 20.762-7.802 45.974-8.29
Action.c(35):      70.197-4.389 50.423 7.314 97.88 25.844 88.982 85.333l-13.842 92.16c-2.472 18.042-5.438 37
Action.c(35):     .547 0 55.101l-70.691-10.24c-1.483-6.827-1.483-13.653-0.989-20.48-20.762 16.091-48.94 19.5
Action.c(35):     05-74.152 15.604-40.536-5.851-69.703-31.208-63.276-74.606 10.381-68.754 85.522-52.175 135.
Action.c(35):     45
Action.c(35): t=8142ms: 12288-byte DECODED response body for "https://stage.peapod.com/shop/images/icons/PeapodIcons.json" (RelFrameId=1, Internal ID=3)
Action.c(35):     -54.613 12.359-0.488 19.279-3.901 21.257-16.579 2.472-15.604-15.819-24.869-30.649-26.819-1
Action.c(35):     9.279-2.926-33.121 3.901-39.053 21.455l-65.254-10.24zM467.533 708.023c33.615 4.876 47.457-
Action.c(35):     12.19 52.401-55.589-10.876 4.389-29.166 3.413-44.985 4.876-16.313 1.463-30.155 5.851-33.12
Action.c(35):     1 22.43-2.472 17.067 9.887 26.331 25.706 28.282z",\n
Action.c(35):             "M683.067 706.56c-1.483 10.728 1.977 19.017 7.91 25.356 5.932 5.851 14.83 9.752 24
Action.c(35):     .717 11.215 13.347 1.95 33.615-0.975 36.087-17.554 2.472-16.091-18.785-22.918-30.649-27.30
Action.c(35):     7-42.514-17.554-97.386-26.819-88.982-83.87 7.91-50.712 65.254-56.564 107.273-50.225 46.963
Action.c(35):      6.827 93.926 27.307 87.993 82.895l-64.759-9.752c1.483-8.777-0.989-15.116-6.426-19.505s-12
Action.c(35):     .853-7.314-21.257-8.777c-11.37-1.463-30.155-3.413-32.627 11.215-2.966 19.992 43.502 30.72 
Action.c(35):     74.646 41.935 42.019 15.116 48.446 47.299 45.974 64.853-8.404 56.564-65.748 67.291-113.699
Action.c(35):      59.977-50.423-7.314-99.858-31.695-92.937-91.185l66.737 10.728z",\n
Action.c(35):             "M318.493 785.067l24.060 3.464-1.964 11.877h0.491c3.928-8.907 11.293-12.372 18.659
Action.c(35):     -11.382l3.928 0.495-3.437 23.258c-1.964-0.99-3.928-0.99-6.383-1.485-8.838-1.485-14.24 1.48
Action.c(35):     5-15.713 11.382l-5.892 41.073-25.042-3.959 11.293-74.724z",\n
Action.c(35):             "M386.254 838.017l-1.473 9.897c-0.982 7.918 1.964 10.887 5.401 11.382 4.419 0.495 
Action.c(35):     7.365-1.485 8.838-11.877l22.587 3.464c-1.473 8.907-4.91 15.836-10.311 19.794s-12.766 5.443
Action.c(35):     -23.569 3.959c-24.060-3.464-29.952-15.836-26.024-44.537 4.419-28.702 15.222-38.104 37.808-
Action.c(35):     34.64 19.641 2.969 28.479 13.361 24.551 40.579l-0.982 7.423-36.826-5.443zM402.458 823.171c
Action.c(35):     0.982-7.918 0-11.877-5.401-12.866-4.91-0.99-7.365 2.474-8.347 10.392l-0.491 3.464 13.749 1
Action.c(35):     .979 0.491-2.969z",\n
Action.c(35):             "M433.392 802.387l24.060 3.464-1.964 54.93h0.491l15.222-52.95 26.515 3.959-0.982 5
Action.c(35):     5.424h0.491l14.24-53.445 24.060 3.464-26.515 73.239-27.988-4.454 0.491-54.435h-0.491l-15.7
Action.c(35):     13 51.96-27.988-4.454z",\n
Action.c(35):             "M567.931 899.874c-0.491-2.969-0.491-5.443-0.491-8.907h-0.491c-3.928 6.433-10.802 
Action.c(35):     8.907-18.168 7.918-14.731-2.474-19.15-12.372-17.677-25.238 1.964-13.856 7.856-19.794 24.55
Action.c(35):     1-21.279l10.311-0.99c5.401-0.495 7.856-2.474 8.347-6.928s-0.982-7.423-5.401-7.918c-4.91-0.
Action.c(35):     495-7.365 0.99-8.347 8.907l-21.605-3.464c3.437-21.774 21.114-22.764 32.407-20.784 17.186 2
Action.c(35):     .474 28.97 8.907 26.024 28.702l-5.401 36.62c-0.982 6.928-1.473 12.372 0 16.825l-24.060-3.4
Action.c(35):     64zM570.386 872.162l1.473-8.907h-0.491c-1.473 1.979-4.91 0.99-8.838 2.474s-5.892 3.959-6.3
Action.c(35):     83 8.907c-0.982 4.949 0.982 8.413 4.91 9.402 5.401 0.495 8.347-3.464 9.329-11.877z",\n
Action.c(35):             "M613.104 829.604l24.060 3.464-1.964 11.877h0.491c3.928-8.413 11.293-12.372 18.659
Action.c(35):     -11.382l3.928 0.495-3.437 23.258c-1.964-0.99-3.928-0.99-6.383-1.485-8.838-1.485-14.24 1.48
Action.c(35):     5-15.713 11.382l-5.892 41.073-25.042-3.959 11.293-74.724z",\n
Action.c(35):             "M704.925 818.717l25.042 3.959-14.731 99.467-24.060-3.464 1.473-10.392c-4.419 7.91
Action.c(35):     8-9.82 10.887-18.659 9.897-16.695-2.474-20.623-16.825-16.204-44.537 4.419-28.207 14.731-36
Action.c(35):     .62 28.479-34.64 6.874 0.99 12.766 4.949 14.24 12.866h0.491l3.928-33.156zM685.775 900.369c
Action.c(35):     5.892 0.99 7.365-3.464 9.82-19.794s1.964-21.279-3.928-22.269c-5.892-0.99-7.856 3.464-10.31
Action.c(35):     1 19.794-1.964 16.33-1.473 21.279 4.419 22.269z",\n
Action.c(35):             "M750.099 903.338c-0.491 2.969-0.491 5.938 0.491 7.918s2.455 2.969 4.91 3.464c3.92
Action.c(35):     8 0.495 7.365-1.485 8.347-5.443 1.964-13.361-35.353-10.887-30.934-39.589 1.964-13.361 13.2
Action.c(35):     57-22.269 33.389-19.3 18.659 2.969 27.006 12.372 24.551 27.712l-21.605-3.464c0.982-6.433-1
Action.c(35):     .473-8.907-5.401-9.402s-6.874 1.485-7.365 4.949c-1.964 12.372 35.353 9.402 31.425 38.104-1
Action.c(35):     .964 14.846-14.731 23.753-33.88 20.784-20.623-2.969-27.988-13.361-25.533-29.692l21.605 3.9
Action.c(35):     59z"\n
Action.c(35):           ],\n
Action.c(35):           "attrs": [\n
Action.c(35):             {\n
Action.c(35):               "fill": "rgb(238, 49, 36)"\n
Action.c(35):             },\n
Action.c(35):             {\n
Action.c(35):               "fill": "rgb(238, 49, 36)"\n
Action.c(35):             },\n
Action.c(35):             {\n
Action.c(35):               "fill": "rgb(255, 255, 255)"\n
Action.c(35):             },\n
Action.c(35):             {\n
Action.c(35):               "fill": "rgb(255, 255, 255)"\n
Action.c(35):             },\n
Action.c(35):             {\n
Action.c(35):               "fill": "rgb(255, 255, 255)"\n
Action.c(35):             },\n
Action.c(35):             {\n
Action.c(35):               "fill": "rgb(255, 255, 255)"\n
Action.c(35):             },\n
Action.c(35):             {\n
Action.c(35):               "fill": "rgb(255, 255, 255)"\n
Action.c(35):             },\n
Action.c(35):             {\n
Action.c(35):               "fill": "rgb(255, 255, 255)"\n
Action.c(35):             },\n
Action.c(35):             {\n
Action.c(35):               "fill": "rgb(255, 255, 255)"\n
Action.c(35):             },\n
Action.c(35):             {\n
Action.c(35):               "fill": "rgb(255, 255, 255)"\n
Action.c(35):             },\n
Action.c(35):             {\n
Action.c(35):               "fill": "rgb(255, 255, 255)"\n
Action.c(35):             },\n
Action.c(35):             {\n
Action.c(35):               "fill": "rgb(255, 255, 255)"\n
Action.c(35):             }\n
Action.c(35):           ],\n
Action.c(35):           "width": 1242,\n
Action.c(35):           "isMulticolor": true,\n
Action.c(35):           "grid": 32,\n
Action.c(35):           "tags": [\n
Action.c(35):             "Fuel-savings"\n
Action.c(35):           ]\n
Action.c(35):         },\n
Action.c(35):         {\n
Action.c(35):           "paths": [\n
Action.c(35):             "M516.267 153.6c-143.514 0-260.267 116.753-260.267 260.267 0 134.622 209.289 444.0
Action.c(35):     06 260.267 444.006s260.267-309.385 260.267-444.006c0-143.514-116.753-260.267-260.267-260.2
Action.c(35):     67z"\n
Action.c(35):           ],\n
Action.c(35):           "grid": 32,\n
Action.c(35):           "tags": [\n
Action.c(35):             "pin"\n
Action.c(35):           ]\n
Action.c(35):         },\n
Action.c(35):         {\n
Action.c(35):           "paths": [\n
Action.c(35):             "M3328 1024h-3200c-71.68 0-128-56.32-128-128v-768c0-71.68 56.32-128 128-128h3200c7
Action.c(35):     1.68 0 128 56.32 128 128v768c0 69.12-56.32 128-128 128v0z",\n
Action.c(35):             "M3328 20.48c58.88 0 107.52 48.64 107.52 107.52v768c0 58.88-48.64 107.52-107.52 10
Action.c(35):     7.52h-3200c-58.88 0-107.52-48.64-107.52-107.52v-768c0-58.88 48.64-107.52 107.52-107.52h320
Action.c(35):     0zM3328 0h-3200c-71.68 0-128 56.32-128 128v768c0 71.68 56.32 128 128 128h3200c71.68 0 128-
Action.c(35):     56.32 128-128v-768c0-69.12-56.32-128-128-128v0 0z",\n
Action.c(35):             "M1213.44 261.12c0 20.48-5.12 38.4-17.92 51.2-15.36 15.36-33.28 23.040-56.32 23.04
Action.c(35):     0s-40.96-7.68-56.32-23.040c-15.36-15.36-23.040-33.28-23.040-56.32s7.68-40.96 23.040-56.32c
Action.c(35):     15.36-15.36 33.28-23.040 56.32-23.040 10.24 0 20.48 2.56 30.72 7.68s17.92 10.24 23.040 17.
Action.c(35):     92l-12.8 12.8c-10.24-12.8-23.040-17.92-40.96-17.92-15.36 0-30.72 5.12-40.96 17.92-12.8 10.
Action.c(35):     24-17.92 25.6-17.92 43.52s5.12 33.28 17.92 43.52c12.8 10.24 25.6 17.92 40.96 17.92 17.92 0
Action.c(35):      30.72-5.12 43.52-17.92 7.68-7.68 12.8-17.92 12.8-30.72h-56.32v-17.92h74.24c0 0 0 5.12 0 7
Action.c(35):     .68v0z",\n
Action.c(35):             "M1331.2 197.12h-69.12v48.64h64v17.92h-64v48.64h69.12v20.48h-89.6v-153.6h89.6z",\n
Action.c(35):             "M1415.68 332.8h-20.48v-135.68h-43.52v-17.92h107.52v17.92h-43.52z",\n
Action.c(35):             "M1533.44 332.8v-153.6h20.48v153.6z",\n
Action.c(35):             "M1640.96 332.8h-20.48v-135.68h-43.52v-17.92h104.96v17.92h-43.52v135.68z",\n
Action.c(35):             "M1884.16 312.32c-15.36 15.36-33.28 23.040-56.32 23.040s-40.96-7.68-56.32-23.040c-
Action.c(35):     15.36-15.36-23.040-33.28-23.040-56.32s7.68-40.96 23.040-56.32c15.36-15.36 33.28-23.040 56.
Action.c(35):     32-23.040s40.96 7.68 56.32 23.040c15.36 15.36 23.040 33.28 23.040 56.32s-7.68 40.96-23.040
Action.c(35):      56.32v0zM1786.88 299.52c10.24 10.24 25.6 17.92 40.96 17.92s30.72-5.12 40.96-17.92c10.24-1
Action.c(35):     0.24 17.92-25.6 17.92-43.52s-5.12-33.28-17.92-43.52c-10.24-10.24-25.6-17.92-40.96-17.92s-3
Action.c(35):     0.72 5.12-40.96 17.92c-10.24 10.24-17.92 25.6-17.92 43.52s5.12 33.28 17.92 43.52v0z",\n
Action.c(35):             "M1935.36 332.8v-153.6h23.040l74.24 120.32v-120.32h20.48v153.6h-20.48l-79.36-125.4
Action.c(35):     4v125.44z",\n
Action.c(35):             "M1743.36 558.080c-61.44 0-110.080 46.080-110.080 110.080 0 61.44 48.64 110.080 11
Action.c(35):     0.080 110.080s110.080-46.080 110.080-110.080c0-66.56-48.64-110.080-110.080-110.080v0zM1743
Action.c(35):     .36 732.16c-33.28 0-61.44-28.16-61.44-66.56s28.16-66.56 61.44-66.56c33.28 0 61.44 25.6 61.
Action.c(35):     44 66.56 0 38.4-28.16 66.56-61.44 66.56v0zM1505.28 558.080c-61.44 0-110.080 46.080-110.080
Action.c(35):      110.080 0 61.44 48.64 110.080 110.080 110.080s110.080-46.080 110.080-110.080c0-66.56-48.6
Action.c(35):     4-110.080-110.080-110.080v0zM1505.28 732.16c-33.28 0-61.44-28.16-61.44-66.56s28.16-66.56 6
Action.c(35):     1.44-66.56c33.28 0 61.44 25.6 61.44 66.56 0 38.4-28.16 66.56-61.44 66.56v0zM1221.12 591.36
Action.c(35):     v46.080h110.080c-2.56 25.6-12.8 46.080-25.6 58.88-15.36 15.36-40.96 33.28-84.48 33.28-69.1
Action.c(35):     2 0-120.32-53.76-120.32-122.88s53.76-122.88 120.32-122.88c35.84 0 64 15.36 84.48 33.28l33.
Action.c(35):     28-33.28c-28.16-25.6-64-46.080-115.2-46.080-92.16 0-171.52 76.8-171.52 168.96s79.36 168.96
Action.c(35):      171.52 168.96c51.2 0 87.040-15.36 117.76-48.64 30.72-30.72 40.96-74.24 40.96-107.52 0-10.
Action.c(35):     24 0-20.48-2.56-28.16h-158.72zM2383.36 627.2c-10.24-25.6-35.84-69.12-92.16-69.12s-102.4 43
Action.c(35):     .52-102.4 110.080c0 61.44 46.080 110.080 107.52 110.080 48.64 0 79.36-30.72 89.6-48.64l-35
Action.c(35):     .84-25.6c-12.8 17.92-28.16 30.72-53.76 30.72s-40.96-10.24-53.76-33.28l145.92-61.44-5.12-12
Action.c(35):     .8zM2234.88 663.040c0-40.96 33.28-64 56.32-64 17.92 0 35.84 10.24 40.96 23.040l-97.28 40.9
Action.c(35):     6zM2114.56 768h48.64v-320h-48.64v320zM2037.76 581.12v0c-12.8-12.8-33.28-25.6-58.88-25.6-53
Action.c(35):     .76 0-104.96 48.64-104.96 110.080s48.64 107.52 104.96 107.52c25.6 0 46.080-12.8 56.32-25.6
Action.c(35):     h2.56v15.36c0 40.96-23.040 64-58.88 64-28.16 0-48.64-20.48-53.76-38.4l-40.96 17.92c12.8 28
Action.c(35):     .16 43.52 64 97.28 64 56.32 0 102.4-33.28 102.4-112.64v-194.56h-46.080v17.92zM1981.44 732.
Action.c(35):     16c-33.28 0-61.44-28.16-61.44-66.56s28.16-66.56 61.44-66.56c33.28 0 58.88 28.16 58.88 66.5
Action.c(35):     6s-25.6 66.56-58.88 66.56v0zM2606.080 448h-115.2v320h48.64v-120.32h66.56c53.76 0 104.96-38
Action.c(35):     .4 104.96-99.84s-51.2-99.84-104.96-99.84v0zM2608.64 601.6h-69.12v-110.080h69.12c35.84 0 56
Action.c(35):     .32 30.72 56.32 53.76-2.56 28.16-23.040 56.32-56.32 56.32v0zM2903.040 555.52c-35.84 0-71.6
Action.c(35):     8 15.36-84.48 48.64l43.52 17.92c10.24-17.92 25.6-23.040 43.52-23.040 25.6 0 48.64 15.36 51
Action.c(35):     .2 40.96v2.56c-7.68-5.12-28.16-12.8-48.64-12.8-46.080 0-92.16 25.6-92.16 71.68 0 43.52 38.
Action.c(35):     4 71.68 79.36 71.68 33.28 0 48.64-15.36 61.44-30.72h2.56v25.6h46.080v-122.88c-5.12-56.32-4
Action.c(35):     8.64-89.6-102.4-89.6v0zM2897.92 732.16c-15.36 0-38.4-7.68-38.4-28.16 0-25.6 28.16-33.28 51
Action.c(35):     .2-33.28 20.48 0 30.72 5.12 43.52 10.24-5.12 30.72-30.72 51.2-56.32 51.2v0zM3166.72 563.2l
Action.c(35):     -53.76 138.24h-2.56l-56.32-138.24h-51.2l84.48 194.56-48.64 107.52h48.64l130.56-302.080h-51
Action.c(35):     .2zM2736.64 768h48.64v-320h-48.64v320z",\n
Action.c(35):             "M266.24 192c-7.68 10.24-10.24 20.48-10.24 38.4v563.2c0 15.36 5.12 28.16 12.8 35.8
Action.c(35):     4l2.56 2.56 317.44-317.44v-5.12l-322.56-317.44z",\n
Action.c(35):             "M691.2 622.080l-104.96-104.96v-7.68l104.96-104.96 2.56 2.56 125.44 71.68c35.84 20
Action.c(35):     .48 35.84 53.76 0 74.24l-128 69.12z",\n
Action.c(35):             "M693.76 619.52l-107.52-107.52-320 320c12.8 12.8 30.72 12.8 53.76 2.56l373.76-215.
Action.c(35):     040z",\n
Action.c(35):             "M693.76 404.48l-373.76-212.48c-23.040-12.8-40.96-10.24-53.76 2.56l320 317.44 107.
Action.c(35):     52-107.52z"\n
Action.c(35):           ],\n
Action.c(35):           "attrs": [\n
Action.c(35):             {\n
Action.c(35):               "fill": "rgb(0, 0, 0)"\n
Action.c(35):             },\n
Action.c(35):             {\n
Action.c(35):               "fill": "rgb(167, 166, 166)"\n
Action.c(35):             },\n
Action.c(35):             {\n
Action.c(35):               "fill": "rgb(255, 255, 255)"\n
Action.c(35):             },\n
Action.c(35):             {\n
Action.c(35):               "fill": "rgb(255, 255, 255)"\n
Action.c(35):             },\n
Action.c(35):             {\n
Action.c(35):               "fill": "rgb(255, 255, 255)"\n
Action.c(35):             },\n
Action.c(35):             {\n
Action.c(35):               "fill": "rgb(255, 255, 255)"\n
Action.c(35):             },\n
Action.c(35):             {\n
Action.c(35):               "fill": "rgb(255, 255, 255)"\n
Action.c(35):             },\n
Action.c(35):             {\n
Action.c(35):               "fill": "rgb(255, 255, 255)"\n
Action.c(35):             },\n
Action.c(35):             {\n
Action.c(35):               "fill": "rgb(255, 255, 255)"\n
Action.c(35):             },\n
Action.c(35):             {\n
Action.c(35):               "fill": "rgb(255, 255, 255)"\n
Action.c(35):             },\n
Action.c(35):             {\n
Action.c(35):               "fill": "rgb(91, 201, 244)"\n
Action.c(35):             },\n
Action.c(35):             {\n
Action.c(35):               "fill": "rgb(0, 0, 0)"\n
Action.c(35):             },\n
Action.c(35):             {\n
Action.c(35):               "fill": "rgb(0, 0, 0)"\n
Action.c(35):             },\n
Action.c(35):             {\n
Action.c(35):               "fill": "rgb(0, 0, 0)"\n
Action.c(35):             }\n
Action.c(35):           ],\n
Action.c(35):           "width": 3456,\n
Action.c(35):           "isMulticolor": true,\n
Action.c(35):           "grid": 32,\n
Action.c(35):           "tags": [\n
Action.c(35):             "google-play"\n
Action.c(35):           ]\n
Action.c(35):         },\n
Action.c(35):         {\n
Action.c(35):           "paths": [\n
Action.c(35):             "M3333.042 1024h-3211.978c-66.739 0-121.062-54.477-121.062-121.165v-781.849c0-66.7
Action.c(35):     14 54.323-120.986 121.062-120.986h3211.978c66.714 0 122.957 54.272 122.957 120.986v781.849
Action.c(35):     c0 66.688-56.243 121.165-122.957 121.165v0 0z",\n
Action.c(35):             "M3431.217 902.861c0 54.17-43.878 98.048-98.15 98.048h-3212.003c-54.246 0-98.278-4
Action.c(35):     3.878-98.278-98.048v-781.9c0-54.144 44.032-98.176 98.278-98.176h3211.978c54.298 0 98.15 44
Action.c(35):     .032 98.15 98.176l0.026 781.9z",\n
Action.c(35):             "M771.278 506.47c-0.742-82.509 67.558-122.65 70.682-124.518-38.682-56.397-98.637-6
Action.c(35):     4.102-119.706-64.717-50.355-5.299-99.2 30.131-124.851 30.131-26.163 0-65.664-29.619-108.23
Action.c(35):     7-28.749-54.784 0.845-106.035 32.563-134.144 81.818-58.010 100.429-14.746 248.013 40.832 3
Action.c(35):     29.19 27.802 39.757 60.288 84.147 102.81 82.586 41.6-1.715 57.139-26.522 107.341-26.522 49
Action.c(35):     .741 0 64.333 26.522 107.699 25.523 44.646-0.717 72.755-39.936 99.584-80.051 32.128-45.568
Action.c(35):      45.030-90.445 45.542-92.749-1.050-0.358-86.707-33.050-87.552-131.942v0z",\n
Action.c(35):             "M689.358 263.834c22.374-27.981 37.683-66.048 33.434-104.678-32.384 1.434-72.883 2
Action.c(35):     2.4-96.205 49.766-20.634 24.115-39.066 63.642-34.304 100.813 36.378 2.714 73.728-18.355 97
Action.c(35):     .075-45.901v0z",\n
Action.c(35):             "M1373.312 806.502h-58.138l-31.846-100.070h-110.694l-30.336 100.070h-56.602l109.67
Action.c(35):     -340.685h67.738l110.208 340.685zM1273.728 664.448l-28.8-88.96c-3.046-9.088-8.755-30.49-17.
Action.c(35):     178-64.179h-1.024c-3.354 14.49-8.755 35.891-16.179 64.179l-28.288 88.96h91.469z",\n
Action.c(35):             "M1655.347 680.653c0 41.779-11.29 74.803-33.86
Action.c(35): t=8181ms: 6-byte DECODED response body for "https://stage.peapod.com/shop/images/icons/PeapodIcons.json" (RelFrameId=1, Internal ID=3)
Action.c(35):     9 99.0
Action.c(35): t=8181ms: 12288-byte ENCODED response body received for "https://stage.peapod.com/shop/images/icons/PeapodIcons.json" (RelFrameId=1, Internal ID=3)
Action.c(35): t=8182ms: 12288-byte DECODED response body for "https://stage.peapod.com/shop/images/icons/PeapodIcons.json" (RelFrameId=1, Internal ID=3)
Action.c(35):     46-20.224 21.581-45.338 32.358-75.315 32.358-32.358 0-55.603-11.622-69.76-34.867h-1.024v12
Action.c(35):     9.408h-54.579v-264.883c0-26.266-0.691-53.222-2.022-80.87h48l3.046 38.938h1.024c18.202-29.3
Action.c(35):     38 45.824-43.981 82.893-43.981 28.979 0 53.171 11.443 72.525 34.355 19.405 22.938 29.082 5
Action.c(35):     3.094 29.082 90.496v0zM1599.744 682.65c0-23.91-5.376-43.622-16.179-59.136-11.802-16.179-27
Action.c(35):     .648-24.269-47.514-24.269-13.466 0-25.702 4.506-36.634 13.389-10.957 8.96-18.125 20.659-21
Action.c(35):     .478 35.149-1.69 6.758-2.534 12.288-2.534 16.64v40.96c0 17.869 5.478 32.947 16.435 45.261s
Action.c(35):     25.19 18.458 42.701 18.458c20.557 0 36.557-7.936 48-23.757 11.469-15.846 17.203-36.736 17.
Action.c(35):     203-62.694v0z",\n
Action.c(35):             "M1937.894 680.653c0 41.779-11.29 74.803-33.894 99.046-20.198 21.581-45.312 32.358
Action.c(35):     -75.29 32.358-32.358 0-55.603-11.622-69.734-34.867h-1.024v129.408h-54.579v-264.883c0-26.26
Action.c(35):     6-0.691-53.222-2.022-80.87h48l3.046 38.938h1.024c18.176-29.338 45.798-43.981 82.893-43.981
Action.c(35):      28.954 0 53.146 11.443 72.55 34.355 19.328 22.938 29.030 53.094 29.030 90.496v0zM1882.291
Action.c(35):      682.65c0-23.91-5.402-43.622-16.205-59.136-11.802-16.179-27.597-24.269-47.488-24.269-13.49
Action.c(35):     1 0-25.702 4.506-36.659 13.389-10.957 8.96-18.099 20.659-21.453 35.149-1.664 6.758-2.534 1
Action.c(35):     2.288-2.534 16.64v40.96c0 17.869 5.478 32.947 16.384 45.261 10.957 12.288 25.19 18.458 42.
Action.c(35):     752 18.458 20.557 0 36.557-7.936 48-23.757 11.469-15.846 17.203-36.736 17.203-62.694v0z",\n
Action.c(35):             "M2253.798 710.963c0 28.979-10.061 52.557-30.259 70.758-22.195 19.891-53.094 29.82
Action.c(35):     4-92.8 29.824-36.659 0-66.048-7.066-88.294-21.222l12.646-45.491c23.962 14.49 50.253 21.76 
Action.c(35):     78.899 21.76 20.557 0 36.557-4.659 48.051-13.926 11.443-9.267 17.152-21.709 17.152-37.222 
Action.c(35):     0-13.824-4.71-25.472-14.157-34.918-9.395-9.446-25.088-18.227-47.002-26.342-59.648-22.246-8
Action.c(35):     9.446-54.835-89.446-97.69 0-28.006 10.445-50.97 31.36-68.838 20.838-17.894 48.64-26.829 83
Action.c(35):     .405-26.829 31.002 0 56.755 5.402 77.312 16.179l-13.645 44.493c-19.2-10.445-40.909-15.667-
Action.c(35):     65.203-15.667-19.2 0-34.202 4.736-44.954 14.157-9.088 8.422-13.645 18.688-13.645 30.848 0 
Action.c(35):     13.466 5.197 24.602 15.642 33.357 9.088 8.090 25.6 16.845 49.562 26.291 29.312 11.802 50.8
Action.c(35):     42 25.6 64.691 41.421 13.798 15.77 20.685 35.507 20.685 59.059v0z",\n
Action.c(35):             "M2434.252 601.805h-60.16v119.27c0 30.336 10.598 45.491 31.846 45.491 9.754 0 17.8
Action.c(35):     43-0.845 24.243-2.534l1.51 41.446c-10.752 4.019-24.909 6.042-42.445 6.042-21.555 0-38.4-6.
Action.c(35):     579-50.56-19.712-12.109-13.158-18.202-35.226-18.202-66.227v-123.827h-35.84v-40.96h35.84v-4
Action.c(35):     4.979l53.606-16.179v61.158h60.16v41.011z",\n
Action.c(35):             "M2705.689 681.651c0 37.76-10.803 68.762-32.358 93.005-22.605 24.96-52.608 37.402-
Action.c(35):     90.010 37.402-36.045 0-64.742-11.955-86.144-35.866s-32.102-54.093-32.102-90.47c0-38.067 11
Action.c(35):     .008-69.248 33.101-93.491 22.042-24.269 51.789-36.403 89.19-36.403 36.045 0 65.050 11.955 
Action.c(35):     86.938 35.891 20.941 23.219 31.386 53.197 31.386 89.933v0zM2649.061 683.418c0-22.656-4.838
Action.c(35):     -42.086-14.643-58.291-11.443-19.61-27.802-29.389-48.998-29.389-21.939 0-38.605 9.805-50.04
Action.c(35):     8 29.389-9.805 16.23-14.643 35.968-14.643 59.315 0 22.656 4.838 42.086 14.643 58.266 11.80
Action.c(35):     2 19.61 28.288 29.389 49.562 29.389 20.838 0 37.197-9.984 48.998-29.901 10.061-16.512 15.1
Action.c(35):     3-36.147 15.13-58.778v0z",\n
Action.c(35):             "M2883.097 608.845c-5.402-0.998-11.162-1.51-17.203-1.51-19.2 0-34.048 7.245-44.493
Action.c(35):      21.76-9.088 12.8-13.645 28.979-13.645 48.512v128.896h-54.554l0.512-168.294c0-28.314-0.691
Action.c(35):     -54.093-2.048-77.338h47.539l1.997 47.002h1.51c5.76-16.154 14.848-29.158 27.29-38.912 12.16
Action.c(35):     -8.781 25.293-13.158 39.45-13.158 5.043 0 9.6 0.358 13.645 0.998v52.045z",\n
Action.c(35):             "M3127.193 672.051c0 9.779-0.64 18.022-1.997 24.755h-163.738c0.64 24.269 8.55 42.8
Action.c(35):     29 23.757 55.629 13.798 11.443 31.642 17.178 53.555 17.178 24.243 0 46.362-3.866 66.253-11
Action.c(35):     .622l8.55 37.888c-23.245 10.138-50.688 15.181-82.355 15.181-38.093 0-67.994-11.213-89.754-
Action.c(35):     33.613-21.709-22.4-32.589-52.48-32.589-90.214 0-37.043 10.112-67.891 30.362-92.493 21.197-
Action.c(35):     26.266 49.843-39.398 85.888-39.398 35.405 0 62.208 13.133 80.41 39.398 14.413 20.864 21.65
Action.c(35):     8 46.669 21.658 77.312v0zM3075.148 657.894c0.358-16.179-3.2-30.157-10.598-41.958-9.446-15.
Action.c(35):     181-23.962-22.758-43.494-22.758-17.843 0-32.358 7.398-43.443 22.246-9.088 11.802-14.49 25.
Action.c(35):     958-16.154 42.445l113.69 0.026z",\n
Action.c(35):             "M1255.68 256.23c0 30.131-9.037 52.813-27.085 68.045-16.717 14.054-40.474 21.094-7
Action.c(35):     1.245 21.094-15.258 0-28.314-0.666-39.245-1.997v-164.634c14.259-2.304 29.619-3.482 46.208-
Action.c(35):     3.482 29.312 0 51.405 6.374 66.304 19.123 16.691 14.413 25.062 35.021 25.062 61.85v0zM1227
Action.c(35):     .392 256.973c0-19.533-5.171-34.509-15.514-44.954-10.342-10.419-25.446-15.642-45.338-15.642
Action.c(35):     -8.448 0-15.642 0.563-21.606 1.741v125.158c3.302 0.512 9.344 0.742 18.125 0.742 20.531 0 3
Action.c(35):     6.378-5.709 47.539-17.126s16.794-28.058 16.794-49.92v0z",\n
Action.c(35):             "M1405.67 282.547c0 18.56-5.299 33.766-15.898 45.696-11.11 12.262-25.83 18.381-44.
Action.c(35):     211 18.381-17.715 0-31.821-5.862-42.342-17.638-10.496-11.75-15.744-26.573-15.744-44.442 0-
Action.c(35):     18.688 5.402-34.022 16.256-45.926s25.446-17.869 43.827-17.869c17.715 0 31.949 5.862 42.726
Action.c(35):      17.613 10.24 11.418 15.386 26.163 15.386 44.186v0zM1377.843 283.418c0-11.136-2.406-20.685
Action.c(35):     -7.194-28.646-5.632-9.626-13.645-14.438-24.064-14.438-10.778 0-18.97 4.813-24.602 14.438-4
Action.c(35):     .813 7.962-7.194 17.664-7.194 29.133 0 11.136 2.406 20.685 7.194 28.646 5.811 9.626 13.901
Action.c(35):      14.438 24.346 14.438 10.24 0 18.278-4.89 24.064-14.694 4.966-8.115 7.45-17.741 7.45-28.87
Action.c(35):     7v0z",\n
Action.c(35):             "M1606.784 223.206l-37.76 120.678h-24.576l-15.642-52.403c-3.968-13.082-7.194-26.08
Action.c(35):     6-9.702-38.989h-0.486c-2.33 13.261-5.555 26.24-9.702 38.989l-16.614 52.403h-24.858l-35.507
Action.c(35):     -120.678h27.571l13.645 57.37c3.302 13.568 6.016 26.496 8.192 38.733h0.486c1.997-10.086 5.2
Action.c(35):     99-22.938 9.958-38.477l17.126-57.6h21.862l16.41 56.371c3.968 13.747 7.194 26.982 9.677 39.
Action.c(35):     731h0.742c1.818-12.416 4.557-25.651 8.192-39.731l14.643-56.371 26.342-0.026z",\n
Action.c(35):             "M1745.869 343.885h-26.829v-69.12c0-21.299-8.090-31.949-24.32-31.949-7.962 0-14.38
Action.c(35):     7 2.918-19.379 8.781-4.941 5.862-7.45 12.774-7.45 20.685v71.578h-26.829v-86.17c0-10.598-0.
Action.c(35):     333-22.093-0.973-34.534h23.578l1.254 18.867h0.742c3.123-5.862 7.782-10.701 13.901-14.566 7
Action.c(35):     .27-4.506 15.411-6.784 24.32-6.784 11.264 0 20.634 3.635 28.083 10.931 9.267 8.934 13.901 
Action.c(35):     22.272 13.901 39.987v72.294z",\n
Action.c(35):             "M1819.853 343.885h-26.803v-176.051h26.803z",\n
Action.c(35):             "M1977.805 282.547c0 18.56-5.299 33.766-15.898 45.696-11.11 12.262-25.856 18.381-4
Action.c(35):     4.211 18.381-17.741 0-31.846-5.862-42.342-17.638-10.496-11.75-15.744-26.573-15.744-44.442 
Action.c(35):     0-18.688 5.402-34.022 16.256-45.926s25.446-17.869 43.802-17.869c17.741 0 31.949 5.862 42.7
Action.c(35):     52 17.613 10.24 11.418 15.386 26.163 15.386 44.186v0zM1949.952 283.418c0-11.136-2.406-20.6
Action.c(35):     85-7.194-28.646-5.606-9.626-13.645-14.438-24.038-14.438-10.803 0-18.995 4.813-24.602 14.43
Action.c(35):     8-4.813 7.962-7.194 17.664-7.194 29.133 0 11.136 2.406 20.685 7.194 28.646 5.811 9.626 13.
Action.c(35):     901 14.438 24.346 14.438 10.24 0 18.253-4.89 24.038-14.694 4.992-8.115 7.45-17.741 7.45-28
Action.c(35):     .877v0z",\n
Action.c(35):             "M2107.648 343.885h-24.090l-1.997-13.901h-0.742c-8.243 11.085-19.994 16.64-35.251 
Action.c(35):     16.64-11.392 0-20.608-3.661-27.546-10.931-6.298-6.605-9.446-14.822-9.446-24.576 0-14.746 6
Action.c(35):     .144-25.984 18.509-33.766 12.339-7.782 29.696-11.597 52.045-11.418v-2.253c0-15.898-8.346-2
Action.c(35):     3.834-25.062-23.834-11.904 0-22.4 2.995-31.462 8.934l-5.453-17.613c11.213-6.938 25.062-10.
Action.c(35):     419 41.395-10.419 31.539 0 47.36 16.64 47.36 49.92v44.442c0 12.058 0.589 21.658 1.741 28.7
Action.c(35):     74v0zM2079.795 302.413v-18.611c-29.594-0.512-44.39 7.603-44.39 24.32 0 6.298 1.69 11.008 5
Action.c(35):     .146 14.157s7.859 4.71 13.107 4.71c5.888 0 11.392-1.869 16.41-5.581 5.043-3.738 8.141-8.47
Action.c(35):     4 9.293-14.285 0.282-1.306 0.435-2.893 0.435-4.71v0z",\n
Action.c(35):             "M2260.096 343.885h-23.808l-1.254-19.379h-0.742c-7.603 14.746-20.557 22.118-38.758
Action.c(35):      22.118-14.541 0-26.65-5.709-36.25-17.126s-14.387-26.24-14.387-44.442c0-19.533 5.197-35.35
Action.c(35):     4 15.642-47.437 10.112-11.264 22.502-16.896 37.248-16.896 16.205 0 27.546 5.453 33.997 16.
Action.c(35):     384h0.512v-69.274h26.854v143.539c0 11.75 0.307 22.579 0.947 32.512v0zM2232.294 292.992v-20
Action.c(35):     .122c0-3.482-0.256-6.298-0.742-8.448-1.51-6.451-4.762-11.878-9.702-16.256-4.992-4.378-11.0
Action.c(35):     08-6.579-17.946-6.579-10.010 0-17.843 3.968-23.603 11.93-5.709 7.962-8.602 18.125-8.602 30
Action.c(35):     .541 0 11.93 2.739 21.606 8.243 29.056 5.811 7.936 13.645 11.904 23.45 11.904 8.806 0 15.8
Action.c(35):     46-3.302 21.197-9.933 5.171-6.118 7.706-13.491 7.706-22.093v0z",\n
Action.c(35):             "M2489.548 282.547c0 18.56-5.299 33.766-15.898 45.696-11.11 12.262-25.805 18.381-4
Action.c(35):     4.211 18.381-17.69 0-31.795-5.862-42.342-17.638-10.496-11.75-15.744-26.573-15.744-44.442 0
Action.c(35):     -18.688 5.402-34.022 16.256-45.926s25.446-17.869 43.853-17.869c17.69 0 31.949 5.862 42.701
Action.c(35):      17.613 10.24 11.418 15.386 26.163 15.386 44.186v0zM2461.746 283.418c0-11.136-2.406-20.685
Action.c(35):     -7.194-28.646-5.658-9.626-13.645-14.438-24.090-14.438-10.752 0-18.944 4.813-24.602 14.438-
Action.c(35):     4.813 7.962-7.194 17.664-7.194 29.133 0 11.136 2.406 20.685 7.194 28.646 5.811 9.626 13.90
Action.c(35):     1 14.438 24.346 14.438 10.24 0 18.304-4.89 24.090-14.694 4.941-8.115 7.45-17.741 7.45-28.8
Action.c(35):     77v0z",\n
Action.c(35):             "M2633.804 343.885h-26.803v-69.12c0-21.299-8.090-31.949-24.346-31.949-7.962 0-14.3
Action.c(35):     87 2.918-19.354 8.781s-7.45 12.774-7.45 20.685v71.578h-26.854v-86.17c0-10.598-0.307-22.093
Action.c(35):     -0.947-34.534h23.552l1.254 18.867h0.742c3.149-5.862 7.808-10.701 13.901-14.566 7.296-4.506
Action.c(35):      15.411-6.784 24.346-6.784 11.238 0 20.608 3.635 28.058 10.931 9.293 8.934 13.901 22.272 1
Action.c(35):     3.901 39.987v72.294z",\n
Action.c(35):             "M2814.361 243.302h-29.542v58.624c0 14.899 5.248 22.349 15.642 22.349 4.813 0 8.80
Action.c(35):     6-0.41 11.955-1.254l0.691 20.352c-5.299 1.997-12.262 2.995-20.838 2.995-10.598 0-18.842-3.
Action.c(35):     226-24.806-9.677-5.99-6.451-8.96-17.306-8.96-32.538v-60.851h-17.638v-20.096h17.638v-22.118
Action.c(35):     l26.291-7.936v30.029h29.542v20.122h0.026z",\n
Action.c(35):             "M2956.389 343.885h-26.854v-68.608c0-21.632-8.090-32.461-24.294-32.461-12.442 0-20
Action.c(35):     .941 6.272-25.6 18.816-0.794 2.637-1.254 5.862-1.254 9.651v72.576h-26.803v-176.026h26.803v
Action.c(35):     72.73h0.512c8.448-13.235 20.557-19.84 36.25-19.84 11.11 0 20.301 3.635 27.597 10.931 9.088
Action.c(35):      9.088 13.645 22.605 13.645 40.474v71.757z",\n
Action.c(35):             "M3102.898 277.837c0 4.813-0.358 8.858-0.998 12.16h-80.461c0.358 11.93 4.198 21.01
Action.c(35):     8 11.648 27.315 6.81 5.632 15.59 8.448 26.342 8.448 11.904 0 22.758-1.894 32.538-5.709l4.1
Action.c(35):     98 18.637c-11.443 4.966-24.909 7.45-40.499 7.45-18.688 0-33.408-5.504-44.058-16.512-10.701
Action.c(35):     -11.008-16-25.779-16-44.314 0-18.202 4.941-33.357 14.899-45.44 10.394-12.902 24.448-19.354
Action.c(35):      42.189-19.354 17.357 0 30.541 6.451 39.45 19.354 7.194 10.24 10.752 22.912 10.752 37.965v
Action.c(35):     0zM3077.298 270.899c0.205-7.962-1.562-14.822-5.197-20.608-4.659-7.45-11.75-11.187-21.35-11
Action.c(35):     .187-8.755 0-15.898 3.635-21.35 10.931-4.454 5.811-7.091 12.749-7.962 20.864h55.859z"\n
Action.c(35):           ],\n
Action.c(35):           "attrs": [\n
Action.c(35):             {\n
Action.c(35):               "fill": "rgb(166, 166, 166)"\n
Action.c(35):             },\n
Action.c(35):             {\n
Action.c(35):               "fill": "rgb(0, 0, 0)"\n
Action.c(35):             },\n
Action.c(35):             {\n
Action.c(35):               "fill": "rgb(255, 255, 255)"\n
Action.c(35):             },\n
Action.c(35):             {\n
Action.c(35):               "fill": "rgb(255, 255, 255)"\n
Action.c(35):             },\n
Action.c(35):             {\n
Action.c(35):               "fill": "rgb(255, 255, 255)"\n
Action.c(35):             },\n
Action.c(35):             {\n
Action.c(35):               "fill": "rgb(255, 255, 255)"\n
Action.c(35):             },\n
Action.c(35):             {\n
Action.c(35):               "fill": "rgb(255, 255, 255)"\n
Action.c(35):             },\n
Action.c(35):             {\n
Action.c(35):               "fill": "rgb(255, 255, 255)"\n
Action.c(35):             },\n
Action.c(35):             {\n
Action.c(35):               "fill": "rgb(255, 255, 255)"\n
Action.c(35):             },\n
Action.c(35):             {\n
Action.c(35):               "fill": "rgb(255, 255, 255)"\n
Action.c(35):             },\n
Action.c(35):             {\n
Action.c(35):               "fill": "rgb(255, 255, 255)"\n
Action.c(35):             },\n
Action.c(35):             {\n
Action.c(35):               "fill": "rgb(255, 255, 255)"\n
Action.c(35):             },\n
Action.c(35):             {\n
Action.c(35):               "fill": "rgb(255, 255, 255)"\n
Action.c(35):             },\n
Action.c(35):             {\n
Action.c(35):               "fill": "rgb(255, 255, 255)"\n
Action.c(35):             },\n
Action.c(35):             {\n
Action.c(35):               "fill": "rgb(255, 255, 255)"\n
Action.c(35):             },\n
Action.c(35):             {\n
Action.c(35):               "fill": "rgb(255, 255, 255)"\n
Action.c(35):             },\n
Action.c(35):             {\n
Action.c(35):               "fill": "rgb(255, 255, 255)"\n
Action.c(35):             },\n
Action.c(35):             {\n
Action.c(35):               "fill": "rgb(255, 255, 255)"\n
Action.c(35):             },\n
Action.c(35):             {\n
Action.c(35):               "fill": "rgb(255, 255, 255)"\n
Action.c(35):             },\n
Action.c(35):             {\n
Action.c(35):               "fill": "rgb(255, 255, 255)"\n
Action.c(35):             },\n
Action.c(35):             {\n
Action.c(35):               "fill": "rgb(255, 255, 255)"\n
Action.c(35):             },\n
Action.c(35):             {\n
Action.c(35):               "fill": "rgb(255, 255, 255)"\n
Action.c(35):             },\n
Action.c(35):             {\n
Action.c(35):               "fill": "rgb(255, 255, 255)"\n
Action.c(35):             },\n
Action.c(35):             {\n
Action.c(35):               "fill": "rgb(255, 255, 255)"\n
Action.c(35):             },\n
Action.c(35):             {\n
Action.c(35):               "fill": "rgb(255, 255, 255)"\n
Action.c(35):             }\n
Action.c(35):           ],\n
Action.c(35):           "width": 3456,\n
Action.c(35):           "isMulticolor": true,\n
Action.c(35):           "grid": 32,\n
Action.c(35):           "tags": [\n
Action.c(35):             "app-store"\n
Action.c(35):           ]\n
Action.c(35):         },\n
Action.c(35):         {\n
Action.c(35):           "paths": [\n
Action.c(35):             "M637.966 166.481c-28.564-28.564-28.564-74.876 0-103.44s74.876-28.564 103.44 0l393
Action.c(35):     .606 393.606c28.565 28.565 28.564 74.877-0.002 103.441l-393.606 393.582
Action.c(35): t=8218ms: 12288-byte DECODED response body for "https://stage.peapod.com/shop/images/icons/PeapodIcons.json" (RelFrameId=1, Internal ID=3)
Action.c(35):     c-28.565 28.563-74.876 28.562-103.44-0.003s-28.562-74.876 0.003-103.44l341.883-341.862-341
Action.c(35):     .885-341.885zM146.281 582.528v320.543c0 40.396-32.747 73.143-73.143 73.143s-73.143-32.747-
Action.c(35):     73.143-73.143v-393.606c0-40.365 32.699-73.099 73.063-73.143l1010.152-1.097c40.396-0.044 73
Action.c(35):     .178 32.668 73.222 73.063s-32.668 73.178-73.063 73.222l-937.088 1.018z"\n
Action.c(35):           ],\n
Action.c(35):           "attrs": [\n
Action.c(35):             {\n
Action.c(35):               "fill": "rgb(224, 0, 77)"\n
Action.c(35):             }\n
Action.c(35):           ],\n
Action.c(35):           "width": 1170,\n
Action.c(35):           "grid": 32,\n
Action.c(35):           "tags": [\n
Action.c(35):             "icon-directions"\n
Action.c(35):           ]\n
Action.c(35):         },\n
Action.c(35):         {\n
Action.c(35):           "paths": [\n
Action.c(35):             "M412.173 865.599c33.243-40.439 72.24-95 108.599-152.515 86.543-136.895 142.505-26
Action.c(35):     4.351 142.505-334.907 0-157.45-127.641-285.091-285.091-285.091s-285.091 127.641-285.091 28
Action.c(35):     5.091c0 70.558 55.96 198.017 142.497 334.908 36.359 57.516 75.355 112.077 108.597 152.514 
Action.c(35):     12.935 15.734 24.517 28.724 33.993 38.212 9.475-9.487 21.057-22.477 33.99-38.211zM756.368 
Action.c(35):     378.177c0 176.842-285.679 628.736-378.182 628.736-92.52 0-378.182-451.884-378.182-628.736 
Action.c(35):     0-208.863 169.319-378.182 378.182-378.182s378.182 169.319 378.182 378.182zM442.186 378.177
Action.c(35):     c0-35.338-28.662-64-64-64-35.352 0-64 28.652-64 64 0 35.361 28.639 64 64 64 35.348 0 64-28
Action.c(35):     .648 64-64zM535.277 378.177c0 86.767-70.334 157.091-157.091 157.091-86.774 0-157.091-70.31
Action.c(35):     7-157.091-157.091 0-86.757 70.323-157.091 157.091-157.091 86.751 0 157.091 70.34 157.091 1
Action.c(35):     57.091z"\n
Action.c(35):           ],\n
Action.c(35):           "attrs": [\n
Action.c(35):             {\n
Action.c(35):               "fill": "rgb(99, 102, 106)"\n
Action.c(35):             }\n
Action.c(35):           ],\n
Action.c(35):           "width": 791,\n
Action.c(35):           "grid": 32,\n
Action.c(35):           "tags": [\n
Action.c(35):             "icon-locator-pin"\n
Action.c(35):           ]\n
Action.c(35):         },\n
Action.c(35):         {\n
Action.c(35):           "paths": [\n
Action.c(35):             "M240 662.4c-60.8 64-80 144-83.2 227.2 0 22.4-9.6 35.2-32 38.4-35.2 3.2-54.4-19.2-
Action.c(35):     44.8-51.2 22.4-99.2 73.6-188.8 140.8-265.6 96-118.4 217.6-208 348.8-281.6 16-9.6 35.2-19.2
Action.c(35):      51.2-32-172.8 54.4-323.2 147.2-444.8 288-67.2-35.2-99.2-137.6-64-214.4 48-99.2 128-160 22
Action.c(35):     4-204.8 201.6-92.8 406.4-83.2 611.2 0 3.2 0 3.2 3.2 6.4 6.4-64 57.6-92.8 137.6-128 211.2-5
Action.c(35):     7.6 118.4-115.2 233.6-217.6 323.2-51.2 44.8-105.6 83.2-172.8 99.2-83.2 19.2-160-25.6-185.6
Action.c(35):     -108.8-3.2-12.8-6.4-22.4-9.6-35.2z"\n
Action.c(35):           ],\n
Action.c(35):           "grid": 32,\n
Action.c(35):           "tags": [\n
Action.c(35):             "organic"\n
Action.c(35):           ]\n
Action.c(35):         },\n
Action.c(35):         {\n
Action.c(35):           "paths": [\n
Action.c(35):             "M3435.179 820.565v-20.48h13.653c6.827 0 15.019 1.365 15.019 9.557 0 9.557-8.192 1
Action.c(35):     0.923-16.384 10.923h-12.288zM3435.179 830.123h10.923l17.749 28.672h10.923l-19.115-28.672c9
Action.c(35):     .557-1.365 17.749-6.827 17.749-17.749 0-13.653-8.192-19.115-23.211-19.115h-25.941v66.901h9
Action.c(35):     .557v-30.037h1.365zM3447.467 883.371c31.403 0 58.709-24.576 58.709-57.344s-27.307-57.344-5
Action.c(35):     8.709-57.344c-31.403 0-58.709 24.576-58.709 57.344s27.307 57.344 58.709 57.344v0zM3401.045
Action.c(35):      824.661c0-27.307 20.48-47.787 46.421-47.787s46.421 20.48 46.421 47.787-20.48 47.787-46.42
Action.c(35):     1 47.787c-25.941 1.365-46.421-19.115-46.421-47.787v0z",\n
Action.c(35):             "M2647.381 137.899v395.947l-229.376-342.699c-16.384-28.672-49.152-51.883-70.997-61
Action.c(35):     .44v0c-61.44-25.941-120.149-4.096-151.552 21.845-43.691 36.864-60.075 106.496-60.075 143.3
Action.c(35):     6v581.632h214.357v-401.408l263.509 398.677 1.365 1.365h245.76v-4.096c0-4.096 0-352.256 0-5
Action.c(35):     27.019h232.107v532.48h234.837v-525.653h225.28v-212.992h-905.216zM1810.432 247.125l-28.672-
Action.c(35):     60.075c-19.115-32.768-57.344-58.709-101.035-66.901-54.613-10.923-118.784 15.019-150.187 62
Action.c(35):     .805-28.672 38.229-297.643 663.552-309.931 690.859l-2.731 6.827h243.029l193.877-484.693 11
Action.c(35):     6.053 273.067h-159.744v211.627h475.136c5.461 0 10.923 0 13.653-4.096 1.365-1.365 1.365-4.0
Action.c(35):     96 0-6.827l-289.451-622.592zM447.829 349.525h412.331v-210.261h-398.677c-106.496-2.731-182.
Action.c(35):     955 24.576-256.683 95.573-102.4 101.035-136.533 253.952-90.112 397.312 40.96 131.072 166.5
Action.c(35):     71 237.568 290.816 248.491h451.925v-380.928h-214.357v173.397h-206.165c-25.941 0-47.787-19.
Action.c(35):     115-61.44-34.133-38.229-43.691-57.344-113.323-51.883-150.187 8.192-65.536 73.728-139.264 1
Action.c(35):     24.245-139.264v0zM933.888 136.533h238.933v749.568h-238.933v-749.568z"\n
Action.c(35):           ],\n
Action.c(35):           "attrs": [\n
Action.c(35):             {\n
Action.c(35):               "fill": "rgb(234, 0, 41)"\n
Action.c(35):             },\n
Action.c(35):             {\n
Action.c(35):               "fill": "rgb(234, 0, 41)"\n
Action.c(35):             }\n
Action.c(35):           ],\n
Action.c(35):           "width": 3659,\n
Action.c(35):           "grid": 32,\n
Action.c(35):           "tags": [\n
Action.c(35):             "giant-logo-solo"\n
Action.c(35):           ]\n
Action.c(35):         },\n
Action.c(35):         {\n
Action.c(35):           "paths": [\n
Action.c(35):             "M844.325 279.007c0-17.529-4.382-35.058-11.686-52.588-7.304-16.068-17.529-32.137-3
Action.c(35):     0.676-43.823-10.225-8.765-24.833-18.99-43.823-27.755-17.529-7.304-39.441-13.147-64.274-13.
Action.c(35):     147-5.843 0-11.686 0-17.529 1.461-14.608 1.461-26.294 4.382-36.519 10.225-16.068 7.304-26.
Action.c(35):     294 18.99-33.598 29.215-7.304 11.686-10.225 21.912-14.608 30.676v0 0c-14.608 37.98-40.902 
Action.c(35):     100.793-62.813 153.381-8.765 20.451-16.068 39.441-23.372 55.509l-99.332-230.802v-1.461c-8.
Action.c(35):     765-14.608-23.372-26.294-42.362-35.058s-40.902-14.608-65.735-14.608v0 0c-13.147 0-26.294 2
Action.c(35):     .922-40.902 5.843-21.912 5.843-45.284 17.529-62.813 35.058-8.765 8.765-17.529 18.99-23.372
Action.c(35):      30.676s-8.765 24.833-10.225 39.441v0 651.504h181.136v-441.153l90.568 254.174 1.461 1.461c
Action.c(35):     4.382 5.843 10.225 14.608 18.99 21.912 4.382 4.382 8.765 7.304 14.608 10.225 4.382 2.922 1
Action.c(35):     0.225 4.382 16.068 5.843 10.225 2.922 18.99 4.382 29.215 4.382 16.068 0 30.676-4.382 42.36
Action.c(35):     2-11.686s21.912-18.99 29.215-33.598v-1.461l83.264-246.87v435.31h165.067l4.382-1.461c4.382-
Action.c(35):     2.922 5.843-5.843 7.304-7.304s1.461-2.922 1.461-2.922 0-2.922 1.461-2.922c0-1.461 0-1.461 
Action.c(35):     0-1.461 0-1.461 0-1.461 0-1.461v-1.461c0-8.765 0-58.431 0-127.087 0-86.185 0-200.126 0-296
Action.c(35):     .536-2.922-92.029-2.922-169.449-2.922-179.675z",\n
Action.c(35):             "M1327.84 248.331l-1.461-1.461c0 0-4.382-8.765-10.225-18.99s-13.147-21.912-21.912-
Action.c(35):     32.137c-7.304-10.225-13.147-17.529-21.912-24.833s-17.529-13.147-29.215-18.99h-1.461c-14.60
Action.c(35):     8-5.843-29.215-8.765-43.823-8.765-27.755 0-52.588 8.765-73.039 20.451-10.225 5.843-18.99 1
Action.c(35):     3.147-26.294 20.451s-13.147 16.068-16.068 26.294v0l-205.969 670.494c-1.461 5.843 0 11.686 
Action.c(35):     2.922 16.068s8.765 7.304 14.608 7.304h140.234c8.765 0 16.068-5.843 17.529-13.147l143.155-4
Action.c(35):     71.829 94.95 321.369h-154.842c-10.225 0-18.99 8.765-18.99 18.99v125.626c0 4.382 1.461 10.2
Action.c(35):     25 5.843 13.147 2.922 2.922 8.765 5.843 13.147 5.843h365.193c5.843 0 11.686-2.922 14.608-7
Action.c(35):     .304s4.382-10.225 2.922-16.068l-189.9-632.514z",\n
Action.c(35):             "M3155.264 508.348l-146.077-302.379c-5.843-13.147-13.147-23.372-23.372-32.137-14.6
Action.c(35):     08-13.147-32.137-20.451-48.205-26.294-17.529-4.382-33.598-7.304-48.205-7.304h-1.461c-14.60
Action.c(35):     8 0-29.215 4.382-43.823 10.225-20.451 8.765-40.902 23.372-55.509 39.441-7.304 8.765-13.147
Action.c(35):      16.068-18.99 24.833-4.382 8.765-7.304 18.99-7.304 29.215v0 658.807h179.675v-422.163l213.2
Action.c(35):     72 423.623h188.439v-762.522h-186.979l-1.461 366.653z",\n
Action.c(35):             "M3980.599 609.141c-11.686-26.294-27.755-52.588-51.127-77.421v0 0c-16.068-16.068-3
Action.c(35):     2.137-27.755-49.666-35.058-24.833-11.686-51.127-17.529-73.039-24.833-23.372-7.304-43.823-1
Action.c(35):     4.608-62.813-30.676-5.843-5.843-10.225-16.068-13.147-26.294-2.922-11.686-5.843-24.833-5.84
Action.c(35):     3-37.98 0-11.686 1.461-21.912 4.382-29.215 4.382-14.608 11.686-27.755 20.451-36.519 4.382-
Action.c(35):     4.382 8.765-7.304 13.147-8.765s10.225-2.922 14.608-2.922h184.057v-157.763h-197.204c-29.215
Action.c(35):      0-52.588 7.304-71.578 17.529s-33.598 21.912-49.666 33.598h-1.461c-27.755 23.372-48.205 51
Action.c(35):     .127-61.352 81.803-13.147 29.215-18.99 61.352-18.99 93.489 0 27.755 4.382 55.509 11.686 81
Action.c(35):     .803v0 0c17.529 45.284 43.823 80.342 73.039 103.715 29.215 24.833 59.892 39.441 87.646 48.
Action.c(35):     205 23.372 8.765 51.127 20.451 71.578 35.058 10.225 7.304 17.529 16.068 23.372 24.833s7.30
Action.c(35):     4 17.529 7.304 26.294c0 5.843-1.461 11.686-2.922 18.99v0c-2.922 10.225-11.686 23.372-20.45
Action.c(35):     1 32.137-4.382 4.382-8.765 8.765-13.147 10.225-4.382 2.922-7.304 2.922-8.765 2.922h-179.67
Action.c(35):     5v147.538h188.439c36.519 0 73.039-13.147 105.175-36.519s58.431-54.049 74.499-92.029v0 0c11
Action.c(35):     .686-27.755 17.529-56.97 17.529-84.725 1.461-23.372-4.382-51.127-16.068-77.421z",\n
Action.c(35):             "M2500.839 141.695h-502.505v150.459c-13.147-33.598-35.058-70.117-64.274-99.332-14.
Action.c(35):     608-14.608-32.137-27.755-52.588-36.519s-42.362-14.608-65.735-14.608v0h-257.096l-2.922 763.
Action.c(35):     983h166.528v-277.546c4.382 0 8.765 0 13.147 0 42.362 0 70.117 8.765 86.185 18.99 8.765 5.8
Action.c(35):     43 13.147 11.686 17.529 17.529s5.843 13.147 7.304 18.99c0 8.765 0 58.431 0 106.636 0 24.83
Action.c(35):     3 0 48.205 0 67.195 0 17.529 0 29.215 0 29.215v18.99h163.606v-311.144c-1.461-10.225-4.382-
Action.c(35):     18.99-8.765-27.755-7.304-13.147-18.99-24.833-32.137-35.058-4.382-4.382-10.225-7.304-16.068
Action.c(35):     -10.225 2.922-2.922 4.382-4.382 5.843-7.304 14.608-18.99 27.755-42.362 37.98-70.117 10.225
Action.c(35):     -26.294 16.068-55.509 16.068-86.185 0-20.451-2.922-40.902-10.225-59.892h151.92v606.22h194.
Action.c(35):     282v-606.22h156.302v-18.99l-4.382-137.312zM1828.884 419.241c-5.843 7.304-14.608 14.608-21.
Action.c(35):     912 20.451-4.382 2.922-8.765 5.843-13.147 7.304-2.922 1.461-5.843 1.461-7.304 2.922h-65.73
Action.c(35):     5v-150.459c5.843 0 10.225 0 16.068 0 23.372 0 45.284 1.461 62.813 8.765 8.765 2.922 16.068
Action.c(35):      7.304 21.912 13.147s11.686 11.686 14.608 21.912v0 0c5.843 11.686 8.765 23.372 8.765 33.59
Action.c(35):     8 0 11.686-5.843 26.294-16.068 42.362z",\n
Action.c(35):             "M2721.415 141.695h-176.753v763.983l176.753-1.461v-17.529z",\n
Action.c(35):             "M3552.593 141.695h-176.753v156.302h33.598l-26.294 108.097 20.451 2.922c5.843 1.46
Action.c(35):     1 11.686 1.461 17.529 1.461 10.225 0 18.99-1.461 27.755-4.382 13.147-4.382 21.912-11.686 3
Action.c(35):     0.676-17.529 8.765-7.304 16.068-14.608 23.372-21.912l2.922-1.461 1.461-1.461c21.912-26.294
Action.c(35):      33.598-56.97 39.441-89.107s7.304-64.274 7.304-92.029c0-8.765 0-16.068 0-23.372l-1.461-17.
Action.c(35):     529z",\n
Action.c(35):             "M4017.118 841.404c0-30.676 23.372-52.588 52.588-52.588s52.588 23.372 52.588 52.58
Action.c(35):     8c0 30.676-23.372 54.049-52.588 54.049-29.215-1.461-52.588-23.372-52.588-54.049zM4069.706 
Action.c(35):     905.678c35.058 0 64.274-27.755 64.274-64.274s-29.215-64.274-64.274-64.274c-35.058 0-65.735
Action.c(35):      27.755-65.735 64.274s30.676 64.274 65.735 64.274zM4056.559 845.786h13.147l18.99 32.137h13
Action.c(35):     .147l-20.451-32.137c10.225-1.461 18.99-7.304 18.99-20.451 0-14.608-8.765-20.451-26.294-20.
Action.c(35):     451h-27.755v74.499h11.686v-33.598zM4056.559 837.021v-23.372h14.608c7.304 0 16.068 1.461 16
Action.c(35):     .068 10.225 0 11.686-8.765 11.686-17.529 11.686h-13.147z"\n
Action.c(35):           ],\n
Action.c(35):           "attrs": [\n
Action.c(35):             {\n
Action.c(35):               "fill": "rgb(234, 0, 41)"\n
Action.c(35):             },\n
Action.c(35):             {\n
Action.c(35):               "fill": "rgb(234, 0, 41)"\n
Action.c(35):             },\n
Action.c(35):             {\n
Action.c(35):               "fill": "rgb(234, 0, 41)"\n
Action.c(35):             },\n
Action.c(35):             {\n
Action.c(35):               "fill": "rgb(234, 0, 41)"\n
Action.c(35):             },\n
Action.c(35):             {\n
Action.c(35):               "fill": "rgb(234, 0, 41)"\n
Action.c(35):             },\n
Action.c(35):             {\n
Action.c(35):               "fill": "rgb(234, 0, 41)"\n
Action.c(35):             },\n
Action.c(35):             {\n
Action.c(35):               "fill": "rgb(234, 0, 41)"\n
Action.c(35):             },\n
Action.c(35):             {\n
Action.c(35):               "fill": "rgb(234, 0, 41)"\n
Action.c(35):             }\n
Action.c(35):           ],\n
Action.c(35):           "width": 4248,\n
Action.c(35):           "grid": 32,\n
Action.c(35):           "tags": [\n
Action.c(35):             "martins-logo-solo"\n
Action.c(35):           ]\n
Action.c(35):         },\n
Action.c(35):         {\n
Action.c(35):           "paths": [\n
Action.c(35):             "M505.6 313.6c0-12.8-3.2-25.6-9.6-38.4s-12.8-22.4-22.4-32c-6.4-6.4-19.2-12.8-32-19
Action.c(35):     .2s-28.8-9.6-44.8-9.6c-3.2 0-9.6 0-12.8 0-9.6 0-19.2 3.2-25.6 6.4-12.8 6.4-19.2 12.8-22.4 
Action.c(35):     22.4-6.4 9.6-6.4 16-9.6 22.4v0 0c-9.6 28.8-28.8 73.6-44.8 112-6.4 16-12.8 28.8-16 38.4l-76
Action.c(35):     .8-166.4c-6.4-9.6-19.2-19.2-32-25.6s-28.8-9.6-48-9.6v0 0c-9.6 0-19.2 3.2-28.8 3.2-16 6.4-3
Action.c(35):     2 12.8-48 25.6-6.4 6.4-12.8 12.8-16 22.4s-6.4 19.2-6.4 28.8v0 470.4h131.2v-320l64 182.4c3.
Action.c(35):     2 3.2 6.4 9.6 12.8 16 3.2 3.2 6.4 6.4 9.6 6.4 3.2 3.2 6.4 3.2 12.8 3.2 6.4 3.2 12.8 3.2 22
Action.c(35):     .4 3.2 12.8 0 22.4-3.2 32-9.6s16-12.8 19.2-22.4v0l60.8-179.2v313.6h121.6c3.2-3.2 3.2-3.2 6
Action.c(35):     .4-6.4 0 0 0-3.2 0-3.2s0 0 0-3.2c0 0 0 0 0 0s0 0 0 0v0c0-6.4 0-41.6 0-92.8 0-60.8 0-144 0-
Action.c(35):     214.4 3.2-60.8 3.2-118.4 3.2-124.8z",\n
Action.c(35):             "M854.4 291.2v0c0-3.2-3.2-6.4-6.4-16-3.2-6.4-9.6-16-16-22.4s-9.6-12.8-16-19.2c-6.4
Action.c(35):     -6.4-16-9.6-22.4-12.8v0c-9.6-3.2-22.4-6.4-32-6.4-19.2 0-38.4 6.4-51.2 16-6.4 3.2-12.8 9.6-
Action.c(35):     19.2 16s-9.6 12.8-12.8 19.2v0l-150.4 486.4c0 3.2 0 9.6 3.2 12.8s6.4 6.4 9.6 6.4h102.4c6.4 
Action.c(35):     0 9.6-3.2 12.8-9.6l102.4-345.6 70.4 233.6h-112c-6.4 0-12.8 6.4-12.8 12.8v89.6c0 3.2 0 6.4 
Action.c(35):     3.2 9.6s6.4 3.2 9.6 3.2h262.4c3.2 0 9.6-3.2 9.6-6.4 3.2-3.2 3.2-6.4 3.2-12.8l-137.6-454.4z
Action.c(35):     ",\n
Action.c(35):             "M2172.8 480l-105.6-217.6c-3.2-9.6-9.6-16-16-22.4-9.6-9.6-22.4-16-35.2-19.2s-25.6-
Action.c(35):     6.4-35.2-6.4v0c-9.6 0-22.4 3.2-32 6.4-16 6.4-28.8 16-38.4 28.8-6.4 6.4-9.6 12.8-12.8 19.2-
Action.c(35):     6.4 6.4-9.6 12.8-9.6 19.2v0 476.8h128v-304l153.6 304h134.4v-550.4h-134.4l3.2 265.6z",\n
Action.c(35):             "M2771.2 550.4c-9.6-19.2-19.2-38.4-38.4-57.6v0 0c-9.6-12.8-22.4-19.2-35.2-25.6-19.
Action.c(35):     2-9.6-35.2-12.8-54.4-16-16-6.4-32-9.6-44.8-22.4-3.2-3.2-6.4-12.8-9.6-19.2-3.2-9.6-3.2-19.2
Action.c(35):     -3.2-28.8s0-16 3.2-22.4c3.2-9.6 9.6-19.2 16-25.6 3.2-3.2 6.4-6.4 9.6-6.4s6.4-3.2 9.6-3.2h1
Action.c(35):     31.2v-112h-140.8c-22.4 0-38.4 6.4-51.2 12.8s-22.4 16-35.2 25.6v0 0c-19.2 16-35.2 38.4-44.8
Action.c(35):      57.6-9.6 22.4-12.8 44.8-12.8 67.2 0 19.2 3.2 38.4 9.6 57.6v0 0c12.8 32 32 57.6 54.4 76.8s
Action.c(35):     44.8 28.8 64 35.2c16 6.4 38.4
Action.c(35): t=8248ms: 12288-byte DECODED response body for "https://stage.peapod.com/shop/images/icons/PeapodIcons.json" (RelFrameId=1, Internal ID=3)
Action.c(35):      16 51.2 25.6 6.4 6.4 12.8 12.8 16 16 3.2 6.4 6.4 12.8 6.4 19.2 0 3.2 0 9.6-3.2 12.8v0c-3.
Action.c(35):     2 6.4-9.6 16-16 22.4-3.2 3.2-6.4 6.4-9.6 6.4-3.2 3.2-6.4 3.2-6.4 3.2h-131.2v105.6h137.6c25
Action.c(35):     .6 0 54.4-9.6 76.8-25.6s41.6-38.4 54.4-67.2v0 0c6.4-19.2 12.8-41.6 12.8-60.8-6.4-12.8-9.6-
Action.c(35):     32-16-51.2z",\n
Action.c(35):             "M1699.2 214.4h-361.6v108.8c-9.6-25.6-25.6-51.2-44.8-70.4-12.8-12.8-25.6-22.4-41.6
Action.c(35):     -28.8-12.8-6.4-32-9.6-48-9.6v0h-185.6l-3.2 550.4h121.6v-201.6c3.2 0 6.4 0 9.6 0 32 0 51.2 
Action.c(35):     6.4 60.8 12.8 6.4 3.2 9.6 9.6 12.8 12.8s3.2 9.6 6.4 12.8c0 6.4 0 41.6 0 76.8 0 19.2 0 35.2
Action.c(35):      0 48s0 22.4 0 22.4v12.8h118.4v-224c0-6.4-3.2-12.8-6.4-19.2-6.4-9.6-12.8-19.2-22.4-25.6-3.
Action.c(35):     2-3.2-6.4-6.4-12.8-6.4 3.2-3.2 3.2-3.2 3.2-6.4 9.6-12.8 19.2-32 28.8-51.2 6.4-19.2 9.6-41.
Action.c(35):     6 9.6-60.8 0-16-3.2-28.8-6.4-44.8h108.8v438.4h140.8v-438.4h112v-12.8l0-96zM1216 412.8c-3.2
Action.c(35):      6.4-9.6 9.6-16 16-3.2 3.2-6.4 3.2-9.6 6.4-3.2 0-3.2 0-6.4 3.2h-48v-108.8c3.2 0 6.4 0 12.8
Action.c(35):      0 16 0 32 0 44.8 6.4 6.4 3.2 12.8 6.4 16 9.6s9.6 9.6 9.6 16v0 0c3.2 9.6 6.4 16 6.4 22.4s-
Action.c(35):     3.2 19.2-9.6 28.8z",\n
Action.c(35):             "M1859.2 214.4h-128v550.4h128v-12.8z",\n
Action.c(35):             "M2460.8 214.4h-128v112h25.6l-19.2 76.8 16 3.2c3.2 0 9.6 0 12.8 0 6.4 0 12.8 0 19.
Action.c(35):     2-3.2 9.6-3.2 16-6.4 22.4-12.8s12.8-9.6 16-16v0 0c16-19.2 22.4-41.6 28.8-64 3.2-22.4 6.4-4
Action.c(35):     4.8 6.4-67.2 0-6.4 0-12.8 0-16l-0-12.8z",\n
Action.c(35):             "M2796.8 720c0-22.4 16-38.4 38.4-38.4s38.4 16 38.4 38.4c0 22.4-16 38.4-38.4 38.4s-
Action.c(35):     38.4-16-38.4-38.4zM2835.2 764.8c25.6 0 48-19.2 48-48 0-25.6-22.4-44.8-48-44.8s-48 19.2-48 
Action.c(35):     44.8c0 28.8 22.4 48 48 48zM2822.4 723.2h9.6l12.8 22.4h9.6l-16-22.4c6.4 0 12.8-6.4 12.8-16s
Action.c(35):     -6.4-16-19.2-16h-16v54.4h9.6v-22.4zM2822.4 716.8v-16h9.6c6.4 0 12.8 0 12.8 6.4 0 9.6-6.4 9
Action.c(35):     .6-12.8 9.6h-9.6z",\n
Action.c(35):             "M3721.6 480l-102.4-265.6h-131.2l102.4 268.8-102.4 281.6h128l105.6-284.8z",\n
Action.c(35):             "M3203.2 764.8c201.6 0 294.4-86.4 294.4-275.2s-92.8-275.2-294.4-275.2h-240v550.4h2
Action.c(35):     40zM3136 348.8h60.8c86.4 0 128 44.8 128 140.8s-41.6 140.8-128 140.8h-60.8v-281.6zM4262.4 7
Action.c(35):     64.8l-115.2-192c60.8-19.2 92.8-73.6 92.8-160 0-131.2-73.6-201.6-214.4-201.6h-268.8v550.4h1
Action.c(35):     72.8v-166.4h51.2l92.8 166.4h188.8v3.2zM4003.2 467.2h-73.6v-118.4h73.6c41.6 0 64 22.4 64 64
Action.c(35):      3.2 35.2-19.2 54.4-64 54.4v0zM4745.6 348.8v-134.4h-451.2v550.4h451.2v-134.4h-278.4v-73.6h
Action.c(35):     246.4v-134.4h-246.4v-73.6l278.4 0zM5187.2 563.2c-25.6 44.8-64 70.4-115.2 70.4-92.8 0-137.6
Action.c(35):     -48-137.6-144s44.8-144 131.2-144c57.6 0 99.2 25.6 124.8 70.4l147.2-57.6c-44.8-99.2-147.2-1
Action.c(35):     53.6-268.8-153.6-201.6 0-304 99.2-304 284.8s102.4 284.8 304 284.8c131.2 0 230.4-51.2 268.8
Action.c(35):     -153.6l-150.4-57.6zM5779.2 214.4h-467.2v134.4h147.2v416h172.8v-416h147.2v-134.4z",\n
Action.c(35):             "M5705.6 716.8h9.6c6.4 0 9.6 3.2 9.6 6.4 0 6.4-3.2 6.4-9.6 6.4h-6.4v-12.8h-3.2zM57
Action.c(35):     05.6 732.8h6.4l12.8 19.2h6.4l-12.8-19.2c6.4 0 9.6-3.2 9.6-12.8s-6.4-12.8-16-12.8h-16v41.6h
Action.c(35):     6.4v-16h3.2zM5712 761.6c-16 0-28.8-12.8-28.8-32 0-16 12.8-32 28.8-32s28.8 12.8 28.8 32c0 1
Action.c(35):     9.2-12.8 32-28.8 32v0zM5712 768c19.2 0 35.2-16 35.2-35.2s-16-35.2-35.2-35.2c-19.2 0-35.2 1
Action.c(35):     6-35.2 35.2-3.2 19.2 16 35.2 35.2 35.2v0z",\n
Action.c(35):             "M5894.4 400v112h19.2v-32c6.4 6.4 9.6 9.6 19.2 9.6s19.2-9.6 19.2-22.4v-41.6c0-16-6
Action.c(35):     .4-22.4-19.2-22.4-9.6 0-12.8 3.2-19.2 9.6v0-9.6h-19.2v-3.2zM5913.6 419.2c3.2-3.2 6.4-3.2 9
Action.c(35):     .6-3.2s9.6 3.2 9.6 12.8v32c0 12.8-3.2 12.8-9.6 12.8-3.2 0-6.4-3.2-9.6-3.2v-51.2zM6006.4 46
Action.c(35):     0.8c0 9.6-3.2 12.8-9.6 12.8s-9.6-3.2-9.6-12.8v-32c0-9.6 3.2-12.8 9.6-12.8s9.6 3.2 9.6 12.8
Action.c(35):     v32zM5968 457.6c0 19.2 6.4 32 28.8 32 19.2 0 28.8-12.8 28.8-32v-25.6c0-19.2-6.4-32-28.8-32
Action.c(35):     -19.2 0-28.8 12.8-28.8 32v25.6zM6064 454.4v0l-9.6-54.4h-16l16 86.4h12.8l12.8-54.4 9.6 54.4
Action.c(35):     h12.8l19.2-86.4h-16l-9.6 54.4-9.6-54.4h-12.8l-9.6 54.4zM6156.8 432v-3.2c0-9.6 3.2-12.8 9.6
Action.c(35):     -12.8s9.6 3.2 9.6 12.8v3.2h-19.2zM6195.2 432c0-19.2-6.4-32-28.8-32-19.2 0-28.8 12.8-28.8 3
Action.c(35):     2v25.6c0 19.2 6.4 32 28.8 32 19.2 0 28.8-12.8 28.8-32h-19.2v3.2c0 9.6-3.2 12.8-9.6 12.8s-9
Action.c(35):     .6-3.2-9.6-12.8v-12.8h38.4v-16h0zM6233.6 486.4v-57.6c0-6.4 6.4-12.8 12.8-12.8s9.6 0 12.8 3
Action.c(35):     .2v-19.2h-3.2c-9.6 0-16 3.2-19.2 12.8v0-9.6h-16v86.4h12.8v-3.2zM6291.2 432v-3.2c0-9.6 3.2-
Action.c(35):     12.8 9.6-12.8s9.6 3.2 9.6 12.8v3.2h-19.2zM6326.4 432c0-19.2-6.4-32-28.8-32-19.2 0-28.8 12.
Action.c(35):     8-28.8 32v25.6c0 19.2 6.4 32 28.8 32 19.2 0 28.8-12.8 28.8-32h-19.2v3.2c0 9.6-3.2 12.8-9.6
Action.c(35):      12.8s-9.6-3.2-9.6-12.8v-12.8h38.4v-16h0zM6403.2 486.4v-115.2h-19.2v35.2c-6.4-6.4-9.6-9.6-
Action.c(35):     19.2-9.6s-19.2 9.6-19.2 22.4v41.6c0 16 6.4 22.4 19.2 22.4 9.6 0 12.8-3.2 19.2-9.6v0 9.6h19
Action.c(35):     .2v3.2zM6384 470.4c-3.2 3.2-6.4 3.2-9.6 3.2s-9.6-3.2-9.6-12.8v-32c0-12.8 3.2-12.8 9.6-12.8
Action.c(35):      3.2 0 6.4 3.2 9.6 3.2v51.2zM6480 486.4v-9.6c6.4 6.4 9.6 9.6 19.2 9.6s19.2-9.6 19.2-22.4v-
Action.c(35):     41.6c0-16-6.4-22.4-19.2-22.4-6.4 0-12.8 3.2-19.2 9.6v-35.2h-16v115.2h16v-3.2zM6483.2 419.2
Action.c(35):     c3.2-3.2 6.4-3.2 9.6-3.2s9.6 3.2 9.6 12.8v32c0 12.8-3.2 12.8-9.6 12.8-3.2 0-6.4-3.2-9.6-3.
Action.c(35):     2v-51.2zM6563.2 454.4v0l-12.8-54.4h-19.2l19.2 73.6c0 3.2 3.2 6.4 3.2 12.8 0 9.6-3.2 12.8-1
Action.c(35):     2.8 12.8h-3.2v12.8h6.4c12.8 0 19.2-6.4 25.6-19.2l22.4-92.8h-19.2l-9.6 54.4z",\n
Action.c(35):             "M5929.6 732.8v-48c0-3.2 0-6.4 3.2-6.4s12.8 6.4 35.2 3.2c28.8-3.2 51.2-25.6 51.2-5
Action.c(35):     7.6 0-38.4-22.4-57.6-67.2-57.6-16 0-28.8 0-38.4 0h-6.4c-19.2 0-28.8 0-28.8 0-6.4 0-6.4 0-6
Action.c(35):     .4 3.2 0 6.4 6.4 3.2 16 6.4 9.6 0 9.6 3.2 9.6 12.8v140.8c0 16 0 19.2-12.8 22.4-9.6 0-16 0-
Action.c(35):     16 6.4 0 3.2 3.2 6.4 9.6 6.4s16-3.2 35.2-3.2c19.2 0 32 3.2 38.4 3.2s9.6-3.2 9.6-6.4c0-6.4-
Action.c(35):     6.4-3.2-16-6.4-16 0-16-3.2-16-19.2zM5929.6 592c0-12.8 3.2-16 19.2-16 19.2 0 35.2 19.2 35.2
Action.c(35):      48 0 25.6-12.8 48-32 48-12.8 0-19.2-3.2-19.2-12.8v-67.2h-3.2z",\n
Action.c(35):             "M6057.6 691.2v0c0-6.4 0-6.4 3.2-6.4h83.2c9.6 0 12.8 0 12.8-6.4 0-25.6-22.4-57.6-6
Action.c(35):     0.8-57.6-44.8 0-76.8 28.8-76.8 73.6s28.8 73.6 70.4 73.6c22.4 0 38.4-6.4 54.4-19.2 6.4-6.4 
Action.c(35):     9.6-9.6 9.6-12.8s0-3.2-3.2-3.2-16 19.2-44.8 19.2c-28.8-0-48-28.8-48-60.8zM6092.8 675.2h-25
Action.c(35):     .6c-3.2 0-3.2 0-3.2-3.2v0-6.4c3.2-16 9.6-35.2 38.4-35.2 22.4 0 25.6 16 25.6 28.8-3.2 16-12
Action.c(35):     .8 16-35.2 16z",\n
Action.c(35):             "M6284.8 729.6v-73.6c0-25.6-6.4-35.2-38.4-35.2-41.6 0-70.4 25.6-70.4 44.8 0 3.2 3.
Action.c(35):     2 6.4 6.4 6.4 16 0 19.2-6.4 25.6-19.2s12.8-19.2 28.8-19.2c12.8 0 16 6.4 16 25.6v12.8c0 3.2
Action.c(35):      0 6.4-3.2 6.4l-9.6 3.2c-41.6 16-60.8 28.8-60.8 54.4 0 16 6.4 35.2 28.8 35.2 12.8 0 25.6-6
Action.c(35):     .4 38.4-16l9.6-6.4h3.2c6.4 12.8 16 22.4 25.6 22.4 16 0 35.2-16 35.2-22.4 0-3.2 0-3.2-3.2-3
Action.c(35):     .2s-9.6 6.4-16 6.4c-12.8-3.2-16-9.6-16-22.4zM6252.8 723.2c0 16-12.8 28.8-28.8 28.8s-19.2-1
Action.c(35):     2.8-19.2-25.6c0-12.8 9.6-28.8 25.6-35.2l12.8-6.4c3.2 0 3.2 0 3.2 0s3.2 0 3.2 3.2v35.2h3.2z
Action.c(35):     ",\n
Action.c(35):             "M6361.6 764.8v0c12.8 3.2 22.4 6.4 35.2 6.4 48 0 80-32 80-80 0-41.6-28.8-70.4-64-7
Action.c(35):     0.4-16 0-28.8 6.4-44.8 19.2l-3.2 3.2c0 0-3.2 0-3.2 0s0 0 0-3.2v-16c0-3.2 0-6.4-3.2-6.4s-9.
Action.c(35):     6 9.6-28.8 16c-9.6 6.4-19.2 6.4-19.2 9.6 0 6.4 6.4 3.2 9.6 6.4 6.4 3.2 6.4 6.4 6.4 12.8v14
Action.c(35):     0.8c0 9.6 0 12.8-9.6 12.8-9.6 3.2-16 0-16 6.4 0 3.2 3.2 3.2 6.4 3.2 6.4 0 16-3.2 32-3.2 12
Action.c(35):     .8 0 25.6 3.2 35.2 3.2 6.4 0 6.4-3.2 6.4-3.2 0-6.4-6.4-3.2-16-6.4-6.4-3.2-9.6-3.2-9.6-12.8
Action.c(35):     v-38.4h6.4zM6361.6 675.2c0-22.4 9.6-32 32-32 32 0 51.2 22.4 51.2 57.6s-22.4 60.8-51.2 60.8
Action.c(35):     c-19.2 0-32-9.6-32-28.8v-57.6z",\n
Action.c(35):             "M6774.4 585.6v38.4c0 3.2 0 3.2-3.2 3.2v0h-6.4c-6.4-3.2-16-3.2-25.6-3.2-44.8 0-80 
Action.c(35):     32-80 76.8 0 41.6 32 73.6 70.4 73.6 25.6 0 41.6-12.8 41.6-12.8 3.2 0 3.2 12.8 9.6 12.8 3.2
Action.c(35):      0 12.8-6.4 35.2-12.8 6.4-3.2 9.6-3.2 9.6-9.6 0-3.2-3.2-6.4-3.2-6.4-3.2 0-6.4 6.4-12.8 6.4
Action.c(35):     -3.2 0-6.4-3.2-6.4-12.8v-163.2c0-9.6 0-16 0-22.4 0-3.2 0-6.4-3.2-6.4s-9.6 6.4-28.8 12.8c-9
Action.c(35):     .6 3.2-19.2 3.2-19.2 9.6 0 3.2 6.4 3.2 12.8 6.4 9.6 0 9.6 0 9.6 9.6zM6774.4 726.4c0 22.4 0
Action.c(35):      32-25.6 32-35.2 0-54.4-22.4-54.4-57.6 0-41.6 22.4-67.2 48-67.2s32 16 32 48v44.8z",\n
Action.c(35):             "M6835.2 534.4c0-9.6 6.4-16 16-16s16 6.4 16 16c0 9.6-6.4 16-16 16s-16-6.4-16-16zM6
Action.c(35):     832 534.4c0 9.6 6.4 19.2 19.2 19.2 9.6 0 19.2-6.4 19.2-19.2 0-9.6-6.4-19.2-19.2-19.2-12.8 
Action.c(35):     3.2-19.2 9.6-19.2 19.2z",\n
Action.c(35):             "M6844.8 547.2v-9.6h3.2c0 0 0 0 0 0s0 0 0 0 0 0 0 0 0 0 3.2 3.2l3.2 3.2h3.2l-3.2-6
Action.c(35):     .4c0 0 0-3.2-3.2-3.2 0 0 0 0-3.2 0 3.2 0 3.2 0 3.2-3.2 0 0 0-3.2 0-3.2s0-3.2 0-3.2c0 0 0 0
Action.c(35):     -3.2-3.2 0 0-3.2 0-3.2 0h-9.6l9.6 25.6zM6844.8 528h6.4c0 0 3.2 0 3.2 0s0 0 0 3.2c0 0 0 0 0
Action.c(35):      3.2 0 0 0 0 0 0s-3.2 0-3.2 0h-6.4v-6.4z",\n
Action.c(35):             "M6649.6 694.4c0 44.8-35.2 80-80 80s-80-35.2-80-80c0-44.8 35.2-80 80-80s80 35.2 80
Action.c(35):      80z"\n
Action.c(35):           ],\n
Action.c(35):           "attrs": [\n
Action.c(35):             {\n
Action.c(35):               "fill": "rgb(234, 0, 41)"\n
Action.c(35):             },\n
Action.c(35):             {\n
Action.c(35):               "fill": "rgb(234, 0, 41)"\n
Action.c(35):             },\n
Action.c(35):             {\n
Action.c(35):               "fill": "rgb(234, 0, 41)"\n
Action.c(35):             },\n
Action.c(35):             {\n
Action.c(35):               "fill": "rgb(234, 0, 41)"\n
Action.c(35):             },\n
Action.c(35):             {\n
Action.c(35):               "fill": "rgb(234, 0, 41)"\n
Action.c(35):             },\n
Action.c(35):             {\n
Action.c(35):               "fill": "rgb(234, 0, 41)"\n
Action.c(35):             },\n
Action.c(35):             {\n
Action.c(35):               "fill": "rgb(234, 0, 41)"\n
Action.c(35):             },\n
Action.c(35):             {\n
Action.c(35):               "fill": "rgb(234, 0, 41)"\n
Action.c(35):             },\n
Action.c(35):             {\n
Action.c(35):               "fill": "rgb(97, 166, 14)"\n
Action.c(35):             },\n
Action.c(35):             {\n
Action.c(35):               "fill": "rgb(35, 31, 32)"\n
Action.c(35):             },\n
Action.c(35):             {\n
Action.c(35):               "fill": "rgb(35, 31, 32)"\n
Action.c(35):             },\n
Action.c(35):             {\n
Action.c(35):               "fill": "rgb(97, 166, 14)"\n
Action.c(35):             },\n
Action.c(35):             {\n
Action.c(35):               "fill": "rgb(106, 171, 35)"\n
Action.c(35):             },\n
Action.c(35):             {\n
Action.c(35):               "fill": "rgb(106, 171, 35)"\n
Action.c(35):             },\n
Action.c(35):             {\n
Action.c(35):               "fill": "rgb(106, 171, 35)"\n
Action.c(35):             },\n
Action.c(35):             {\n
Action.c(35):               "fill": "rgb(106, 171, 35)"\n
Action.c(35):             },\n
Action.c(35):             {\n
Action.c(35):               "fill": "rgb(106, 171, 35)"\n
Action.c(35):             },\n
Action.c(35):             {\n
Action.c(35):               "fill": "rgb(106, 171, 35)"\n
Action.c(35):             },\n
Action.c(35):             {\n
Action.c(35):               "fill": "rgb(106, 171, 35)"\n
Action.c(35):             },\n
Action.c(35):             {\n
Action.c(35):               "fill": "rgb(106, 171, 35)"\n
Action.c(35):             }\n
Action.c(35):           ],\n
Action.c(35):           "width": 6880,\n
Action.c(35):           "isMulticolor": true,\n
Action.c(35):           "grid": 32,\n
Action.c(35):           "tags": [\n
Action.c(35):             "martins-direct-logo"\n
Action.c(35):           ]\n
Action.c(35):         },\n
Action.c(35):         {\n
Action.c(35):           "paths": [\n
Action.c(35):             "M2592 739.2v-16h9.6c6.4 0 9.6 0 9.6 6.4s-6.4 9.6-12.8 9.6h-6.4zM2592 745.6h9.6l12
Action.c(35):     .8 22.4h9.6l-16-22.4c6.4 0 12.8-6.4 12.8-12.8 0-9.6-6.4-16-19.2-16h-19.2v51.2h9.6v-22.4zM2
Action.c(35):     601.6 787.2c25.6 0 44.8-19.2 44.8-44.8s-19.2-44.8-44.8-44.8c-25.6 0-44.8 19.2-44.8 44.8s22
Action.c(35):     .4 44.8 44.8 44.8v0zM2566.4 742.4c0-22.4 16-38.4 35.2-38.4s35.2 16 35.2 38.4c0 22.4-16 38.
Action.c(35):     4-35.2 38.4s-35.2-16-35.2-38.4v0z",\n
Action.c(35):             "M1984 211.2v307.2l-176-265.6c-12.8-22.4-38.4-38.4-54.4-48v0c-48-19.2-92.8-3.2-118
Action.c(35):     .4 16-35.2 28.8-48 83.2-48 112v448h166.4v-310.4l204.8 310.4h192v-3.2c0-3.2 0-272 0-406.4h1
Action.c(35):     79.2v412.8h182.4v-406.4h172.8v-166.4h-700.8zM1337.6 297.6l-22.4-44.8c-16-25.6-44.8-44.8-76
Action.c(35):     .8-51.2-41.6-9.6-92.8 12.8-115.2 48-22.4 28.8-230.4 512-240 534.4l-3.2 3.2h185.6l150.4-377
Action.c(35):     .6 89.6 211.2h-124.8v163.2h368c3.2 0 9.6 0 9.6-3.2 0 0 0-3.2 0-6.4l-220.8-476.8zM281.6 374
Action.c(35):     .4h320v-163.2h-307.2c-83.2 0-144 22.4-198.4 76.8-80 76.8-105.6 195.2-70.4 307.2 32 102.4 1
Action.c(35):     28 182.4 224 192h348.8v-294.4h-166.4v134.4h-160c-19.2 0-38.4-12.8-48-25.6-28.8-35.2-44.8-8
Action.c(35):     6.4-41.6-115.2 9.6-54.4 60.8-112 99.2-112v0zM659.2 211.2h185.6v579.2h-185.6v-579.2z",\n
Action.c(35):             "M3651.2 489.6l-105.6-278.4h-137.6l108.8 278.4-108.8 294.4h134.4l108.8-294.4z",\n
Action.c(35):             "M3113.6 784c208 0 304-89.6 304-284.8s-96-284.8-304-284.8h-249.6v569.6h249.6zM3046
Action.c(35):     .4 352h60.8c89.6 0 131.2 44.8 131.2 147.2 0 99.2-41.6 144-131.2 144h-60.8v-291.2zM4211.2 7
Action.c(35):     84l-118.4-198.4c64-19.2 96-73.6 96-163.2 0-137.6-76.8-208-220.8-208h-278.4v569.6h179.2v-17
Action.c(35):     2.8h54.4l96 172.8h192zM3945.6 473.6h-76.8v-121.6h76.8c44.8 0 67.2 22.4 67.2 64 0 38.4-22.4
Action.c(35):      57.6-67.2 57.6v0zM4713.6 352v-140.8h-470.4v569.6h470.4v-140.8h-288v-76.8h256v-140.8h-256v
Action.c(35):     -70.4h288zM5171.2 572.8c-25.6 48-67.2 73.6-118.4 73.6-96 0-144-51.2-144-147.2 0-99.2 48-15
Action.c(35):     0.4 134.4-150.4 60.8 0 102.4 25.6 128 73.6l150.4-60.8c-48-102.4-150.4-156.8-278.4-156.8-20
Action.c(35):     8 0-316.8 102.4-316.8 294.4s108.8 294.4 316.8 294.4c134.4 0 240-54.4 278.4-156.8l-150.4-64
Action.c(35):     zM5785.6 211.2h-486.4v140.8h153.6v432h179.2v-432h153.6v-140.8h-0z",\n
Action.c(35):             "M5708.8 732.8h9.6c6.4 0 9.6 3.2 9.6 6.4 0 6.4-3.2 6.4-12.8 6.4h-6.4v-12.8h-0zM570
Action.c(35):     8.8 752h6.4l12.8 19.2h9.6l-12.8-19.2c6.4 0 9.6-3.2 9.6-12.8s-6.4-12.8-16-12.8h-16v44.8h6.4
Action.c(35):     v-19.2zM5715.2 780.8c-16 0-32-12.8-32-32s12.8-32 32-32c16 0 32 12.8 32 32s-16 32-32 32v0zM
Action.c(35):     5715.2 787.2c19.2 0 38.4-16 38.4-38.4s-16-38.4-38.4-38.4c-19.2 0-38.4 16-38.4 38.4s19.2 38
Action.c(35):     .4 38.4 38.4v0z",\n
Action.c(35):             "M5900.8 409.6v112h19.2v-35.2c6.4 6.4 9.6 9.6 19.2 9.6s19.2-9.6 19.2-22.4v-41.6c0-
Action.c(35):     16-6.4-22.4-19.2-22.4-9.6 0-12.8 3.2-19.2 9.6v0-9.6l-19.2-0zM5916.8 425.6c3.2-3.2 6.4-3.2 
Action.c(35):     9.6-3.2s9.6 3.2 9.6 12.8v32c0 12.8-3.2 12.8-9.6 12.8-3.2 0-6.4-3.2-9.6-3.2v-51.2zM6012.8 4
Action.c(35):     67.2c0 9.6-3.2 12.8-9.6 12.8s-9.6-3.2-9.6-12.8v-32c0-9.6 3.2-12.8 9.6-12.8s9.6 3.2 9.6 12.
Action.c(35):     8v32zM5974.4 464c0 19.2 6.4 32 28.8 32 19.2 0 28.8-12.8 28.8-32v-25.6c0-19.2-6.4-32-28.8-3
Action.c(35):     2-19.2 0-28.8 12.8-28.8 32v25.6zM6067.2 464v0l-9.6-54.4h-16l16 86.4h12.8l12.8-54.4 9.6 54.
Action.c(35):     4h12.8l19.2-86.4h-12.8l-9.6 54.4-9.6-54
Action.c(35): t=8291ms: 6386-byte DECODED response body for "https://stage.peapod.com/shop/images/icons/PeapodIcons.json" (RelFrameId=1, Internal ID=3)
Action.c(35):     .4h-12.8l-12.8 54.4zM6160 441.6v-3.2c0-9.6 3.2-12.8 9.6-12.8s9.6 3.2 9.6 12.8v3.2h-19.2zM6
Action.c(35):     198.4 438.4c0-19.2-6.4-32-28.8-32-19.2 0-28.8 12.8-28.8 32v25.6c0 19.2 6.4 32 28.8 32 19.2
Action.c(35):      0 28.8-12.8 28.8-32h-19.2v3.2c0 9.6-3.2 12.8-9.6 12.8s-9.6-3.2-9.6-12.8v-12.8h38.4v-16h0z
Action.c(35):     M6236.8 496v-57.6c0-6.4 6.4-12.8 12.8-12.8s9.6 0 12.8 3.2v-19.2h-3.2c-9.6 0-16 3.2-19.2 12
Action.c(35):     .8v0-9.6h-16v86.4h12.8v-3.2zM6294.4 441.6v-3.2c0-9.6 3.2-12.8 9.6-12.8s9.6 3.2 9.6 12.8v3.
Action.c(35):     2h-19.2zM6332.8 438.4c0-19.2-6.4-32-28.8-32s-28.8 12.8-28.8 32v25.6c0 19.2 6.4 32 28.8 32 
Action.c(35):     19.2 0 28.8-12.8 28.8-32h-19.2v3.2c0 9.6-3.2 12.8-9.6 12.8s-9.6-3.2-9.6-12.8v-12.8h38.4v-1
Action.c(35):     6h0zM6406.4 496v-115.2h-19.2v35.2c-6.4-6.4-9.6-9.6-19.2-9.6s-19.2 9.6-19.2 22.4v41.6c0 16 
Action.c(35):     6.4 22.4 19.2 22.4 9.6 0 12.8-3.2 19.2-9.6v0 9.6h19.2v3.2zM6390.4 476.8c-3.2 3.2-6.4 3.2-9
Action.c(35):     .6 3.2s-9.6-3.2-9.6-12.8v-32c0-12.8 3.2-12.8 9.6-12.8 3.2 0 6.4 3.2 9.6 3.2v51.2zM6486.4 4
Action.c(35):     96v-9.6c6.4 6.4 9.6 9.6 19.2 9.6s19.2-9.6 19.2-22.4v-41.6c0-16-6.4-22.4-19.2-22.4-6.4 0-12
Action.c(35):     .8 3.2-19.2 9.6v-35.2h-19.2v115.2h19.2v-3.2zM6486.4 425.6c3.2-3.2 6.4-3.2 9.6-3.2s9.6 3.2 
Action.c(35):     9.6 12.8v32c0 12.8-3.2 12.8-9.6 12.8-3.2 0-6.4-3.2-9.6-3.2v-51.2zM6566.4 464v0l-12.8-54.4h
Action.c(35):     -19.2l19.2 73.6c0 3.2 3.2 6.4 3.2 12.8 0 9.6-3.2 12.8-12.8 12.8h-3.2v16h6.4c12.8 0 19.2-6.
Action.c(35):     4 25.6-19.2l22.4-92.8h-19.2l-9.6 51.2z",\n
Action.c(35):             "M5936 742.4v-48c0-3.2 0-6.4 3.2-6.4s12.8 6.4 35.2 3.2c28.8-3.2 51.2-25.6 51.2-57.
Action.c(35):     6 0-38.4-22.4-57.6-67.2-57.6-16 0-28.8 0-38.4 0h-6.4c-19.2 0-28.8 0-28.8 0-6.4 0-6.4 0-6.4
Action.c(35):      3.2 0 6.4 6.4 3.2 16 6.4 9.6 0 9.6 3.2 9.6 12.8v140.8c0 16 0 19.2-12.8 22.4-9.6 0-16 0-16
Action.c(35):      6.4 0 3.2 3.2 6.4 9.6 6.4s16-3.2 35.2-3.2c19.2 0 32 3.2 38.4 3.2s9.6-3.2 9.6-6.4c0-6.4-6.
Action.c(35):     4-3.2-16-6.4-16 0-16-6.4-16-19.2zM5936 601.6c0-12.8 3.2-16 19.2-16 19.2 0 35.2 19.2 35.2 4
Action.c(35):     8 0 25.6-12.8 48-32 48-12.8 0-19.2-3.2-19.2-12.8v-67.2h-3.2z",\n
Action.c(35):             "M6064 700.8v0c0-6.4 0-6.4 3.2-6.4h83.2c9.6 0 12.8 0 12.8-6.4 0-25.6-22.4-57.6-60.
Action.c(35):     8-57.6-44.8 0-76.8 28.8-76.8 73.6s28.8 73.6 70.4 73.6c22.4 0 38.4-6.4 54.4-19.2 6.4-6.4 9.
Action.c(35):     6-9.6 9.6-12.8s0-3.2-3.2-3.2-16 19.2-44.8 19.2c-28.8 0-48-28.8-48-60.8zM6096 684.8h-25.6c-
Action.c(35):     3.2 0-3.2 0-3.2-3.2v0-6.4c3.2-16 9.6-35.2 38.4-35.2 22.4 0 25.6 16 25.6 28.8 0 16-9.6 16-3
Action.c(35):     5.2 16z",\n
Action.c(35):             "M6291.2 739.2v-73.6c0-25.6-6.4-35.2-38.4-35.2-41.6 0-70.4 25.6-70.4 44.8 0 3.2 3.
Action.c(35):     2 6.4 6.4 6.4 16 0 19.2-6.4 25.6-19.2s12.8-19.2 28.8-19.2c12.8 0 16 6.4 16 25.6v12.8c0 3.2
Action.c(35):      0 6.4-3.2 6.4l-9.6 3.2c-41.6 16-60.8 28.8-60.8 54.4 0 16 6.4 35.2 28.8 35.2 12.8 0 25.6-6
Action.c(35):     .4 38.4-16l9.6-6.4h3.2c6.4 12.8 16 22.4 25.6 22.4 16 0 35.2-16 35.2-22.4 0-3.2 0-3.2-3.2-3
Action.c(35):     .2s-9.6 6.4-16 6.4c-16-3.2-16-9.6-16-22.4zM6259.2 732.8c0 16-12.8 28.8-28.8 28.8s-19.2-12.
Action.c(35):     8-19.2-25.6c0-12.8 9.6-28.8 25.6-35.2l12.8-6.4c3.2 0 3.2 0 3.2 0s3.2 0 3.2 3.2v35.2h3.2z",
Action.c(35):     \n
Action.c(35):             "M6368 774.4v0c12.8 3.2 22.4 6.4 35.2 6.4 48 0 80-32 80-80 0-41.6-28.8-70.4-64-70.
Action.c(35):     4-16 0-28.8 6.4-44.8 19.2l-3.2 3.2c0 0-3.2 0-3.2 0s0 0 0-3.2v-16c0-3.2 0-6.4-3.2-6.4s-9.6 
Action.c(35):     9.6-28.8 16c-9.6 6.4-19.2 6.4-19.2 9.6 0 6.4 6.4 3.2 9.6 6.4 6.4 3.2 6.4 6.4 6.4 12.8v140.
Action.c(35):     8c0 9.6 0 12.8-9.6 12.8-9.6 3.2-16 0-16 6.4 0 3.2 3.2 3.2 6.4 3.2 6.4 0 16-3.2 32-3.2 12.8
Action.c(35):      0 25.6 3.2 35.2 3.2 6.4 0 6.4-3.2 6.4-3.2 0-6.4-6.4-3.2-16-6.4-6.4-3.2-9.6-3.2-9.6-12.8v-
Action.c(35):     38.4h6.4zM6368 681.6c0-22.4 9.6-32 32-32 32 0 51.2 22.4 51.2 57.6s-22.4 60.8-51.2 60.8c-19
Action.c(35):     .2 0-32-9.6-32-28.8v-57.6z",\n
Action.c(35):             "M6780.8 592v38.4c0 3.2 0 3.2-3.2 3.2v0h-6.4c-6.4-3.2-16-3.2-25.6-3.2-44.8 0-80 32
Action.c(35):     -80 76.8 0 41.6 32 73.6 70.4 73.6 25.6 0 41.6-12.8 41.6-12.8 3.2 0 3.2 12.8 9.6 12.8 3.2 0
Action.c(35):      12.8-6.4 35.2-12.8 6.4-3.2 9.6-3.2 9.6-9.6 0-3.2-3.2-6.4-3.2-6.4-3.2 0-6.4 6.4-12.8 6.4-3
Action.c(35):     .2 0-6.4-3.2-6.4-12.8v-163.2c0-9.6 0-16 0-22.4 0-3.2 0-6.4-3.2-6.4s-9.6 6.4-28.8 12.8c-9.6
Action.c(35):      3.2-19.2 3.2-19.2 9.6 0 3.2 6.4 3.2 12.8 6.4 9.6-0 9.6 3.2 9.6 9.6zM6780.8 732.8c0 22.4 0
Action.c(35):      32-25.6 32-35.2 0-54.4-22.4-54.4-57.6 0-41.6 22.4-67.2 48-67.2s32 16 32 48v44.8z",\n
Action.c(35):             "M6838.4 544c0-9.6 6.4-16 16-16s16 6.4 16 16c0 9.6-6.4 16-16 16s-16-6.4-16-16zM683
Action.c(35):     5.2 544c0 9.6 6.4 19.2 19.2 19.2 9.6 0 19.2-6.4 19.2-19.2 0-9.6-6.4-19.2-19.2-19.2-9.6 3.2
Action.c(35):     -19.2 9.6-19.2 19.2z",\n
Action.c(35):             "M6848 553.6v-9.6h3.2c0 0 0 0 0 0s0 0 0 0 0 0 0 0 0 0 3.2 3.2l3.2 3.2h3.2l-3.2-6.4
Action.c(35):     c0 0 0-3.2-3.2-3.2 0 0 0 0-3.2 0 3.2 0 3.2 0 3.2-3.2 0 0 0-3.2 0-3.2s0-3.2 0-3.2c0 0 0 0-3
Action.c(35):     .2-3.2 0 0-3.2 0-3.2 0h-9.6l9.6 25.6zM6848 537.6h6.4c0 0 3.2 0 3.2 0s0 0 0 3.2c0 0 0 0 0 3
Action.c(35):     .2 0 0 0 0 0 0s-3.2 0-3.2 0h-6.4v-6.4z",\n
Action.c(35):             "M6652.8 700.8c0 44.8-35.2 80-80 80s-80-35.2-80-80c0-44.8 35.2-80 80-80 44.8 3.2 8
Action.c(35):     0 38.4 80 80z"\n
Action.c(35):           ],\n
Action.c(35):           "attrs": [\n
Action.c(35):             {\n
Action.c(35):               "fill": "rgb(234, 0, 41)"\n
Action.c(35):             },\n
Action.c(35):             {\n
Action.c(35):               "fill": "rgb(234, 0, 41)"\n
Action.c(35):             },\n
Action.c(35):             {\n
Action.c(35):               "fill": "rgb(97, 166, 14)"\n
Action.c(35):             },\n
Action.c(35):             {\n
Action.c(35):               "fill": "rgb(35, 31, 32)"\n
Action.c(35):             },\n
Action.c(35):             {\n
Action.c(35):               "fill": "rgb(35, 31, 32)"\n
Action.c(35):             },\n
Action.c(35):             {\n
Action.c(35):               "fill": "rgb(97, 166, 14)"\n
Action.c(35):             },\n
Action.c(35):             {\n
Action.c(35):               "fill": "rgb(106, 171, 35)"\n
Action.c(35):             },\n
Action.c(35):             {\n
Action.c(35):               "fill": "rgb(106, 171, 35)"\n
Action.c(35):             },\n
Action.c(35):             {\n
Action.c(35):               "fill": "rgb(106, 171, 35)"\n
Action.c(35):             },\n
Action.c(35):             {\n
Action.c(35):               "fill": "rgb(106, 171, 35)"\n
Action.c(35):             },\n
Action.c(35):             {\n
Action.c(35):               "fill": "rgb(106, 171, 35)"\n
Action.c(35):             },\n
Action.c(35):             {\n
Action.c(35):               "fill": "rgb(106, 171, 35)"\n
Action.c(35):             },\n
Action.c(35):             {\n
Action.c(35):               "fill": "rgb(106, 171, 35)"\n
Action.c(35):             },\n
Action.c(35):             {\n
Action.c(35):               "fill": "rgb(106, 171, 35)"\n
Action.c(35):             }\n
Action.c(35):           ],\n
Action.c(35):           "width": 6880,\n
Action.c(35):           "isMulticolor": true,\n
Action.c(35):           "grid": 32,\n
Action.c(35):           "tags": [\n
Action.c(35):             "giant-direct-logo"\n
Action.c(35):           ]\n
Action.c(35):         },\n
Action.c(35):         {\n
Action.c(35):           "paths": [\n
Action.c(35):             "M1264 92.8c0 0 96 96 115.2 166.4 44.8 147.2 147.2 448 147.2 448v-649.6h288c80 0 1
Action.c(35):     50.4 73.6 166.4 92.8v-92.8h524.8l38.4 48v-48h188.8l54.4 70.4c32-48 89.6-80 153.6-70.4 86.4
Action.c(35):      16 131.2 89.6 166.4 147.2l64 121.6v-268.8h195.2l32 32v-32h188.8l60.8 86.4c25.6-35.2 89.6-
Action.c(35):     86.4 137.6-86.4h224l70.4 76.8v192h-265.6c-22.4 0-19.2 16-16 32 16 32 67.2 38.4 80 44.8 121
Action.c(35):     .6 22.4 211.2 121.6 233.6 236.8l3.2 54.4c-9.6 105.6-134.4 252.8-220.8 252.8 0 0-179.2 0-18
Action.c(35):     2.4 0 0 0-76.8-80-76.8-80v-179.2h185.6c22.4 0 38.4-22.4 44.8-32 3.2-3.2 12.8-25.6-3.2-44.8
Action.c(35):     -28.8-28.8-64-44.8-99.2-57.6-80-32-150.4-112-169.6-195.2l-80 38.4-70.4-32c0 0 0 588.8 0 58
Action.c(35):     8.8s-198.4 0-198.4 0l-80-89.6c-38.4-80-121.6-243.2-121.6-243.2s0 332.8 0 332.8c0 0-163.2 0
Action.c(35):     -163.2 0l-64-57.6c0 0-3.2 57.6-3.2 57.6s-179.2 0-179.2 0l-89.6-112v-508.8h-124.8v620.8h-17
Action.c(35):     6l-96-108.8v-512h-76.8c3.2 57.6-12.8 140.8-67.2 195.2 35.2 32 67.2 70.4 67.2 115.2v310.4h-
Action.c(35):     147.2l-99.2-112v-211.2c-3.2-16-16-38.4-3
Action.c(35): t=8310ms: 4875-byte ENCODED response body received for "https://stage.peapod.com/shop/images/icons/PeapodIcons.json" (RelFrameId=1, Internal ID=3)
Action.c(35): t=8311ms: 12288-byte DECODED response body for "https://stage.peapod.com/shop/images/icons/PeapodIcons.json" (RelFrameId=1, Internal ID=3)
Action.c(35):     5.2-48-12.8-3.2-12.8 6.4-12.8 6.4s0 368 0 368c0 0-131.2 0-131.2 0l-76.8-73.6c0 0 22.4 73.6
Action.c(35):      19.2 73.6 0 0-396.8 0-396.8 0l-70.4-73.6c0 0-25.6 73.6-25.6 73.6s-163.2 0-163.2 0c0 0-48-
Action.c(35):     48-48-48v48h-169.6l-112-108.8v-83.2c-25.6 32-57.6 48-96 35.2-51.2-28.8-144-128-144-128v284
Action.c(35):     .8h-160l-121.6-112v-646.4c0-64 57.6-108.8 118.4-128 60.8-16 131.2 6.4 163.2 48l112 166.4 6
Action.c(35):     7.2-160c22.4-44.8 48-60.8 118.4-60.8s208 99.2 208 198.4v416l169.6-537.6c19.2-51.2 80-80 12
Action.c(35):     8-80 54.4-3.2 67.2 3.2 99.2 32zM1692.8 211.2v192h86.4c16 0 44.8-19.2 57.6-38.4 19.2-32 25.
Action.c(35):     6-64 9.6-99.2-25.6-57.6-92.8-54.4-153.6-54.4zM1251.2 675.2l-28.8-92.8-28.8 92.8h57.6z",\n
Action.c(35):             "M908.8 988.8v-6.4h-201.6l-131.2-131.2v-28.8c-22.4 9.6-48 9.6-70.4 0h-3.2l-3.2-3.2
Action.c(35):     c-25.6-16-60.8-44.8-92.8-73.6v236.8h-208l-144-131.2v-662.4c0-83.2 73.6-140.8 144-160 16-3.
Action.c(35):     2 32-6.4 51.2-6.4 60.8 0 118.4 25.6 150.4 67.2l76.8 115.2 41.6-102.4c28.8-57.6 70.4-80 150
Action.c(35):     .4-80 51.2 0 121.6 38.4 172.8 89.6 32 32 70.4 83.2 67.2 144v188.8l99.2-323.2c25.6-67.2 99.
Action.c(35):     2-102.4 160-102.4s80 9.6 118.4 41.6l3.2 3.2c9.6 9.6 102.4 102.4 124.8 182.4 19.2 64 51.2 1
Action.c(35):     60 80 246.4v-473.6h323.2c51.2 0 96 22.4 131.2 48v-48h803.2l38.4 51.2c41.6-38.4 102.4-57.6 
Action.c(35):     156.8-48v0c102.4 22.4 156.8 108.8 188.8 163.2v-163.2h470.4l44.8 64c35.2-32 86.4-64 134.4-6
Action.c(35):     4h240l89.6 99.2v240h-256c6.4 3.2 12.8 3.2 16 6.4 6.4 3.2 9.6 3.2 16 6.4 128 25.6 230.4 131
Action.c(35):     .2 256 262.4v6.4l3.2 54.4v3.2c-9.6 118.4-144 284.8-252.8 284.8v0c-9.6 0-38.4 0-182.4 0-16 
Action.c(35):     0-16 0-102.4-92.8l-9.6-9.6v-227.2h217.6c3.2 0 9.6-6.4 12.8-9.6l3.2-3.2c0 0 3.2-6.4 0-9.6-2
Action.c(35):     5.6-22.4-51.2-35.2-83.2-48-76.8-32-147.2-102.4-176-179.2l-60.8 28.8-35.2-16c0 204.8 0 521.
Action.c(35):     6 0 531.2h-12.8l-22.4 22.4v12.8c-6.4 0-121.6 0-195.2 0h-16l-96-105.6-3.2-3.2c-12.8-32-35.2
Action.c(35):     -73.6-57.6-115.2v176c0 19.2 0 41.6-25.6 48h-3.2c-3.2 0-3.2 0-38.4 0h-144l-22.4-22.4c-3.2 1
Action.c(35):     2.8-12.8 22.4-32 22.4h-195.2l-108.8-134.4v-486.4h-57.6v620.8h-227.2l-115.2-131.2v-489.6h-6
Action.c(35):     .4c-3.2 51.2-19.2 108.8-54.4 160 28.8 32 54.4 70.4 54.4 115.2v345.6h-198.4l-96-108.8c0 19.
Action.c(35):     2 0 35.2 0 44.8h3.2l-3.2 32c-3.2 28.8-32 28.8-48 28.8h-131.2l-12.8-12.8c-3.2 3.2-6.4 6.4-1
Action.c(35):     2.8 9.6s-12.8 3.2-249.6 3.2h-176l-41.6-44.8c-3.2 6.4-3.2 12.8-6.4 16-3.2 16-19.2 28.8-35.2
Action.c(35):      28.8-9.6 0-102.4 0-144 0-6.4 0-12.8 0-16 0l-25.6 6.4zM1859.2 825.6l80 89.6h96v-278.4c0-32
Action.c(35):     -28.8-64-57.6-89.6l-25.6-25.6 25.6-25.6c44.8-44.8 60.8-115.2 57.6-169.6l-3.2-38.4h147.2v53
Action.c(35):     4.4l76.8 89.6h128v-620.8h195.2v531.2l73.6 89.6h128c0-9.6 0-16 0-25.6l57.6-25.6 54.4 51.2h1
Action.c(35):     15.2c0-70.4 0-227.2 0-297.6l64-16c3.2 6.4 83.2 160 121.6 240l67.2 73.6c73.6 0 118.4 0 147.
Action.c(35):     2 0 0-60.8 0-204.8 0-553.6v-54.4l105.6 51.2 105.6-51.2 9.6 44.8c12.8 70.4 76.8 144 147.2 1
Action.c(35):     69.6 38.4 16 76.8 32 112 67.2l3.2 3.2c19.2 28.8 16 57.6 6.4 80s-35.2 51.2-73.6 54.4v0h-150
Action.c(35):     .4v131.2c22.4 22.4 44.8 48 54.4 57.6 41.6 0 153.6 0 166.4 0h3.2c60.8 0 176-124.8 185.6-217
Action.c(35):     .6l-3.2-48c-22.4-105.6-102.4-188.8-204.8-208h-3.2l-3.2-3.2c0 0-6.4-3.2-9.6-3.2-25.6-6.4-67
Action.c(35):     .2-22.4-86.4-57.6v-6.4c-3.2-12.8-9.6-35.2 3.2-54.4 6.4-9.6 19.2-19.2 41.6-22.4h233.6v-144l
Action.c(35):     -51.2-54.4h-208c-32 0-86.4 41.6-105.6 70.4l-28.8 41.6-80-115.2h-140.8l-57.6 22.4-22.4-22.4
Action.c(35):     h-144v236.8l-64 16-64-121.6c-35.2-57.6-73.6-115.2-140.8-131.2-44.8-6.4-92.8 16-118.4 54.4l
Action.c(35):     -25.6 38.4-73.6-96h-137.6v12.8l-60.8 22.4-28.8-35.2h-473.6v57.6l-64 19.2c-12.8-16-73.6-76.
Action.c(35):     8-137.6-76.8h-252.8v614.4l-67.2 9.6c0-3.2-102.4-304-147.2-451.2-12.8-51.2-80-124.8-105.6-1
Action.c(35):     50.4-28.8-22.4-32-25.6-73.6-25.6-35.2 0-80 22.4-92.8 54.4l-166.4 537.6-67.2-9.6v-416c0-28.
Action.c(35):     8-16-64-48-96-41.6-44.8-96-70.4-124.8-70.4-60.8 0-73.6 12.8-86.4 41.6l-67.2 160-60.8 6.4-1
Action.c(35):     12-166.4c-16-22.4-54.4-38.4-92.8-38.4-12.8 0-22.4 0-32 3.2-44.8 12.8-92.8 44.8-92.8 92.8v6
Action.c(35):     30.4l102.4 92.8h108.8v-249.6l60.8-25.6c25.6 25.6 92.8 96 131.2 118.4 22.4 6.4 41.6-12.8 54
Action.c(35):     .4-25.6l60.8 22.4v67.2l89.6 89.6h121.6v-12.8l60.8-25.6c16 16 28.8 28.8 38.4 38.4h3.2c0 0 7
Action.c(35):     6.8 0 121.6 0 0-3.2 3.2-9.6 6.4-16 6.4-19.2 12.8-38.4 12.8-38.4l19.2-54.4 99.2 105.6h147.2
Action.c(35):     c99.2 0 156.8 0 188.8 0-3.2-9.6-6.4-19.2-9.6-32l57.6-35.2 64 64h80c0-6.4 0-16 0-22.4 0-35.
Action.c(35):     2 0-80 0-124.8 0-92.8 0-182.4 0-182.4 0-19.2 16-41.6 41.6-41.6 3.2 0 6.4 0 9.6 0h3.2l3.2 3
Action.c(35):     .2c38.4 19.2 51.2 60.8 54.4 70.4v3.2l-6.4 224zM1299.2 710.4h-153.6l44.8-140.8h67.2l41.6 14
Action.c(35):     0.8zM1779.2 438.4h-124.8v-262.4h35.2c12.8 0 22.4 0 35.2 0 35.2 0 118.4 0 150.4 76.8 22.4 4
Action.c(35):     4.8 16 89.6-12.8 134.4l-3.2 3.2c-12.8 22.4-48 48-80 48v0zM1728 371.2h51.2c6.4 0 22.4-12.8 
Action.c(35):     32-22.4 16-22.4 16-41.6 6.4-64v0c-9.6-25.6-35.2-35.2-89.6-35.2 0 0 0 0 0 0v121.6z",\n
Action.c(35):             "M1900.8 464c51.2-25.6 102.4-147.2 70.4-230.4-25.6-67.2-83.2-144-172.8-144h-246.4l
Action.c(35):     -3.2 748.8h134.4v-284.8c118.4-9.6 160 32 166.4 73.6 0 0 0 211.2 0 211.2h131.2v-297.6c-3.2-
Action.c(35):     32-38.4-67.2-80-76.8zM1830.4 364.8c-12.8 19.2-41.6 38.4-57.6 38.4h-86.4v-192c60.8-3.2 131.
Action.c(35):     2-3.2 156.8 54.4 12.8 32 9.6 67.2-12.8 99.2z",\n
Action.c(35):             "M2012.8 867.2h-198.4v-35.2c0-76.8 0-192 0-208-6.4-38.4-67.2-44.8-96-44.8v284.8h-2
Action.c(35):     01.6l3.2-816h281.6c102.4 0 172.8 86.4 204.8 166.4 28.8 76.8 3.2 176-41.6 233.6 28.8 19.2 4
Action.c(35):     8 51.2 51.2 76.8v3.2l-3.2 339.2zM1884.8 796.8h60.8v-262.4c-3.2-9.6-22.4-32-51.2-38.4l-89.6
Action.c(35):     -22.4 80-41.6c32-19.2 80-118.4 54.4-188.8-22.4-60.8-70.4-121.6-140.8-121.6h-211.2l-3.2 678
Action.c(35):     .4h64v-281.6l32-3.2c12.8 0 25.6 0 35.2 0 144 0 163.2 83.2 166.4 105.6 3.2 0 3.2 0 3.2 176z
Action.c(35):     M1772.8 435.2h-124.8v-262.4h35.2c12.8 0 22.4 0 35.2 0 35.2 0 118.4 0 150.4 76.8 22.4 44.8 
Action.c(35):     16 89.6-12.8 134.4l-3.2 3.2c-12.8 22.4-48 48-80 48v0zM1718.4 368h51.2c6.4 0 22.4-12.8 32-2
Action.c(35):     2.4 16-22.4 16-41.6 6.4-64v0c-9.6-25.6-35.2-35.2-89.6-35.2v121.6z",\n
Action.c(35):             "M336 128l121.6 275.2c0 0 73.6-176 105.6-256 12.8-25.6 19.2-54.4 70.4-60.8 54.4-6.
Action.c(35):     4 92.8 16 115.2 35.2s35.2 54.4 38.4 83.2c0 32 0 624 0 624s-147.2 0-147.2 0c0 0 0-544 0-544
Action.c(35):     l-121.6 364.8c-12.8 28.8-44.8 41.6-80 32-16 0-32-19.2-38.4-32 0 0-128-364.8-128-364.8s0 54
Action.c(35):     4 0 544h-147.2v-649.6c0-64 80-96 121.6-96 38.4 3.2 76.8 22.4 89.6 44.8z",\n
Action.c(35):             "M627.2 867.2l-12.8-9.6c-12.8-9.6-12.8-9.6-12.8-112v-249.6l-54.4 166.4c-16 35.2-48
Action.c(35):      54.4-86.4 54.4-9.6 0-22.4 0-32-3.2-28.8-3.2-48-28.8-60.8-44.8l-3.2-3.2v-3.2c-25.6-70.4-44
Action.c(35):     .8-128-60.8-172.8 0 80 0 188.8 0 342.4v35.2h-217.6v-684.8c0-86.4 92.8-131.2 156.8-131.2 60
Action.c(35):     .8 0 105.6 28.8 124.8 60.8l3.2 3.2 86.4 201.6c22.4-57.6 54.4-134.4 73.6-179.2v-3.2c0-3.2 3
Action.c(35):     .2-6.4 3.2-6.4 12.8-25.6 28.8-67.2 96-73.6 6.4 0 12.8 0 19.2 0 57.6 0 96 25.6 121.6 44.8 2
Action.c(35):     8.8 25.6 48 67.2 48 108.8 0 16 0 179.2 0 323.2 0 76.8 0 150.4 0 208v67.2c0 35.2 0 48-19.2 
Action.c(35):     57.6-6.4 3.2-6.4 3.2-115.2 3.2l-57.6 0zM150.4 796.8h76.8c0-156.8 0-467.2 0-505.6l-3.2-12.8
Action.c(35):      22.4-28.8 48 6.4 3.2 22.4c9.6 28.8 80 220.8 124.8 355.2 6.4 9.6 12.8 12.8 12.8 12.8h6.4c1
Action.c(35):     9.2 6.4 32 3.2 38.4-9.6l121.6-361.6 67.2 9.6c0 150.4 0 416 0 512h76.8c0-124.8 0-563.2 0-58
Action.c(35):     8.8 0-22.4-9.6-44.8-25.6-57.6s-38.4-28.8-73.6-28.8c-3.2 0-9.6 0-12.8 0-28.8 3.2-32 9.6-41.
Action.c(35):     6 32 0 3.2-3.2 6.4-3.2 9.6-32 80-105.6 252.8-105.6 256l-32 73.6-150.4-348.8c-6.4-9.6-32-25
Action.c(35):     .6-64-25.6-28.8 0-89.6 22.4-89.6 60.8v617.6z",\n
Action.c(35):             "M1251.2 134.4c16 16 32 48 32 48s195.2 649.6 195.2 649.6c0 0-374.4 0-374.4 0v-128h
Action.c(35):     185.6l-124.8-416-166.4 547.2c0 0-144 0-144 0s214.4-691.2 214.4-691.2c9.6-32 80-73.6 137.6-
Action.c(35):     48 19.2 6.4 32 19.2 44.8 38.4z",\n
Action.c(35):             "M1024 867.2h-99.2c-83.2 0-86.4 0-92.8-9.6-19.2-12.8-12.8-25.6-3.2-67.2l204.8-662.
Action.c(35):     4c12.8-41.6 73.6-80 134.4-80 19.2 0 35.2 3.2 51.2 9.6h3.2c28.8 12.8 41.6 28.8 57.6 51.2 19
Action.c(35):     .2 22.4 35.2 54.4 35.2 57.6v3.2c57.6 192 163.2 537.6 188.8 627.2h9.6v32c0 25.6-19.2 32-38.
Action.c(35):     4 32v0c0 0 0 0 0 0-6.4 0-9.6 0-16 0-80 0-355.2 0-355.2 0h-35.2v-144l-44.8 150.4zM902.4 796
Action.c(35):     .8c22.4 0 48 0 70.4 0l192-630.4 169.6 572.8h-195.2v60.8c67.2 0 217.6 0 294.4 0-3.2-16-9.6-
Action.c(35):     35.2-16-57.6-19.2-60.8-41.6-140.8-67.2-224-44.8-150.4-92.8-304-96-323.2-6.4-9.6-16-28.8-22
Action.c(35):     .4-38.4l-3.2-3.2c-9.6-16-19.2-22.4-32-28.8-6.4-3.2-16-3.2-22.4-3.2-32 0-64 22.4-67.2 32-67
Action.c(35):     .2 188.8-169.6 524.8-204.8 643.2zM1164.8 406.4l-80 262.4h156.8l-76.8-262.4z",\n
Action.c(35):             "M3011.2 140.8l188.8 384v-441.6h153.6v745.6h-163.2l-252.8-492.8v496h-147.2v-659.2c
Action.c(35):     0-35.2 60.8-89.6 108.8-89.6 38.4 0 92.8 16 112 57.6z",\n
Action.c(35):             "M2758.4 867.2v-694.4c0-28.8 19.2-54.4 35.2-70.4 25.6-25.6 67.2-54.4 112-54.4h3.2c
Action.c(35):     48 0 112 19.2 137.6 76.8l121.6 249.6v-326.4h224v816h-217.6l-195.2-384v384l-220.8 3.2zM2905
Action.c(35):     .6 118.4c-32 0-73.6 38.4-76.8 54.4v624h76.8v-460.8l64-16 240 476.8h105.6v-678.4h-83.2v406.
Action.c(35):     4l-67.2 16-188.8-387.2c-9.6-25.6-51.2-35.2-70.4-35.2z",\n
Action.c(35):             "M3990.4 208h-169.6c-35.2 0-57.6 28.8-67.2 64-12.8 35.2-3.2 89.6 19.2 115.2 60.8 5
Action.c(35):     1.2 134.4 32 188.8 92.8 67.2 76.8 80 153.6 48 233.6-28.8 70.4-102.4 121.6-166.4 121.6h-176
Action.c(35):     v-115.2h166.4c25.6 0 54.4-32 64-60.8 25.6-70.4-54.4-112-112-134.4-51.2-16-121.6-57.6-153.6
Action.c(35):     -147.2-22.4-86.4-12.8-179.2 64-243.2 35.2-25.6 57.6-48 112-48h182.4l-0 121.6z",\n
Action.c(35):             "M3635.2 867.2v-182.4h198.4c6.4-3.2 25.6-19.2 32-38.4 3.2-9.6 3.2-19.2 0-28.8-9.6-
Action.c(35):     22.4-44.8-44.8-89.6-60.8-48-16-134.4-60.8-176-166.4v-3.2c-32-112-3.2-211.2 73.6-278.4l3.2-
Action.c(35):     3.2c6.4-3.2 9.6-6.4 16-9.6 28.8-22.4 60.8-44.8 118.4-44.8h217.6v192h-204.8c-19.2 0-32 25.6
Action.c(35):     -35.2 38.4-6.4 22.4-3.2 64 12.8 80 22.4 16 48 25.6 73.6 32 38.4 9.6 80 22.4 115.2 60.8 73.
Action.c(35):     6 83.2 92.8 172.8 54.4 268.8-32 80-118.4 144-198.4 144l-211.2-0zM3702.4 752v44.8h140.8c54.
Action.c(35):     4 0 112-44.8 134.4-99.2 28.8-70.4 12.8-134.4-41.6-195.2-22.4-25.6-51.2-32-83.2-41.6s-70.4-
Action.c(35):     19.2-102.4-48l-3.2-3.2c-35.2-38.4-41.6-108.8-25.6-150.4 19.2-54.4 54.4-86.4 102.4-86.4h134
Action.c(35):     .4v-54.4h-147.2c-35.2 0-51.2 12.8-76.8 32-6.4 3.2-9.6 6.4-16 12.8-76.8 67.2-64 156.8-51.2 
Action.c(35):     204.8 28.8 73.6 86.4 108.8 131.2 124.8 48 16 105.6 44.8 131.2 96 12.8 25.6 12.8 54.4 3.2 8
Action.c(35):     3.2-12.8 32-51.2 83.2-92.8 83.2l-137.6-3.2z",\n
Action.c(35):             "M2486.4 208h-160v624h-160v-624h-160v-121.6h480z",\n
Action.c(35):             "M2131.2 867.2v-624h-160v-192h547.2v192h-160v624h-227.2zM2201.6 172.8v624h92.8v-62
Action.c(35):     4h160v-54.4h-409.6v54.4h156.8z",\n
Action.c(35):             "M2713.6 832h-144v-745.6h144z",\n
Action.c(35):             "M2534.4 867.2v-816h214.4v816h-214.4zM2604.8 121.6v678.4h73.6v-678.4h-73.6z",\n
Action.c(35):             "M3571.2 86.4c0 57.6 0 144-44.8 198.4-28.8 25.6-41.6 44.8-89.6 38.4l28.8-115.2h-38
Action.c(35):     .4v-121.6l144 0z",\n
Action.c(35):             "M3452.8 358.4c-6.4 0-12.8 0-19.2 0l-38.4-6.4 25.6-108.8h-28.8v-192h211.2v35.2c3.2
Action.c(35):      76.8-3.2 163.2-51.2 220.8l-3.2 3.2c-3.2 3.2-9.6 6.4-12.8 9.6-19.2 19.2-41.6 38.4-83.2 38.
Action.c(35):     4zM3459.2 172.8h48l-25.6 99.2c0 0 3.2-3.2 3.2-3.2 3.2-3.2 6.4-6.4 12.8-9.6 25.6-35.2 35.2-
Action.c(35):     86.4 35.2-140.8h-73.6v54.4z",\n
Action.c(35):             "M1827.2 864v-48h44.8c-3.2 16-19.2 41.6-44.8 48z",\n
Action.c(35):             "M1264 99.2c0 0 96 96 115.2 166.4 44.8 147.2 147.2 448 147.2 448v-649.6h288c80 0 1
Action.c(35):     50.4 73.6 166.4 92.8v-92.8h524.8l38.4 48v-48h188.8l54.4 70.4c32-48 89.6-80 153.6-70.4 86.4
Action.c(35):      16 131.2 89.6 166.4 147.2l64 121.6v-268.8h195.2l32 32v-32h188.8l60.8 86.4c25.6-35.2 89.6-
Action.c(35):     86.4 137.6-86.4h224l70.4 76.8v192h-265.6c-22.4 0-19.2 16-16 32 16 32 67.2 38.4 80 44.8 121
Action.c(35):     .6 22.4 211.2 121.6 233.6 236.8l3.2 54.4c-9.6 105.6-134.4 252.8-220.8 252.8 0 0-179.2 0-18
Action.c(35):     2.4 0s-76.8-80-76.8-80v-179.2h185.6c22.4 0 38.4-22.4 44.8-32 3.2-3.2 12.8-25.6-3.2-44.8-28
Action.c(35):     .8-28.8-64-44.8-99.2-57.6-80-32-150.4-112-169.6-195.2l-80 38.4-70.4-32c0 0 0 588.8 0 588.8
Action.c(35):     s-198.4 0-198.4 0l-80-89.6c-38.4-80-121.6-243.2-121.6-243.2s0 332.8 0 332.8c0 0-163.2 0-16
Action.c(35):     3.2 0l-64-57.6c0 0-3.2 57.6-3.2 57.6s-179.2 0-179.2 0l-89.6-112v-508.8h-128v620.8h-176l-96
Action.c(35):     -108.8v-512h-76.8c3.2 57.6-12.8 140.8-67.2 195.2 35.2 32 67.2 70.4 67.2 115.2v310.4h-147.2
Action.c(35):     l-99.2-112v-211.2c-3.2-16-16-38.4-35.2-48-12.8-3.2-12.8 6.4-12.8 6.4s0 368 0 368c0 0-131.2
Action.c(35):      0-131.2 0l-76.8-73.6c0 0 22.4 73.6 19.2 73.6 0 0-396.8 0-396.8 0l-70.4-73.6c0 0-25.6 73.6
Action.c(35):     -25.6 73.6s-163.2 0-163.2 0c0 0-48-48-48-48v48h-169.6l-112-108.8v-83.2c-25.6 32-57.6 48-96
Action.c(35):      35.2-51.2-28.8-144-128-144-128v284.8h-160l-121.6-112v-646.4c0-64 57.6-108.8 118.4-128 60.
Action.c(35):     8-16 131.2 6.4 163.2 48l112 166.4 67.2-160c22.4-44.8 48-60.8 118.4-60.8s208 99.2 208 198.4
Action.c(35):     v416l169.6-537.6c19.2-51.2 80-80 128-80 57.6-3.2 70.4 3.2 102.4 32zM1692.8 220.8v192h86.4c
Action.c(35):     16 0 44.8-19.2 57.6-38.4 19.2-32 25.6-64 9.6-99.2-25.6-60.8-92.8-57.6-153.6-54.4zM1251.2 6
Action.c(35):     81.6l-28.8-92.8-28.8 92.8h57.6z",\n
Action.c(35):             "M1926.4 467.2c44.8-44.8 86.4-150.4 54.4-233.6-28.8-73.6-89.6-153.6-182.4-153.6h-2
Action.c(35):     56l-3.2 771.2h156.8v-284.8c83.2-6.4 137.6 19.2 140.8 64 0 3.2 0 137.6 0 208v12.8h153.6v-31
Action.c(35):     0.4c-0-28.8-28.8-57.6-64-73.6zM1820.8 361.6c-12.8 16-38.4 32-48 35.2h-76.8v-169.6c54.4 0 1
Action.c(35):     12-3.2 134.4 48 12.8 28.8 9.6 57.6-9.6 86.4z",\n
Action.c(35):             "M336 134.4l121.6 275.2c0 0 73.6-176 105.6-256 12.8-25.6 19.2-54.4 70.4-60.8 54.4-
Action.c(35):     6.4 92.8 16 112 35.2 22.4 19.2 35.2 54.4 38.4 83.2 0 32 0 624 0 624s-147.2 0-147.2 0c0 0 0
Action.c(35):     -544 0-544l-121.6 364.8c-12.8 28.8-44.8 41.6-80 32-16 0
Action.c(35): t=8340ms: 4545-byte DECODED response body for "https://stage.peapod.com/shop/images/icons/PeapodIcons.json" (RelFrameId=1, Internal ID=3)
Action.c(35):     -32-19.2-38.4-32 0 0-128-364.8-128-364.8s0 544 0 544h-147.2v-649.6c0-64 80-96 121.6-96 41.
Action.c(35):     6 3.2 80 25.6 92.8 44.8z",\n
Action.c(35):             "M633.6 851.2l-3.2-3.2c-3.2-3.2-3.2-3.2-3.2-92.8v-390.4l-99.2 297.6c-16 35.2-54.4 
Action.c(35):     51.2-96 38.4-22.4-3.2-38.4-22.4-48-35.2v-3.2c-22.4-57.6-73.6-211.2-105.6-297.6 0 131.2 0 4
Action.c(35):     06.4 0 476.8v12.8h-169.6v-662.4c0-73.6 89.6-108.8 134.4-108.8 51.2 0 89.6 25.6 105.6 48v0l
Action.c(35):     108.8 252.8c22.4-51.2 70.4-169.6 96-230.4 0-3.2 3.2-6.4 3.2-9.6 9.6-25.6 22.4-54.4 76.8-60
Action.c(35):     .8 6.4 0 12.8 0 16 0 48 0 83.2 22.4 105.6 38.4 25.6 22.4 41.6 57.6 41.6 92.8 0 16 0 179.2 
Action.c(35):     0 323.2 0 76.8 0 150.4 0 208v67.2c0 32 0 32-6.4 35.2-3.2 0-3.2 0-112 0h-38.4l-6.4 3.2zM128
Action.c(35):      828.8h124.8c0-182.4 0-508.8 0-531.2v-3.2l6.4-9.6 16 3.2v6.4c6.4 16 86.4 240 128 361.6 12.
Action.c(35):     8 16 22.4 25.6 28.8 25.6h3.2c28.8 9.6 54.4 0 67.2-25.6l121.6-361.6 22.4 3.2c0 166.4 0 470.
Action.c(35):     4 0 534.4h28.8c28.8 0 73.6 0 96 0 0-83.2 0-585.6 0-611.2 0-28.8-12.8-57.6-32-76.8-19.2-16-
Action.c(35):     48-35.2-89.6-35.2-6.4 0-9.6 0-16 0-41.6 3.2-48 22.4-57.6 44.8 0 3.2-3.2 6.4-3.2 9.6-32 76.
Action.c(35):     8-105.6 252.8-105.6 256l-9.6 25.6-131.2-300.8c-12.8-19.2-44.8-35.2-83.2-35.2s-112 28.8-112
Action.c(35):      83.2l-3.2 636.8z",\n
Action.c(35):             "M1251.2 140.8c16 16 32 48 32 48s195.2 649.6 195.2 649.6c0 0-374.4 0-374.4 0v-128h
Action.c(35):     185.6l-124.8-416-166.4 547.2c0 0-144 0-144 0s214.4-691.2 214.4-691.2c9.6-32 80-73.6 137.6-
Action.c(35):     48 19.2 6.4 32 19.2 44.8 38.4z",\n
Action.c(35):             "M1008 851.2h-9.6c-134.4 0-147.2 0-150.4-3.2 0 0 0 0 0 0s0 0 0 0c-6.4-3.2-6.4-6.4 
Action.c(35):     6.4-41.6l204.8-662.4c9.6-28.8 57.6-64 112-64 16 0 28.8 3.2 41.6 9.6 25.6 12.8 38.4 25.6 51
Action.c(35):     .2 44.8 16 19.2 32 51.2 32 51.2v0c60.8 204.8 176 585.6 195.2 643.2h3.2v9.6c0 6.4-3.2 9.6-1
Action.c(35):     2.8 9.6v0c0 0 0 0 0 0-3.2 0-9.6 0-19.2 0-80 0-355.2 0-355.2 0h-12.8v-153.6h179.2l-108.8-36
Action.c(35):     4.8-156.8 521.6zM870.4 828.8c25.6 0 80 0 118.4 0l176-576 137.6 467.2h-188.8v105.6c54.4 0 2
Action.c(35):     84.8 0 348.8 0 0-3.2-3.2-6.4-3.2-12.8-6.4-19.2-12.8-41.6-22.4-73.6-19.2-60.8-41.6-140.8-67
Action.c(35):     .2-224-48-156.8-92.8-313.6-99.2-323.2-3.2-3.2-16-32-28.8-44.8v0c-12.8-19.2-22.4-28.8-41.6-
Action.c(35):     35.2-9.6-3.2-22.4-6.4-32-6.4-44.8 0-83.2 28.8-89.6 48-3.2 3.2-179.2 572.8-208 675.2z",\n
Action.c(35):             "M3011.2 147.2l188.8 384v-441.6h153.6v745.6h-163.2l-252.8-492.8v496h-147.2v-659.2c
Action.c(35):     0-35.2 60.8-89.6 108.8-89.6 38.4 3.2 92.8 16 112 57.6z",\n
Action.c(35):             "M2780.8 851.2v-668.8c0-16 9.6-35.2 28.8-54.4 19.2-22.4 57.6-48 92.8-48v0c41.6 0 9
Action.c(35):     6 16 118.4 64l163.2 339.2v-403.2h176v771.2h-182.4l-233.6-457.6v457.6h-163.2zM2905.6 102.4v
Action.c(35):     0c-25.6 0-57.6 16-80 38.4-12.8 12.8-22.4 28.8-22.4 38.4v646.4h121.6v-483.2l22.4-6.4 246.4 
Action.c(35):     486.4h144v-723.2h-131.2v428.8l-22.4 6.4-188.8-384c-12.8-35.2-64-48-89.6-48z",\n
Action.c(35):             "M3990.4 214.4h-169.6c-35.2 0-57.6 28.8-67.2 64-12.8 35.2-3.2 89.6 19.2 115.2 60.8
Action.c(35):      51.2 134.4 32 188.8 92.8 67.2 76.8 80 153.6 48 233.6-28.8 70.4-102.4 121.6-166.4 121.6h-1
Action.c(35):     76v-115.2h166.4c22.4 0 54.4-32 64-60.8 25.6-70.4-54.4-112-112-134.4-51.2-16-121.6-57.6-153
Action.c(35):     .6-147.2-22.4-86.4-12.8-179.2 64-243.2 35.2-25.6 57.6-48 112-48h182.4l-0 121.6z",\n
Action.c(35):             "M3657.6 851.2v-137.6h179.2c16 0 41.6-25.6 51.2-51.2 6.4-16 6.4-32-3.2-48-12.8-28.
Action.c(35):     8-51.2-51.2-105.6-70.4-44.8-16-124.8-54.4-160-153.6-28.8-105.6-6.4-195.2 67.2-256v0c6.4-3.
Action.c(35):     2 9.6-6.4 16-12.8 28.8-19.2 54.4-38.4 105.6-38.4h195.2v147.2h-182.4c-35.2 0-51.2 35.2-57.6
Action.c(35):      54.4-9.6 32-3.2 83.2 16 105.6 25.6 22.4 54.4 28.8 86.4 38.4 35.2 9.6 73.6 19.2 105.6 54.4
Action.c(35):      67.2 76.8 86.4 156.8 51.2 243.2-28.8 73.6-105.6 128-179.2 128l-185.6-3.2zM3680 736v89.6h1
Action.c(35):     63.2c64 0 131.2-48 156.8-112 32-80 16-150.4-48-220.8-28.8-28.8-60.8-38.4-92.8-48s-64-16-96
Action.c(35):     -41.6v0c-28.8-32-35.2-92.8-22.4-128 16-44.8 44.8-70.4 80-70.4h156.8v-99.2h-172.8c-41.6 0-6
Action.c(35):     4 16-89.6 35.2-6.4 3.2-9.6 6.4-16 12.8-86.4 73.6-73.6 176-60.8 230.4 32 83.2 96 121.6 147.
Action.c(35):     2 137.6 41.6 16 96 41.6 118.4 83.2 9.6 19.2 9.6 41.6 3.2 64-9.6 32-44.8 67.2-73.6 67.2h-15
Action.c(35):     3.6z",\n
Action.c(35):             "M2486.4 214.4h-160v624h-160v-624h-160v-121.6h480z",\n
Action.c(35):             "M2153.6 851.2v-624h-160v-147.2h502.4v147.2h-160v624h-182.4zM2176 204.8v624h137.6v
Action.c(35):     -624h160v-99.2h-454.4v99.2h156.8z",\n
Action.c(35):             "M2713.6 838.4h-144v-745.6h144z",\n
Action.c(35):             "M2556.8 851.2v-771.2h166.4v771.2h-166.4zM2582.4 105.6v723.2h121.6v-723.2h-121.6z"
Action.c(35):     ,\n
Action.c(35):             "M3568 92.8c0 57.6 0 144-44.8 198.4-28.8 25.6-41.6 44.8-89.6 38.4l28.8-115.2h-38.4
Action.c(35):     v-121.6l144 0z",\n
Action.c(35):             "M3452.8 342.4c-6.4 0-9.6 0-16 0l-12.8-3.2 28.8-112h-35.2v-147.2h166.4v12.8c3.2 70
Action.c(35):     .4-3.2 153.6-48 204.8v0c-3.2 3.2-9.6 6.4-12.8 12.8-19.2 16-38.4 32-70.4 32zM3452.8 320c25.
Action.c(35):     6 0 35.2-9.6 54.4-25.6 3.2-3.2 6.4-6.4 12.8-12.8 35.2-44.8 41.6-115.2 41.6-179.2h-121.6v99
Action.c(35):     .2h41.6l-28.8 118.4z",\n
Action.c(35):             "M1852.8 281.6c-25.6-60.8-92.8-57.6-156.8-54.4v192h86.4c16 0 44.8-19.2 57.6-38.4 2
Action.c(35):     5.6-32 28.8-6
Action.c(35): t=8349ms: 4229-byte ENCODED response body received for "https://stage.peapod.com/shop/images/icons/PeapodIcons.json" (RelFrameId=1, Internal ID=3)
Action.c(35): t=8350ms: 10941-byte DECODED response body for "https://stage.peapod.com/shop/images/icons/PeapodIcons.json" (RelFrameId=1, Internal ID=3)
Action.c(35):     4 12.8-99.2zM1782.4 390.4v-48h44.8c-6.4 16-22.4 41.6-44.8 48z",\n
Action.c(35):             "M4236.8 899.2c0 44.8-35.2 80-80 80s-80-35.2-80-80c0-44.8 35.2-80 80-80 44.8-3.2 8
Action.c(35):     0 35.2 80 80z",\n
Action.c(35):             "M4156.8 988.8c-51.2 0-89.6-41.6-89.6-89.6 0-51.2 41.6-89.6 89.6-89.6 51.2 0 89.6 
Action.c(35):     41.6 89.6 89.6s-41.6 89.6-89.6 89.6zM4156.8 828.8c-38.4 0-70.4 32-70.4 70.4s32 70.4 70.4 7
Action.c(35):     0.4c38.4 0 70.4-32 70.4-70.4-0-41.6-32-70.4-70.4-70.4z",\n
Action.c(35):             "M4102.4 902.4c0-32 25.6-57.6 54.4-57.6 32 0 54.4 25.6 54.4 57.6s-25.6 57.6-54.4 5
Action.c(35):     7.6c-28.8 0-54.4-25.6-54.4-57.6zM4156.8 969.6c38.4 0 70.4-28.8 70.4-67.2s-32-67.2-70.4-67.
Action.c(35):     2c-38.4 0-70.4 28.8-70.4 67.2 3.2 38.4 35.2 67.2 70.4 67.2zM4144 905.6h12.8l22.4 35.2h12.8
Action.c(35):     l-22.4-35.2c12.8 0 19.2-6.4 19.2-22.4s-9.6-22.4-28.8-22.4h-28.8v80h12.8v-35.2zM4144 896v-2
Action.c(35):     5.6h16c9.6 0 16 3.2 16 12.8 0 12.8-9.6 12.8-19.2 12.8h-12.8z",\n
Action.c(35):             "M1606.4 115.2h89.6v323.2h-89.6v-323.2z"\n
Action.c(35):           ],\n
Action.c(35):           "attrs": [\n
Action.c(35):             {\n
Action.c(35):               "fill": "rgb(255, 255, 254)"\n
Action.c(35):             },\n
Action.c(35):             {\n
Action.c(35):               "fill": "rgb(255, 255, 254)"\n
Action.c(35):             },\n
Action.c(35):             {\n
Action.c(35):               "fill": "rgb(255, 255, 254)"\n
Action.c(35):             },\n
Action.c(35):             {\n
Action.c(35):               "fill": "rgb(255, 255, 254)"\n
Action.c(35):             },\n
Action.c(35):             {\n
Action.c(35):               "fill": "rgb(255, 255, 254)"\n
Action.c(35):             },\n
Action.c(35):             {\n
Action.c(35):               "fill": "rgb(255, 255, 254)"\n
Action.c(35):             },\n
Action.c(35):             {\n
Action.c(35):               "fill": "rgb(255, 255, 254)"\n
Action.c(35):             },\n
Action.c(35):             {\n
Action.c(35):               "fill": "rgb(255, 255, 254)"\n
Action.c(35):             },\n
Action.c(35):             {\n
Action.c(35):               "fill": "rgb(255, 255, 254)"\n
Action.c(35):             },\n
Action.c(35):             {\n
Action.c(35):               "fill": "rgb(255, 255, 254)"\n
Action.c(35):             },\n
Action.c(35):             {\n
Action.c(35):               "fill": "rgb(255, 255, 254)"\n
Action.c(35):             },\n
Action.c(35):             {\n
Action.c(35):               "fill": "rgb(255, 255, 254)"\n
Action.c(35):             },\n
Action.c(35):             {\n
Action.c(35):               "fill": "rgb(255, 255, 254)"\n
Action.c(35):             },\n
Action.c(35):             {\n
Action.c(35):               "fill": "rgb(255, 255, 254)"\n
Action.c(35):             },\n
Action.c(35):             {\n
Action.c(35):               "fill": "rgb(255, 255, 254)"\n
Action.c(35):             },\n
Action.c(35):             {\n
Action.c(35):               "fill": "rgb(255, 255, 254)"\n
Action.c(35):             },\n
Action.c(35):             {\n
Action.c(35):               "fill": "rgb(255, 255, 254)"\n
Action.c(35):             },\n
Action.c(35):             {\n
Action.c(35):               "fill": "rgb(255, 255, 254)"\n
Action.c(35):             },\n
Action.c(35):             {\n
Action.c(35):               "fill": "rgb(255, 255, 254)"\n
Action.c(35):             },\n
Action.c(35):             {\n
Action.c(35):               "fill": "rgb(26, 25, 25)"\n
Action.c(35):             },\n
Action.c(35):             {\n
Action.c(35):               "fill": "rgb(220, 59, 65)"\n
Action.c(35):             },\n
Action.c(35):             {\n
Action.c(35):               "fill": "rgb(220, 59, 65)"\n
Action.c(35):             },\n
Action.c(35):             {\n
Action.c(35):               "fill": "rgb(220, 59, 65)"\n
Action.c(35):             },\n
Action.c(35):             {\n
Action.c(35):               "fill": "rgb(220, 59, 65)"\n
Action.c(35):             },\n
Action.c(35):             {\n
Action.c(35):               "fill": "rgb(220, 59, 65)"\n
Action.c(35):             },\n
Action.c(35):             {\n
Action.c(35):               "fill": "rgb(220, 59, 65)"\n
Action.c(35):             },\n
Action.c(35):             {\n
Action.c(35):               "fill": "rgb(220, 59, 65)"\n
Action.c(35):             },\n
Action.c(35):             {\n
Action.c(35):               "fill": "rgb(220, 59, 65)"\n
Action.c(35):             },\n
Action.c(35):             {\n
Action.c(35):               "fill": "rgb(220, 59, 65)"\n
Action.c(35):             },\n
Action.c(35):             {\n
Action.c(35):               "fill": "rgb(220, 59, 65)"\n
Action.c(35):             },\n
Action.c(35):             {\n
Action.c(35):               "fill": "rgb(220, 59, 65)"\n
Action.c(35):             },\n
Action.c(35):             {\n
Action.c(35):               "fill": "rgb(220, 59, 65)"\n
Action.c(35):             },\n
Action.c(35):             {\n
Action.c(35):               "fill": "rgb(220, 59, 65)"\n
Action.c(35):             },\n
Action.c(35):             {\n
Action.c(35):               "fill": "rgb(220, 59, 65)"\n
Action.c(35):             },\n
Action.c(35):             {\n
Action.c(35):               "fill": "rgb(220, 59, 65)"\n
Action.c(35):             },\n
Action.c(35):             {\n
Action.c(35):               "fill": "rgb(26, 25, 25)"\n
Action.c(35):             },\n
Action.c(35):             {\n
Action.c(35):               "fill": "rgb(255, 255, 254)"\n
Action.c(35):             },\n
Action.c(35):             {\n
Action.c(35):               "fill": "rgb(255, 255, 254)"\n
Action.c(35):             },\n
Action.c(35):             {\n
Action.c(35):               "fill": "rgb(26, 25, 25)"\n
Action.c(35):             },\n
Action.c(35):             {\n
Action.c(35):               "fill": "rgb(220, 59, 65)"\n
Action.c(35):             }\n
Action.c(35):           ],\n
Action.c(35):           "width": 4301,\n
Action.c(35):           "isMulticolor": true,\n
Action.c(35):           "grid": 32,\n
Action.c(35):           "tags": [\n
Action.c(35):             "martins-logo"\n
Action.c(35):           ],\n
Action.c(35):           "defaultCode": 59649\n
Action.c(35):         },\n
Action.c(35):         {\n
Action.c(35):           "paths": [\n
Action.c(35):             "M4498.34 381.365c0 0 50.194 49.976 60.62 87.596 23.445 77.471 77.499 236.604 77.4
Action.c(35):     99 236.604l0.189-342.264 151.377 0.026c42.819-0.109 79.928 37.94 87.469 49.12l-0.173-49.30
Action.c(35):     9 276.254 0.036 19.803 25.628 0.075-25.556 99.985-0.119 28.835 37.684c17.343-24.755 47.118
Action.c(35):     -41.946 81.277-36.6 44.705 9.139 68.935 46.933 86.98 77.298l33.631 63.933 0.020-142.197 10
Action.c(35):     2.227 0.101 17.108 17.243 0.163-17.462 100.152 0.036 32.105 45.733c12.699-19.347 47.461-45
Action.c(35):     .679 71.626-45.759l118.288 0.109 37.185 40.662-0.409 101.699-139.439-0.127c-12.548 0.802-1
Action.c(35):     0.381 8.704-8.15 16.963 8.15 16.424 35.072 20.694 42.774 24.282 64.187 12.391 110.886 64.2
Action.c(35):     7 122.697 124.799l1.437 27.805c-4.662 56.376-70.771 133.203-115.365 133.146-0.502 0.056-94
Action.c(35):     .607 0.065-95.472 0.065-0.828-0.008-39.698-42.22-39.698-42.22l-0.135-93.932 96.891-0.119c1
Action.c(35):     2.064-0.445 21.004-11.754 22.762-16.914 1.030-2.014 6.319-13.558-1.191-24.348-15.761-15.82
Action.c(35):     4-33.933-23.554-52.488-30.829-41.71-16.313-79.959-59.289-88.471-103.293l-42.819 20.224-37.
Action.c(35):     459-17.573c0 0-0.272 309.105-0.181 309.040 0.034-0.044-103.738-0.044-103.738-0.044l-42.704
Action.c(35):     -47.429c-19.827-42.153-64.661-127.948-64.661-127.948s-0.026 175.32-0.117 175.358c-0.137 0.
Action.c(35):     018-86.449-0.020-86.449-0.020l-33.752-30.909c0 0-1.165 30.948-1.875 30.948-0.655 0-93.67-0
Action.c(35):     .038-93.67-0.038l-47.59-58.751 0.062-268.207-66.51-0.036v327.15l-93.406-0.091-50.192-58.01
Action.c(35):     5 0.018-269.098-39.843-0.119c1.967 30.321-6.993 74.776-34.862 102.884 18.357 16.973 35.435
Action.c(35):      36.63 35.517 60.255l-0.083 164.112-77.425 0.073-52.653-58.852-0.218-111.735c-2.242-9.002-
Action.c(35):     8.214-20.684-18.72-25.592-6.027-1.238-6.037 2.987-6.037 2.987s-0.244 192.901 0.129 192.984
Action.c(35):     c0.365 0.091-68.314 0.026-68.314 0.026l-39.742-39.251c0 0 11.109 39.114 10.901 39.204-0.19
Action.c(35):     1 0.111-208.118 0.065-208.118 0.065l-36.535-39.196c0 0-14.286 39.416-13.63 39.333 0.637-0.
Action.c(35):     091-86.623-0.22-86.439-0.155 0.173 0.065-24.794-25.257-24.794-25.257l0.065 25.275-89.527-0
Action.c(35):     .065-58.279-57.648-0.062-43.613c-13.584 16.515-30.901 25.183-50.414 19.109-26.265-15.477-7
Action.c(35):     5.732-67.11-75.732-67.11l0.327 149.355-83.434-0.020-64.472-58.751 0.173-340.371c0.51-33.49
Action.c(35):     6 29.892-58.007 62.178-66.673 32.274-8.631 69.86 3.578 85.337 25.338l58.445 87.715 35.497-
Action.c(35):     84.155c11.546-24.072 25.675-32.294 62.66-32.331 36.975-0.046 110.265 52.107 109.346 105.13
Action.c(35):     1l-0.135 219.68 88.453-283.448c9.849-26.66 41.899-41.49 66.735-41.454 27.106 0.062 32.677 
Action.c(35):     3.487 50.313 18.19zM4722.99 444.517l0.083 101.489 46.225 0.129c9.041-0.556 23.326-10.464 3
Action.c(35):     0.863-20.214 10.946-16.89 13.63-33.806 4.673-52.587-13.439-31.258-49.156-29.855-81.843-28.
Action.c(35):     817zM4490.866 688.057l-15.634-49.648-15.922 49.567 31.557 0.081z",\n
Action.c(35):             "M4311.13 853.782l-0.572-3.032-106.653-0.091-69.025-68.249-0.016-15.515c-11.99 4.4
Action.c(35):     06-24.965 4.745-37.62 0.81l-2.030-0.637-1.83-1.093c-13.786-8.111-32.341-24.255-48.112-39.0
Action.c(35):     59l0.256 123.833h-108.782l-75.653-68.969 0.183-348.418c0.665-44.449 38.487-74.305 75.677-8
Action.c(35):     4.282 8.486-2.268 17.41-3.423 26.57-3.423 32.129 0 62.903 14.048 78.372 35.808l39.952 59.9
Action.c(35):     36 22.669-53.689c14.906-31.075 36.328-42.647 79.094-42.683 26.668 0 64.351 19.438 91.71 47
Action.c(35):     .279 16.69 16.973 36.455 43.996 35.892 76.409l-0.054 99.441 53.024-169.849c12.802-34.671 5
Action.c(35):     2.718-53.381 83.764-53.381 32.53 0.065 41.809 5.527 62.075 22.417l1.193 1.093c5.489 5.463 
Action.c(35):     53.937 54.572 65.316 95.643 10.28 33.933 26.686 84.321 41.754 129.796l0.137-248.83 169.603
Action.c(35):      0.046c26.757 0 50.851 11.834 69.078 24.965l-0.109-25.157 423.45-0.018 20.849 27.251c22.72
Action.c(35):     6-20.815 53.135-30.619 83.073-25.941l0.837 0.155c54.29 11.099 82.095 57.36 98.739 85.357l0
Action.c(35):     .010-86.724 119.663 0.119v-0.218l127.712 0.044 24.211 34.471c18.646-17.618 45.905-34.425 6
Action.c(35):     9.977-34.498l126.391 0.109 47.408 51.841-0.538 127.020-134.039-0.127c3.27 1.191 6.41 2.177
Action.c(35):      8.706 2.876 2.85 0.875 5.426 1.685 7.72 2.578 67.449 13.82 121.685 69.404 135.249 138.845
Action.c(35):     l0.321 2.55 1.494 29.025-0.093 1.232c-5.134 61.902-75.058 149.871-133.509 149.881v-0.026c-
Action.c(35):     4.263 0.073-20.913 0.073-95.518 0.073-8.885-0.046-8.885-0.046-53.119-48.094l-4.814-5.223-0
Action.c(35):     .157-119.292 114.611-0.137c2.012-0.228 5.126-3.149 6.182-5.025l0.847-1.921c0.137-0.3 1.256
Action.c(35):     -2.705 0.562-4.761-12.663-12.056-27.739-18.537-44.611-25.13-41.027-16.078-77.435-53.871-93
Action.c(35):     .297-94.714l-31.337 14.786-19.267-9.033c-0.101 108.282-0.218 274.936-0.155 279.997l-6.737 
Action.c(35):     0.091-11.728 11.582-0.127 6.918c-2.804-0.036-63.359-0.044-103.384-0.044h-8.132l-49.93-55.4
Action.c(35):     85-1.157-2.413c-7.537-16.061-18.863-38.723-29.928-60.464l-0.052 92.595c-0.036 9.668-0.065 
Action.c(35):     21.752-13.848 25.185l-1.294 0.29c-1.619 0.292-1.619 0.292-20.23 0.292l-76.453-0.028-12.044
Action.c(35):     -11.070c-2.449 6.682-7.103 11.099-16.489 11.099l-102.374-0.028-57.124-70.543 0.056-256.435
Action.c(35):     -30.037-0.026v327.158l-119.963-0.117-60.11-69.443 0.008-257.697-3.395-0.010c-1.639 26.295-
Action.c(35):     9.716 57.832-28.243 83.418 15.187 16.223 28.861 36.592 28.934 61.347l-0.073 182.421-103.82
Action.c(35):     1 0.081-51.297-57.34c0.028 9.651 0.038 17.944 0.044 24.328l2.133 0.484-2.139 16.414c-2.060
Action.c(35):      15.888-17.21 15.916-24.483 15.932l-15.588 0.010-53.827-0.046-6.892-6.801c-1.439 1.768-3.3
Action.c(35):     97 3.378-6.029 4.735-4.005 2.131-6.2 2.131-131.707 2.131l-92.759-0.018-21.496-23.052c-1.33
Action.c(35):     8 3.85-2.35 6.827-2.824 8.337-1.629 8.678-9.615 15.098-18.638 14.842-4.487-0.073-53.407-0.
Action.c(35):     163-76.070-0.163-3.55 0-6.291 0.010-7.874 0.010l-16.307 3.076zM4810.614 766.786l42.573 47.
Action.c(35):     618 51.041-0.046 0.075-145.902c-0.065-17.2-15.023-33.34-29.664-46.854l-13.895-12.818 13.32
Action.c(35):     2-13.429c22.951-23.109 31.411-61.277 29.636-88.854l-1.284-19.466 77.562 0.21-0.026 280.497
Action.c(35):      40.315 46.572 66.8 0.081-0.006-327.158 103.009 0.054-0.073 279.987 38.057 46.989 68.040 0
Action.c(35):     .018c0.228-4.334 0.419-9.059 0.564-13.401l30.565-12.766 28.525 26.148 61.146 0.018c0.048-3
Action.c(35):     6.765 0.067-120.274 0.067-157.13l34.415-8.456c1.81 3.451 43.593 83.49 63.843 126.19l35.489
Action.c(35):      39.396c39.406 0 63.077 0 77.491 0.083-0.183-31.657-0.101-107.163 0.062-290.842l0.028-28.6
Action.c(35):     96 55.657 26.122 56.304-26.578 4.443 23.072c7.101 36.709 40.289 75.294 77.215 89.771 20.68
Action.c(35):     8 8.093 40.783 16.862 58.773 34.907l2.012 2.459c10.079 14.449 8.23 30.956 3.005 42-4.616 1
Action.c(35):     1.58-19.113 27.194-38.852 27.932h-0.665l-78.644 0.091 0.099 68.596c11.29 12.228 22.808 24.
Action.c(35):     564 29.007 31.083 22.272 0 80.005 0 86.996-0.044h0.939c32.248 0 92.112-65.171 97.093-115.2
Action.c(35):     77l-1.292-25.155c-11.282-55.048-54.548-98.85-108.010-109.165l-2.213-0.429-2.020-0.955c-0.7
Action.c(35):     94-0.318-3.505-1.157-5.491-1.786-13.522-4.187-36.183-11.216-45.961-30.901l-0.8-1.637-0.464
Action.c(35):     -1.758c-1.905-7.029-5.019-18.646 2.338-28.89 3.288-4.598 9.825-10.224 22.262-11.016l1.175-
Action.c(35):     0.036 121.263 0.109 0.3-76.389-26.969-29.462-110.239-0.111c-16.051 0.056-45.868 21.524-56.
Action.c(35):     348 37.513l-14.757 22.48-42.083-59.964-74.095-0.036-29.682 12.072-11.782-11.863-76.387-0.0
Action.c(35):     73-0.018 123.932-34.389 8.486-33.387-63.514c-18.174-30.5-38.914-60.803-74.305-68.239-24.01
Action.c(35):     8-3.562-48.092 7.684-63.113 29.105l-14.278 20.377-38.511-50.277-72.785 0.093-0.010 7.374-3
Action.c(35):     2.667 11.117-14.338-18.545-248.987-0.028 0.119 31.010-33.361 10.27c-6.118-9.077-38.386-41.
Action.c(35):     099-72.172-41.099l-133.322-0.036-0.191 324.054-35.526 5.848c-0.536-1.594-54.409-160.308-77
Action.c(35):     .691-237.187-7.474-26.987-42.026-65.891-55.455-79.42-14.532-12.092-16.372-13.366-38.041-13
Action.c(35):     .411-18.49 0-42.508 11.125-49.438 29.134l-88.298 282.957-35.653-5.445 0.125-219.678c0.266-
Action.c(35):     15.725-8.766-33.55-25.429-50.505-22.369-22.77-50.94-36.364-65.617-36.364-32.25 0.018-38.68
Action.c(35):     6 6.273-46.070 21.587l-35.334 83.728-31.986 3.022-58.451-87.705c-8.25-11.591-28.253-20.002
Action.c(35):     -48.319-20.002-5.965 0-11.72 0.738-17.126 2.175-23.927 6.42-48.265 24.165-48.638 49.329l-0
Action.c(35):     .173 332.022 53.298 48.592h58.080l-0.282-131.062 31.419-12.647c12.856 13.403 49.64 49.94 6
Action.c(35):     9.88 62.805 12.31 2.812 22.713-6.146 28.999-13.776
Action.c(35): t=8381ms: 12280-byte ENCODED response body received for "https://stage.peapod.com/shop/images/icons/PeapodIcons.json" (RelFrameId=1, Internal ID=3)
Action.c(35): t=8382ms: 12288-byte DECODED response body for "https://stage.peapod.com/shop/images/icons/PeapodIcons.json" (RelFrameId=1, Internal ID=3)
Action.c(35):     l32.331 11.554 0.044 36.001 47.554 47.042 63.734 0.056-0.020-6.974 31.238-12.856c8.97 9.08
Action.c(35):     7 15.134 15.332 19.404 19.785h2.048c0.556 0 41.145 0.046 63.55 0.109 0.812-2.32 1.703-4.83
Action.c(35):     4 2.669-7.593 3.505-9.841 7.039-19.619 7.039-19.619l10.159-28.043 51.478 55.193h76.891c51.
Action.c(35):     45 0 81.741 0 99.366-0.010-1.445-5.154-3.003-10.698-4.533-16.023l30.375-17.964 34.415 33.9
Action.c(35):     69 42.427 0.028c-0.008-3.57-0.018-7.595-0.028-11.955-0.026-18.109-0.026-42.256-0.018-66.36
Action.c(35):     4 0.018-48.245 0.075-96.492 0.075-96.492 0.016-10.55 8.347-21.423 22.252-21.423 1.848 0 3.
Action.c(35):     759 0.183 5.709 0.593l2.094 0.427 1.947 0.911c20.295 9.486 27.096 31.284 28.69 37.739l0.54
Action.c(35):     4 2.149 0.202 106.962zM4515.769 706.368l-81.462-0.228 23.556-73.329 34.77 0.109 23.137 73.
Action.c(35):     448zM4769.836 564.381l-65.002-0.191-0.107-137.355 18.509-0.583c6.084-0.189 12.264-0.383 18
Action.c(35):     .382-0.383 18.702 0 62.414 0 79.832 39.934 11.016 23.363 9.004 46.917-5.983 70.035l-0.873 
Action.c(35):     1.246c-9.651 12.473-28.406 26.285-44.159 27.259l-0.599 0.038zM4741.291 527.805l27.049 0.07
Action.c(35):     3c2.951-0.683 11.701-6.1 16.946-12.562 7.827-12.393 8.702-22.308 3.076-34.153l-0.292-0.619
Action.c(35):     c-5.699-13.258-18.291-18.192-46.453-18.192-0.127 0-0.262 0-0.371 0.010l0.044 65.443z",\n
Action.c(35):             "M4833.74 576.352c26.257-13.903 53.5-77.254 36.437-122.031-13.483-35.461-44.24-76.
Action.c(35):     477-90.638-76.397l-129.268-0.202-1.22 393.353 69.922-0.101 0.056-149.837c61.585-5.116 84.1
Action.c(35):     17 16.487 86.84 39.331 0.083 0.639 0.282 110.487 0.282 110.487l68.404 0.191 0.062-157.458c
Action.c(35):     -1.054-13.602-18.863-31.986-40.879-37.338zM4796.338 524.017c-7.549 9.752-21.825 19.647-30.
Action.c(35):     873 20.206l-46.225-0.129-0.101-101.481c32.714-1.020 68.423-2.441 81.851 28.807 8.978 18.80
Action.c(35):     1 6.291 35.709-4.652 52.597z",\n
Action.c(35):             "M4892.793 789.457l-104.841-0.3-0.044-18.164c-0.065-40.416-0.202-100.679-0.264-109
Action.c(35):     .165-3.28-20.54-35.59-23.117-50.378-23.199l-0.065 150.574-106.452 0.135 1.33-429.878 147.4
Action.c(35):     96 0.228c54.683 0 91.446 45.534 107.663 88.161 15.169 39.833 1.901 92.577-21.56 123.551 15
Action.c(35):     .205 10.825 25.977 26.13 27.124 40.871l0.062 1.421-0.073 175.765zM4824.363 752.766l31.948 
Action.c(35):     0.081 0.065-138.091c-1.010-4.779-11.637-16.944-26.932-20.659l-46.699-11.363 42.466-22.488c
Action.c(35):     17.553-9.333 42.055-62.321 27.924-99.423-11.881-31.266-37.42-64.653-73.438-64.653l-111.251
Action.c(35):     -0.163-1.084 356.785 33.379-0.026 0.054-148.418 16.725-1.391c6.565-0.53 12.929-0.83 18.928
Action.c(35):     -0.83 75.024 0 85.968 43.010 87.542 56.193 0.155 1.377 0.191 1.659 0.375 94.446zM4766.001 
Action.c(35):     562.459l-64.99-0.173-0.127-137.363 18.527-0.564c6.065-0.191 12.23-0.383 18.347-0.383 18.7 
Action.c(35):     0 62.448 0 79.858 39.906 11.026 23.363 9.022 46.937-5.983 70.051l-0.873 1.248c-9.67 12.502
Action.c(35):     -28.444 26.293-44.185 27.261l-0.574 0.018zM4737.458 525.883l27.078 0.093c2.913-0.683 11.65
Action.c(35):     3-6.092 16.926-12.564 7.837-12.375 8.712-22.308 3.068-34.135l-0.292-0.647c-5.717-13.3-18.2
Action.c(35):     36-18.218-46.844-18.172l0.065 65.425z",\n
Action.c(35):             "M4009.081 400.34l63.188 145.632c0 0 38.785-92.952 55.447-134.616 6.428-13.874 10.
Action.c(35):     053-29.188 37.868-32.067 27.803-2.866 48.090 8.787 59.789 18.93 11.689 10.159 19.331 28.28
Action.c(35):     7 19.51 44.359 0.173 16.059 0.329 328.269 0.163 328.351-0.179 0.109-76.869 0.062-77.052 0.
Action.c(35):     081-0.163 0.028-0.036-287.071-0.036-287.071l-64.316 191.417c-7.037 15.36-23.363 22.48-42.8
Action.c(35):     99 16.416-9.025-0.764-16.509-10.188-20.996-16.59 0 0-68.185-191.234-67.905-191.216 0.274 0
Action.c(35):     .044-0.008 287.081-0.008 287.081l-77.616-0.056v-342.699c0.391-34.016 41.736-50.45 64.671-5
Action.c(35):     0.523 24.034-0.091 43.29 11.335 50.192 22.57z",\n
Action.c(35):             "M4162.014 789.967l-5.965-5.18c-6.346-5.499-6.346-5.499-6.374-58.68v-98.685l0.010-
Action.c(35):     31.813-29.462 87.35c-8.377 18.291-25.594 29.216-46.024 29.216-5.628 0-11.409-0.826-17.219-
Action.c(35):     2.483-15.314-2.324-25.648-14.705-32.175-24.038l-1.411-2.022-0.83-2.32c-13.175-36.939-23.78
Action.c(35):     8-66.758-32.365-90.83-0.020 41.793-0.048 99.852-0.129 180.593l-0.016 18.226-114.083-0.062v
Action.c(35):     -360.948c0.52-44.786 48.465-68.677 82.861-68.767 32.294 0 56.249 15.705 65.79 31.266l1.193
Action.c(35):      2.284 46.098 106.244c12.619-30.393 29.408-71.063 38.858-94.726l0.393-0.893c0.599-1.31 1.1
Action.c(35):     91-2.641 1.766-3.979 6.082-13.893 15.259-34.897 50.777-38.565 3.469-0.365 6.946-0.546 10.3
Action.c(35):     69-0.546 29.563 0 50.714 12.945 63.25 23.844 15.435 13.374 25.568 36.108 25.804 57.914 0.0
Action.c(35):     91 8.396 0.173 94.206 0.21 170.385 0.018 40.025 0.026 79.584 0.026 109.112l-0.026 35.626c-
Action.c(35):     0.018 18.555-0.036 24.8-10.242 29.827-3.798 1.937-3.798 1.937-60.747 1.937h-23.383l-6.954 
Action.c(35):     0.712zM3912.462 752.756l41.143 0.036c0.065-82.898 0.191-246.463 0.028-266.331l-1.693-6.537
Action.c(35):      12.147-15.751 24.782 4.142 0.974 11.99c5.253 15.124 41.389 116.651 66.211 186.293 3.878 5
Action.c(35):     .207 6.079 6.672 6.773 7.047l1.429 0.135 1.895 0.583c9.512 2.951 17.035 0.937 20.549-5.882
Action.c(35):     l63.97-190.351 35.536 5.819c-0.038 79.737-0.073 219.45-0.020 268.806h40.672c0.073-66.437-0
Action.c(35):     .062-296.111-0.218-309.998-0.119-11.27-5.692-24.217-13.221-30.746-7.849-6.809-21.022-14.92
Action.c(35):     3-39.341-14.923-2.175 0-4.396 0.119-6.628 0.337-14.35 1.494-16.051 5.382-21.087 16.89-0.61
Action.c(35):     9 1.437-1.238 2.858-1.885 4.261-16.616 41.526-54.992 133.501-55.385 134.438l-16.505 39.551
Action.c(35):     -79.592-183.496c-4.154-5.535-17.009-13.056-33.816-13.056-15.888 0.046-46.479 11.554-46.717
Action.c(35):      32.476v324.265z",\n
Action.c(35):             "M4491.067 402.935c8.621 9.041 16.168 26.047 16.168 26.047s103.184 341.992 103.474
Action.c(35):      342.028c0.292 0.026-197.67-0.054-197.67-0.054l0.191-68.021 96.964-0.091-64.879-218.904-87
Action.c(35):     .161 287.236c0 0-75.832 0-75.905-0.083-0.083-0.056 112.051-363.933 112.051-363.933 4.844-1
Action.c(35):     6.88 42.427-38.249 72.865-25.475 10.889 5.316 16.799 11.070 23.901 21.25z",\n
Action.c(35):             "M4371.675 789.421l-51.448-0.020c-43.339-0.026-44.824-0.026-49.585-4.215-9.534-7.4
Action.c(35):     56-7.484-14.138-1.048-35.108l107.28-348.299c6.402-22.316 39.279-42.218 70.279-42.218 9.569
Action.c(35):      0 18.676 1.784 27.069 5.316l0.929 0.419c14.521 7.075 22.433 15.287 30.135 26.148 10.016 1
Action.c(35):     1.073 17.755 28.17 18.619 30.137l0.802 2.139c30.518 101.199 85.575 283.485 99.868 330.347l
Action.c(35):     5.072 0.5-0.701 17.18c-0.556 13.467-9.968 16.582-20.041 17.299l-0.016 0.109c-0.22-0.018-0.
Action.c(35):     445-0.034-0.673-0.062-2.806 0.163-5.646 0.163-8.349 0.163-41.337 0-186.828-0.052-186.828-0
Action.c(35):     .052h-18.293l0.21-76.482-23.282 76.699zM4306.905 752.892c11.308 0.020 25.048 0.028 37.731 
Action.c(35):     0.028l100.88-332.496 89.106 300.647-103.2 0.091-0.083 31.548c35.644 0.028 114.464 0.054 15
Action.c(35):     4.709 0.054-2.514-8.267-5.602-18.4-9.087-29.926-9.716-32.067-22.645-74.823-35.556-117.579-
Action.c(35):     24.080-79.668-48.108-159.325-51.285-169.831-2.622-5.662-7.869-15.306-12.246-19.903l-1.758-
Action.c(35):     2.139c-5.727-8.194-9.333-11.518-16.455-15.052-3.788-1.52-7.984-2.284-12.51-2.284-17.636 0-
Action.c(35):     33.413 11.443-35.362 16.297-31.22 101.297-85.484 277.437-104.885 340.542zM4445.115 547.435
Action.c(35):     l-41.645 137.264 82.299-0.073-40.654-137.192z",\n
Action.c(35):             "M5417.652 407.214l98.56 202.762 0.399-232.115 81.005-0.018v393.087l-85.675 0.028-
Action.c(35):     132.227-260.104-0.046 260.239-77.036 0.010-0.135-346.453c-0.447-18.164 32.45-46.808 58.015
Action.c(35):     -47.108 18.656-0.191 47.217 6.874 57.14 29.672z",\n
Action.c(35):             "M5284.396 789.356l-0.145-364.707c-0.347-14.741 9.506-28.243 17.872-36.892 13.102-
Action.c(35):     13.574 35.29-28.196 58.189-28.46h0.966c25.457 0 59.763 10.561 72.938 40.261l63.879 131.445
Action.c(35):      0.308-171.369 117.452-0.046v429.588l-115.129 0.028-102.783-202.218-0.028 202.353-113.517 
Action.c(35):     0.018zM5361.276 395.787c-17.118 0.191-39.533 20.722-40.555 28.698l0.149 328.377 40.551-0.0
Action.c(35):     24 0.036-241.987 34.518-8.248 127.137 250.106 56.268-0.010v-356.602h-44.56l-0.381 213.923-
Action.c(35):     34.637 7.94-98.903-203.474c-6.41-14.794-28.726-18.7-39.624-18.7z",\n
Action.c(35):             "M5932.87 442.667l-89.263 0.028c-17.972-0.036-29.936 14.413-36.181 33.113-6.001 18
Action.c(35):     .063-1.949 47.491 10.397 61.412 32.23 26.795 70.398 16.717 99.987 48.364 35.608 39.577 42.
Action.c(35):     036 80.086 25.757 122.112-14.751 36.785-53.827 63.341-88.153 63.315l-92.057 0.073-0.183-60
Action.c(35):     .146 87.635-0.181c12.645-0.308 27.844-17.491 32.885-31.776 13.094-37.13-28.216-59.372-59.6
Action.c(35):     62-70.178-26.832-9.232-63.506-30.529-80.658-76.816-12.621-45.123-6.847-93.97 33.431-128.42
Action.c(35):     1 18.619-12.975 30.285-25.721 59.747-25.767l96.49 0.046-0.171 64.824z",\n
Action.c(35):             "M5745.157 789.329l-0.274-96.601 105.216-0.228c3.614-1.020 12.973-9.942 16.37-19.5
Action.c(35):     93 2.076-5.864 1.965-10.651-0.383-15.485-5.463-11.329-22.961-22.762-47.973-31.377-25.392-8
Action.c(35):     .73-71.097-31.738-91.839-87.697l-0.474-1.455c-16.305-58.316-2.048-111.971 39.134-147.196l1
Action.c(35):     .437-1.103c2.832-1.975 5.481-3.933 8.075-5.844 15.396-11.391 31.305-23.153 62.077-23.199l1
Action.c(35):     14.819 0.054-0.29 101.299-107.427 0.036c-10.452 0-16.334 12.927-18.91 20.639-4.062 12.246-
Action.c(35):     0.976 33.534 5.989 42.583 11.681 9.25 24.566 12.794 39.424 16.852 19.539 5.366 41.702 11.4
Action.c(35):     27 61.013 32.105 39.093 43.458 48.908 90.864 29.444 141.177-17.18 42.812-62.341 74.96-105.
Action.c(35):     123 74.96l-110.304 0.073zM5781.449 729.139l0.091 23.681 73.857-0.054c27.862 0 59.783-23.26
Action.c(35):     4 71.245-51.851 14.415-37.267 7.329-70.098-22.397-103.122-12.028-12.873-26.751-16.924-43.7
Action.c(35):     86-21.603-16.981-4.644-36.235-9.934-54.29-24.939l-1.986-1.903c-18.164-20.486-21.439-57.096
Action.c(35):     -14.074-79.293 9.686-28.999 29.17-45.614 53.462-45.614h71.099l0.081-28.362-78.219-0.028c-1
Action.c(35):     8.728 0.020-26.894 6.037-40.406 16.025-2.594 1.931-5.289 3.917-8.103 5.9-39.914 34.689-34.
Action.c(35):     389 82.434-27.279 108.383 14.842 39.295 45.798 57.132 69.215 65.189 24.548 8.43 56.405 23.
Action.c(35):     937 68.997 49.995 6.527 13.53 7.21 28.569 1.929 43.494-6.108 17.38-26.12 43.365-49.61 43.9
Action.c(35):     55l-69.826 0.147z",\n
Action.c(35):             "M5141.561 442.704l-84.174-0.246-0.28 328.454-84.847 0.044 0.208-328.379-83.444 0.
Action.c(35):     137 0.189-65.008 252.156 0.117z",\n
Action.c(35):             "M4954.004 789.22l0.191-328.353-83.472 0.127 0.3-101.543 288.538 0.145 0.3 101.398
Action.c(35):     -84.246-0.244-0.274 328.406-121.338 0.065zM4990.715 424.314l-0.202 328.388 48.374-0.028 0.
Action.c(35):     274-328.506 84.099 0.238-0.062-28.335-215.792-0.109-0.081 28.481 83.389-0.127z",\n
Action.c(35):             "M5261.27 771.093l-75.933 0.010v-393.297l75.933 0.228z",\n
Action.c(35):             "M5167.1 789.356v-429.852l112.406 0.329v429.506l-112.406 0.018zM5203.591 396.098v3
Action.c(35):     56.765l39.432-0.024v-356.624l-39.432-0.117z",\n
Action.c(35):             "M5711.488 377.77c0.673 30.609 0.135 76.143-23.244 104.275-14.713 12.639-21.361 24
Action.c(35):     .165-46.673 20.851l14.596-60.192h-20.748l0.173-64.778 75.895-0.155z",\n
Action.c(35):             "M5649.831 521.714c-3.35 0-6.92-0.254-10.617-0.738l-20.157-2.649 13.923-57.378-15.
Action.c(35):     852-0.008 0.264-101.209 111.951-0.246 0.393 17.882c0.883 40.134-1.693 85.347-27.469 116.33
Action.c(35):     9l-2.123 2.177c-2.258 1.921-4.298 3.824-6.247 5.644-10.169 9.462-21.677 20.186-44.066 20.1
Action.c(35):     86zM5653.711 424.477l25.654 0.008-12.764 52.581c0.764-0.693 1.566-1.421 2.439-2.239 1.913-
Action.c(35):     1.784 3.888-3.616 6.037-5.509 14.195-17.964 17.817-45.723 18.265-73.266l-39.569 0.083-0.06
Action.c(35):     2 28.343z",\n
Action.c(35):             "M4794.973 787.854l-0.308-25.558 22.933 0.038c-1.921 8.639-10.589 22.542-22.625 25
Action.c(35):     .519z",\n
Action.c(35):             "M4498.122 385.062c0 0 50.194 49.985 60.61 87.596 23.453 77.481 77.51 236.613 77.5
Action.c(35):     1 236.613l0.2-342.272 151.356 0.026c42.839-0.109 79.939 37.94 87.496 49.138l-0.198-49.311 
Action.c(35):     276.226 0.028 19.865 25.62 0.056-25.556 99.961-0.109 28.851 37.666c17.343-24.747 47.098-41
Action.c(35):     .948 81.287-36.584 44.705 9.131 68.906 46.925 86.978 77.28l33.605 63.944 0.018-142.197 102
Action.c(35):     .239 0.081 17.126 17.263 0.153-17.462 100.152 0.036 32.111 45.723c12.683-19.337 47.447-45.
Action.c(35):     669 71.62-45.733l118.296 0.093 37.203 40.652-0.435 101.709-139.439-0.117c-12.566 0.782-10.
Action.c(35):     381 8.684-8.158 16.963 8.13 16.404 35.080 20.676 42.8 24.29 64.151 12.383 110.842 64.252 1
Action.c(35):     22.713 124.781l1.429 27.823c-4.707 56.358-70.789 133.185-115.42 133.138-0.474 0.046-94.579
Action.c(35):      0.054-95.436 0.054-0.875-0.008-39.722-42.21-39.722-42.21l-0.093-93.97 96.839-0.081c12.090
Action.c(35):     -0.458 21.040-11.746 22.772-16.944 1.026-2.002 6.317-13.53-1.203-24.336-15.725-15.816-33.8
Action.c(35):     89-23.546-52.454-30.803-41.708-16.334-79.965-59.307-88.477-103.301l-42.81 20.22-37.475-17.
Action.c(35):     579c0 0-0.264 309.105-0.202 309.048 0.083-0.052-103.738-0.052-103.738-0.052l-42.681-47.437
Action.c(35):     c-19.821-42.147-64.645-127.94-64.645-127.94s-0.044 175.33-0.127 175.348c-0.137 0.028-86.46
Action.c(35):     8-0.018-86.468-0.018l-33.713-30.901c0 0-1.175 30.948-1.877 30.948-0.673 0-93.67-0.046-93.6
Action.c(35):     7-0.046l-47.59-58.743 0.044-268.207-66.536-0.044 0.016 327.166-93.396-0.099-50.202-58.025 
Action.c(35):     0.018-269.088-39.843-0.119c1.977 30.311-6.964 74.776-34.86 102.876 18.365 16.971 35.463 36
Action.c(35):     .644 35.515 60.263l-0.052 164.12-77.445 0.073-52.653-58.87-0.226-111.697c-2.242-9.041-8.21
Action.c(35):     4-20.712-18.712-25.638-6.017-1.238-6.017 3.005-6.017 3.005s-0.256 192.909 0.101 192.982c0.
Action.c(35):     373 0.093-68.306 0.020-68.306 0.020l-39.742-39.233c0 0 11.099 39.093 10.901 39.204-0.202 0
Action.c(35):     .101-208.126 0.054-208.126 0.054l-36.535-39.178c0 0-14.278 39.416-13.622 39.305 0.637-0.08
Action.c(35):     1-86.623-0.2-86.439-0.145 0.181 0.065-24.794-25.247-24.794-25.247l0.065 25.265-89.527-0.05
Action.c(35):     4-58.279-57.652-0.062-43.611c-13.584 16.507-30.901 25.157-50.414 19.101-26
Action.c(35): t=8412ms: 12288-byte DECODED response body for "https://stage.peapod.com/shop/images/icons/PeapodIcons.json" (RelFrameId=1, Internal ID=3)
Action.c(35):     .265-15.485-75.722-67.102-75.722-67.102l0.316 149.337-83.434-0.018-64.472-58.761 0.173-340
Action.c(35):     .353c0.502-33.506 29.881-58.007 62.168-66.665 32.292-8.642 69.87 3.56 85.347 25.33l58.445 
Action.c(35):     87.705 35.497-84.137c11.546-24.072 25.675-32.294 62.649-32.339 36.975-0.046 110.276 52.105
Action.c(35):      109.356 105.141l-0.125 219.668 88.443-283.457c9.849-26.65 41.899-41.464 66.735-41.436 27.
Action.c(35):     096 0.036 32.687 3.479 50.313 18.182zM4722.761 448.203l0.083 101.489 46.217 0.129c9.049-0.
Action.c(35):     556 23.344-10.462 30.891-20.204 10.925-16.898 13.62-33.788 4.673-52.607-13.457-31.228-49.1
Action.c(35):     66-29.827-81.864-28.807zM4490.656 691.746l-15.642-49.64-15.941 49.547 31.583 0.093z",\n
Action.c(35):             "M4833.539 580.067c26.231-13.911 53.49-77.272 36.429-122.050-13.483-35.443-44.24-7
Action.c(35):     6.488-90.638-76.379l-129.286-0.218-1.211 393.341 69.916-0.073 0.054-149.845c61.583-5.146 8
Action.c(35):     4.125 16.479 86.849 39.331 0.073 0.637 0.284 110.475 0.284 110.475l68.402 0.202 0.054-157.
Action.c(35):     474c-1.048-13.602-18.847-31.984-40.853-37.311zM4796.121 527.714c-7.541 9.752-21.853 19.658
Action.c(35):     -30.895 20.204l-46.207-0.119-0.081-101.499c32.695-1.020 68.394-2.413 81.843 28.817 8.948 1
Action.c(35):     8.811 6.281 35.727-4.66 52.597z",\n
Action.c(35):             "M4880.52 781.063l-80.757-0.228-0.028-6.146c-0.073-37.102-0.202-107.873-0.274-110.
Action.c(35):     304-2.822-23.554-30.035-36.374-74.466-33.788l-0.056 150.256-82.315 0.109 1.256-405.734 135
Action.c(35):     .452 0.21c48.59 0 81.642 41.526 96.427 80.386 16.142 42.401-4.989 99.104-29.234 122.221 18
Action.c(35):     .299 8.24 32.913 24.274 34.050 38.852l-0.054 164.167zM4812.115 768.499l56.032 0.135 0.065-
Action.c(35):     151.256c-0.82-10.353-16.799-26.612-36.136-31.301l-15.836-3.854 14.405-7.638c24.129-12.782 
Action.c(35):     49.329-72.92 33.55-114.382-13.338-34.981-42.573-72.375-84.71-72.375l-123.267-0.208-1.175 3
Action.c(35):     80.95 57.515-0.065 0.062-149.353 5.672-0.484c6.237-0.528 12.272-0.782 17.946-0.782 63.305 
Action.c(35):     0 73.922 31.857 75.55 45.568 0.065 0.456 0.127 0.976 0.327 105.043zM4765.618 554.11l-52.78
Action.c(35):     8-0.165-0.099-113.626 6.835-0.228c5.938-0.191 11.974-0.373 17.956-0.373 27.076 0 56.447 3.
Action.c(35):     923 68.931 32.939 9.305 19.502 7.658 38.676-5.144 58.424-8.267 10.728-24.072 22.308-35.691
Action.c(35):      23.028zM4725.202 541.618l40.051 0.109c6.392-0.401 19.194-9.067 25.967-17.809 10.099-15.62
Action.c(35):     4 11.455-30.42 3.961-46.142-11.373-26.451-41.708-26.293-70.061-25.475l0.083 89.318z",\n
Action.c(35):             "M4008.872 404.045l63.178 145.64c0 0 38.785-92.95 55.447-134.624 6.418-13.893 10.0
Action.c(35):     53-29.206 37.876-32.075 27.787-2.86 48.092 8.777 59.781 18.928 11.699 10.143 19.339 28.289
Action.c(35):      19.51 44.34 0.173 16.088 0.337 328.307 0.157 328.39-0.173 0.083-76.873 0.044-77.036 0.062
Action.c(35):     -0.163 0.020-0.038-287.081-0.038-287.081l-64.333 191.438c-7.029 15.33-23.371 22.478-42.901
Action.c(35):      16.396-9.014-0.766-16.507-10.178-20.996-16.569 0 0-68.175-191.246-67.894-191.21 0.274 0.0
Action.c(35):     28-0.016 287.047-0.016 287.047l-77.6-0.038-0.026-342.691c0.409-34.034 41.744-50.468 64.679
Action.c(35):     -50.541 24.036-0.083 43.3 11.345 50.212 22.588z",\n
Action.c(35):             "M4165.782 781.236l-2.141-1.913c-2.11-1.903-2.11-1.903-2.119-49.521l-0.010-98.687 
Action.c(35):     0.028-105.577-52.498 156.091c-8.313 18.136-28.398 26.33-49.757 19.922-11.153-1.322-19.484-
Action.c(35):     11.508-24.828-19.111l-0.776-1.465c-10.978-30.847-39.323-110.376-55.766-156.739 0.065 69.22
Action.c(35):     5-0.073 214.48-0.119 250.497v6.202l-89.989-0.075-0.010-348.863c0.464-39.452 47.136-56.651 
Action.c(35):     70.843-56.741 27.442 0 47.947 13.247 55.504 25.548l0.399 0.774 57.396 132.265c11.363-27.30
Action.c(35):     5 37.138-89.382 49.795-121.068 0.79-1.711 1.411-3.112 2.020-4.533 5.543-12.683 12.445-28.4
Action.c(35):     6 40.972-31.419 3.058-0.31 6.118-0.464 9.113-0.464 25.866 0 44.393 11.353 55.375 20.877 12
Action.c(35):     .746 11.052 21.45 30.728 21.641 48.965 0.091 8.404 0.173 94.133 0.212 170.248 0.016 40.043
Action.c(35):      0.034 79.584 0.016 109.102l-0.016 35.636c-0.028 17.38-0.028 17.38-3.624 19.075-1.211 0.61
Action.c(35):     7-1.211 0.617-58.918 0.635h-20.293l-2.451 0.339zM3900.189 768.507l65.236 0.046c0.099-96.28
Action.c(35):     4 0.218-268.070 0.026-279.979l-0.583-2.268 4.126-5.362 8.404 1.401 0.355 4.163c2.83 8.466 
Action.c(35):     44.822 126.418 67.31 189.505 6.045 8.414 11.409 12.901 15.979 13.294l1.304 0.262c15.568 4.
Action.c(35):     826 29.38-0.236 35.316-12.8l64.216-191.099 12.054 1.975c-0.038 88.008-0.073 247.957 0 280.
Action.c(35):     87h14.594c15.562 0 39.188 0 50.14-0.008 0.111-43.292-0.026-307.565-0.189-322.179-0.157-14.
Action.c(35):     667-7.303-31.002-17.374-39.724-9.395-8.15-25.219-17.864-47.261-17.864-2.586 0-5.219 0.137-
Action.c(35):     7.849 0.401-21.341 2.213-25.548 11.855-30.893 24.064-0.645 1.494-1.3 2.995-1.992 4.471-16.
Action.c(35):     344 40.924-54.957 133.457-55.338 134.376l-5.608 13.429-68.787-158.559c-6.182-9.641-23.3-19
Action.c(35):     .275-44.449-19.275-21.048 0.065-58.388 14.977-58.745 44.413l0.010 336.446z",\n
Action.c(35):             "M4490.848 406.631c8.621 9.041 16.168 26.068 16.168 26.068s103.184 341.99 103.484 
Action.c(35):     342.008c0.3 0.020-197.68-0.054-197.68-0.054l0.191-68.040 96.964-0.081-64.879-218.904-87.15
Action.c(35):     1 287.234c0 0-75.843-0.010-75.915-0.062-0.083-0.073 112.061-363.943 112.061-363.943 4.834-
Action.c(35):     16.87 42.417-38.241 72.863-25.457 10.881 5.289 16.781 11.052 23.893 21.232z",\n
Action.c(35):             "M4362.536 781.063h-4.588c-71.027-0.010-77.536-0.010-79.523-1.23-0.026-0.028-0.044
Action.c(35):     -0.036-0.081-0.073-0.026-0.008-0.044-0.046-0.083-0.056-3.467-2.475-3.386-2.794 2.641-22.38
Action.c(35):     7l107.272-348.291c4.543-15.844 30.655-33.723 58.761-33.723 7.958 0 15.507 1.474 22.417 4.3
Action.c(35):     78 12.854 6.247 19.383 13.183 26.293 23.044 9.123 9.76 16.707 26.723 17.025 27.461l0.274 0
Action.c(35):     .72c32.695 108.373 93.069 308.311 102.229 338.047l1.748 0.183-0.238 5.828c-0.173 4.15-1.15
Action.c(35):     5 5.398-6.801 5.789l-0.008 0.101c-0.274-0.008-0.53-0.046-0.766-0.083-2.358 0.127-5.434 0.1
Action.c(35):     27-9.486 0.127-41.381 0-186.811-0.052-186.811-0.052h-6.19l0.21-80.404 94.853-0.093-56.649-
Action.c(35):     191.161-82.499 271.876zM4290.38 768.626c13.54 0.046 41.272 0.046 62.978 0.046l91.811-302.5
Action.c(35):     78 73.103 246.611-99.086 0.109-0.167 55.657c28.863 0.028 149.994 0.083 183.080 0.044-0.593
Action.c(35):     -1.903-1.266-4.114-2.050-6.718-2.85-9.341-6.91-22.705-11.764-38.749-9.714-32.058-22.651-74
Action.c(35):     .823-35.57-117.562-24.812-82.142-49.595-164.265-51.506-170.611-1.074-2.35-7.702-16.471-14.
Action.c(35):     84-23.963l-0.611-0.72c-6.983-10.034-12.209-14.705-21.506-19.23-5.088-2.121-11.006-3.268-17
Action.c(35):     .317-3.268-23.070 0-44.030 14.858-46.898 24.874-1.046 3.395-93.486 303.332-109.657 356.058
Action.c(35):     z",\n
Action.c(35):             "M5417.433 410.91l98.542 202.78 0.443-232.125 80.979-0.036v393.115l-85.685 0.008-1
Action.c(35):     32.225-260.094-0.038 260.241-77.062 0.008-0.109-346.453c-0.437-18.164 32.439-46.826 58.015
Action.c(35):     -47.090 18.664-0.21 47.245 6.847 57.14 29.646z",\n
Action.c(35):             "M5296.195 781.008l-0.109-352.653c-0.21-8.458 4.953-18.638 14.495-28.533 10.907-11
Action.c(35):     .29 30.454-24.556 49.656-24.757h0.82c21.933 0 51.359 8.732 62.049 33.379l86.722 178.452 0.
Action.c(35):     401-211.521 93.359-0.036v405.496l-95.663 0.018-122.247-240.473-0.028 240.59-89.455 0.038zM
Action.c(35):     5361.058 387.447h-0.683c-12.484 0.147-28.898 8.567-40.879 20.978-7.021 7.275-11.155 14.659
Action.c(35):     -11.026 19.774l0.109 340.426 64.671-0.018 0.065-254.049 11.699-2.804 130.516 256.716 75.68
Action.c(35):     5-0.010v-380.73l-68.622 0.018-0.419 225.943-11.77 2.685-98.54-202.762c-8.996-20.712-36.167
Action.c(35):     -26.166-50.805-26.166z",\n
Action.c(35):             "M5932.632 446.364l-89.243 0.028c-17.972-0.028-29.946 14.403-36.183 33.113-5.999 1
Action.c(35):     8.073-1.965 47.481 10.399 61.42 32.22 26.787 70.404 16.707 99.987 48.356 35.598 39.577 42.
Action.c(35):     063 80.068 25.783 122.13-14.777 36.773-53.845 63.315-88.161 63.297l-92.067 0.065-0.2-60.13
Action.c(35):     8 87.661-0.173c12.609-0.327 27.813-17.491 32.867-31.792 13.102-37.102-28.188-59.364-59.652
Action.c(35):     -70.17-26.852-9.242-63.48-30.52-80.66-76.808-12.629-45.133-6.858-93.978 33.415-128.439 18.
Action.c(35):     607-12.973 30.254-25.721 59.771-25.757l96.492 0.036-0.21 64.835z",\n
Action.c(35):             "M5756.976 780.963l-0.246-72.502 93.851-0.191c8.567-0.218 22.296-14.193 27.057-27.
Action.c(35):     668 3.143-8.885 2.834-16.981-0.909-24.729-6.966-14.411-26.485-27.749-54.929-37.519-23.354-
Action.c(35):     8.031-65.389-29.172-84.428-80.503-15.414-54.883-2.842-102.765 35.197-135.305l0.476-0.383c2
Action.c(35):     .941-2.040 5.69-4.080 8.357-6.045 14.459-10.671 28.124-20.778 54.937-20.815l102.7 0.046-0.
Action.c(35):     226 77.207-95.428 0.036c-17.991 0-26.713 18.073-30.309 28.863-5.535 16.688-1.228 43.228 8.
Action.c(35):     859 55.038 13.874 11.379 28.89 15.503 44.786 19.839 18.875 5.189 38.404 10.542 55.393 28.7
Action.c(35):     24 35.655 39.634 44.731 82.861 27.031 128.577-15.414 38.368-55.766 67.266-93.887 67.266l-9
Action.c(35):     8.284 0.065zM5769.158 720.807l0.155 47.781 85.893-0.073c32.869 0 69.049-26.084 82.434-59.4
Action.c(35):     16 16.051-41.518 8.013-79.358-24.647-115.686-14.513-15.521-31.538-20.186-49.547-25.138-16.
Action.c(35):     598-4.533-33.752-9.25-49.803-22.578l-0.675-0.665c-14.584-16.471-17.862-48.773-11.635-67.48
Action.c(35):     3 7.922-23.746 23.217-37.358 41.982-37.358l83.154-0.016 0.155-52.444-90.273-0.046c-22.734 
Action.c(35):     0.028-33.707 8.132-47.582 18.384-2.687 1.994-5.455 4.034-8.386 6.082-45.852 39.422-39.277 
Action.c(35):     93.249-31.256 121.874 16.261 43.748 50.696 63.669 76.707 72.619 22.353 7.686 51.24 21.532 
Action.c(35):     62.049 43.841 5.191 10.744 5.662 22.242 1.429 34.252-5.89 16.688-23.181 35.517-38.559 35.8
Action.c(35):     98l-81.595 0.173z",\n
Action.c(35):             "M5141.333 446.392l-84.153-0.228-0.284 328.442-84.837 0.046 0.163-328.361-83.416 0
Action.c(35):     .127 0.181-65.006 252.182 0.117z",\n
Action.c(35):             "M4965.848 780.852l0.202-328.361-83.446 0.129 0.212-77.419 264.537 0.137 0.2 77.28
Action.c(35):     2-84.192-0.248-0.274 328.428-97.238 0.052zM4978.423 440.082l-0.173 328.388 72.448-0.054 0.
Action.c(35):     29-328.47 84.164 0.246-0.155-52.48-239.836-0.117-0.147 52.625 83.41-0.137z",\n
Action.c(35):             "M5261.051 774.799l-75.915 0.008v-393.295l75.915 0.208z",\n
Action.c(35):             "M5178.955 781.008v-405.706l88.27 0.254v405.413l-88.27 0.038zM5191.327 387.711v380
Action.c(35):     .914l63.514-0.018v-380.712l-63.514-0.183z",\n
Action.c(35):             "M5711.26 381.475c0.703 30.583 0.127 76.141-23.244 104.267-14.713 12.655-21.333 24
Action.c(35):     .163-46.652 20.841l14.578-60.164h-20.74l0.145-64.78 75.913-0.163z",\n
Action.c(35):             "M5649.604 513.348c-2.814 0-5.864-0.202-9.033-0.629l-6.837-0.893 14.33-59.207h-19.
Action.c(35):     081l0.218-77.173 88.106-0.181 0.153 6.073c0.857 37.884-1.429 80.384-24.691 108.373l-0.72 0
Action.c(35):     .738c-2.387 2.022-4.525 4.023-6.591 5.944-9.343 8.724-18.182 16.954-35.854 16.954zM5649.09
Action.c(35):     4 500.974c13.173 0.282 19.021-5.316 27.94-13.628 2.040-1.913 4.191-3.917 6.521-5.936 19.22
Action.c(35):     -23.473 22.042-59.954 21.623-93.724l-63.633 0.127-0.145 52.407h22.397l-14.703 60.755z",\n
Action.c(35):             "M4807.427 481.071c-13.439-31.228-49.148-29.835-81.86-28.815l0.091 101.481 46.233 
Action.c(35):     0.145c9.041-0.564 23.334-10.452 30.873-20.212 10.943-16.872 13.612-33.77 4.662-52.599zM477
Action.c(35):     0.335 538.076l-0.302-25.556 22.927 0.034c-1.893 8.668-10.589 22.544-22.625 25.521z",\n
Action.c(35):             "M6062.339 805.281c0 23.471-19.047 42.5-42.502 42.5-23.479 0-42.5-19.029-42.5-42.5
Action.c(35):      0-23.463 19.021-42.502 42.5-42.502 23.455 0 42.502 19.039 42.502 42.502z",\n
Action.c(35):             "M6019.837 853.163c-26.394 0-47.88-21.488-47.88-47.882 0-26.412 21.486-47.874 47.8
Action.c(35):     8-47.874 26.396 0 47.874 21.462 47.874 47.874 0 26.394-21.478 47.882-47.874 47.882zM6019.8
Action.c(35):     37 768.169c-20.466 0-37.128 16.654-37.128 37.112 0 20.476 16.662 37.128 37.128 37.128 20.4
Action.c(35):     76 0 37.12-16.652 37.12-37.128 0-20.458-16.644-37.112-37.12-37.112z",\n
Action.c(35):             "M5991.459 807.301c0-17.079 12.875-29.944 29.38-29.944 16.289 0 29.164 12.865 29.1
Action.c(35):     64 29.944 0 17.354-12.875 30.127-29.164 30.127-16.505 0-29.38-12.774-29.38-30.127zM6020.83
Action.c(35):     8 843.429c19.629 0 36.437-15.259 36.437-36.128 0-20.696-16.807-35.989-36.437-35.989-19.847
Action.c(35):      0-36.628 15.293-36.628 35.989 0 20.869 16.781 36.128 36.628 36.128zM6013.201 810.143h7.23
Action.c(35):     9l10.97 18.027h7.065l-11.836-18.319c6.12-0.738 10.782-3.979 10.782-11.435 0-8.194-4.862-11
Action.c(35):     .81-14.671-11.81h-15.832v41.565h6.283v-18.027zM6013.201 804.8v-12.877h8.577c4.388 0 9.059 
Action.c(35):     0.957 9.059 6.128 0 6.374-4.753 6.749-10.099 6.749h-7.537z",\n
Action.c(35):             "M289.155 451.422c-40.722 0-71.78-12.45-71.78-41.491v-241.271c0-42.159 9.664-53.90
Action.c(35):     9 63.483-53.909 68.315 0 124.9 69.13 124.9 165.231 0.699 88.49-48.32 171.44-116.635 171.44
Action.c(35):     h0.032zM296.752 82.972c-60.717 0-105.604 3.471-135.963 3.471h-25.527c-64.882 0-100.073-3.4
Action.c(35):     71-106.271-3.471-17.262 0-26.226 5.541-26.226 15.221 0 20.061 22.094 13.119 57.284 20.061 
Action.c(35):     29.659 5.541 33.124 15.221 33.124 50.47v496.361c0 52.54 0 68.43-40.722 76.072-28.292 5.509
Action.c(35):     -52.452-2.102-52.452 18.66 0 11.018 9.664 17.29 28.292 17.29s61.417-7.642 124.9-7.642c69.0
Action.c(35):     14 0 111.803 7.642 129.732 7.642 18.628 0 28.292-6.942 28.292-17.29 0-20.761-24.16-13.151-
Action.c(35):     51.753-18.66-42.089-9.011-42.089-24.232-42.089-77.441v-165.231c0-14.52 3.465-23.5 13.097-2
Action.c(35):     2.131 7.598 0.701 45.554 26.27 126.299 13.119 96.607-15.889 179.418-95.4 179.418-203.919 0
Action.c(35):     -132.051-81.444-202.55-239.468-202.55l0.032-0.032z",\n
Action.c(35):             "M675.7 450.192l2.759-18.032c14.461-58.315 31.681-127.020 132.177-127.020 79.186 0
Action.c(35):      88.826 60.393 88.826 99.941 0 62.471-31.681 57.611-118.414 57.611h-88.826c-11.004 0-16.52
Action.c(35):     2-3.485-16.522-9.016v-3.485zM681.217 496.006h292.61c33.044 0 46.141-4.156 46.141-24.298 0-
Action.c(35):     90.222-75.729-198.507-210.665-198.507-157.642 0-265.052 106.207-265.052 264.431 0 158.959 
Action.c(35):     98.435 26
Action.c(35): t=8432ms: 3635-byte DECODED response body for "https://stage.peapod.com/shop/images/icons/PeapodIcons.json" (RelFrameId=1, Internal ID=3)
Action.c(35):     3.759 249.925 263.759 79.186 0 138.393-25.673 187.261-69.409 24.101-20.781 35.106-38.877 3
Action.c(35):     5.106-49.97 0-9.016-3.457-12.501-11.004-12.501-8.943 0-55.084 64.549-156.976 64.549-116.35
Action.c(35):     3 0-183.139-97.863-183.139-211.007v-9.016c0-15.282 2.061-17.36 15.824-18.032h-0.032z",\n
Action.c(35):             "M1347.595 630.486c0 54.906-48.313 97.295-95.926 97.295-51.745 0-62.806-41.012-62.
Action.c(35):     806-87.562 0-47.959 38.65-97.999 91.095-118.841l46.247-18.057c6.198-3.522 12.428-4.194 14.
Action.c(35):     494-4.194 3.465 0 6.897 4.194 6.897 13.222v118.137zM1562.205 720.162c0-9.733-5.531-16.712-
Action.c(35):     15.193-16.712-16.56 0-33.12 24.364-53.811 24.364-27.589 0-33.819-25.74-33.819-72.963v-256.
Action.c(35):     475c0-91.756-22.090-127.197-133.177-127.197-146.972 0-249.795 88.266-249.795 154.986 0 11.
Action.c(35):     109 11.029 20.17 26.222 20.17 53.811 0 71.070-27.821 93.161-67.424 25.523-46.582 48.313-72
Action.c(35):     .995 95.926-72.995 44.848 0 55.21 25.708 55.21 88.266v47.959c0 15.303-1.367 20.842-15.193 
Action.c(35):     26.381l-35.186 14.599c-140.774 55.643-217.375 104.242-217.375 196.735 0 54.17 26.922 119.5
Action.c(35):     13 96.593 119.513 49.679 0 89.696-25.676 137.309-57.66l29.687-20.17h7.597c20.024 48.631 53
Action.c(35):     .144 77.797 93.86 77.797 53.144-0.672 117.984-58.396 117.984-79.206v0.032z",\n
Action.c(35):             "M1843.053 766.563c-71.724 0-111.016-35.382-111.016-104.070v-205.39c0-74.249 35.16
Action.c(35):     3-109.631 111.016-109.631 107.586 0 180.676 79.81 180.676 206.733 0 124.941-73.090 212.358
Action.c(35):     -180.676 212.358zM1914.078 272.52c-59.304 0-106.188 20.136-153.771 63.158l-14.485 13.169c-
Action.c(35):     4.129 4.155-7.592 5.561-9.656 5.561-3.462 0-5.527-2.078-5.527-7.639v-54.112c0-15.278-4.129
Action.c(35):     -22.885-13.786-22.885-12.42 0-37.228 31.227-96.532 61.048-36.561 18.73-62.766 20.136-62.76
Action.c(35):     6 37.46s22.076 11.091 38.625 18.027c17.248 7.639 22.076 20.136 22.076 49.957v499.604c0 29.
Action.c(35):     789-5.527 39.537-28.969 47.145-29.668 9.749-51.712 0-51.712 24.323 0 9.717 7.592 16.652 22
Action.c(35):     .743 16.652 18.614 0 57.938-7.671 114.479-7.671 46.884 0 88.972 7.671 124.135 7.671 18.614
Action.c(35):      0 27.571-7.671 27.571-16.652 0-24.323-25.507-14.575-61.369-24.323-27.571-7.607-33.098-16.
Action.c(35):     62-33.098-47.145v-156.808l7.592-3.484c37.228 16.652 75.853 24.963 118.608 24.963 165.492 0
Action.c(35):      279.971-117.238 279.971-276.826 0-148.497-97.93-251.192-224.129-251.192z",\n
Action.c(35):             "M3182.011 639.143c0 76.997-5.569 108.882-85.663 108.882-120.889 0-194.81-78.371-1
Action.c(35):     94.81-207.381 0-142.173 76.689-236.519 172.694-236.519 94.637 0 107.779 54.122 107.779 165
Action.c(35):     .816v169.202zM3352.605 702.306c-7.573 0-22.084 20.767-41.431 20.767-11.042 0-17.279-14.569
Action.c(35):     -17.279-44.377v-570.802c0-28.467 4.137-54.122 4.137-74.953 0-14.569-4.137-20.799-16.579-20
Action.c(35):     .799-8.974 0-38.727 22.205-100.173 39.521-38.695 11.086-62.879 12.492-62.879 28.435 0 11.1
Action.c(35):     18 18.647 9.713 40.731 20.128 18.647 9.042 20.747 15.272 20.747 43.035v130.384c0 11.054-4.
Action.c(35):     869 16.645-10.406 16.645h-3.437l-17.311-5.591c-20.684-6.23-53.842-12.492-92.568-12.492-159
Action.c(35):     .552 0-280.473 117.253-280.473 271.887 0 149.841 107.811 255.273 252.184 255.273 92.536 0 
Action.c(35):     141.573-49.968 149.21-49.968 11.010 0 13.11 47.86 33.158 47.86 11.010 0 49.705-22.876 120.
Action.c(35):     157-42.972 20.716-5.559 33.89-7.668 33.89-33.291 0-11.086-6.237-18.722-11.774-18.722l0.095
Action.c(35):      0.032z",\n
Action.c(35):             "M2735.37 527.178c0 154.057-124.416 278.261-277.165 278.261s-277.165-124.204-277.1
Action.c(35):     65-278.261c0-153.354 123.715-278.261 277.165-278.261s277.165 124.907 277.165 278.261z",\n
Action.c(35):             "M3437.226 36.765h-19.422v25.753h19.422c6.229 0 13.161-4.875 13.161-12.54 0.703-8.
Action.c(35):     338-6.229-13.213-13.161-13.213zM3449.717 100.811l-18.72-29.249h-12.49v29.249h-10.414v-73.1
Action.c(35):     22h29.805c12.49 0 23.575 9.044 23.575 22.289 0 16.003-14.567 21.584-18.72 21.584l19.422 29
Action.c(35):     .249h-12.458zM3432.371 9.601c-30.507 0-54.083 24.374-54.083 54.296s24.278 54.296 54.083 54
Action.c(35):     .296c29.805 0 54.083-24.374 54.083-54.296s-24.278-54.296-
Action.c(35): t=8438ms: 12288-byte ENCODED response body received for "https://stage.peapod.com/shop/images/icons/PeapodIcons.json" (RelFrameId=1, Internal ID=3)
Action.c(35): t=8438ms: 12288-byte DECODED response body for "https://stage.peapod.com/shop/images/icons/PeapodIcons.json" (RelFrameId=1, Internal ID=3)
Action.c(35):     54.083-54.296zM3432.371 128.649c-35.363 0-63.794-28.543-63.794-64.046s28.431-64.046 63.794
Action.c(35):     -64.046c35.363 0 63.794 28.543 63.794 64.046 0 34.797-28.431 64.046-63.794 64.046z",\n
Action.c(35):             "M3552.029 747.315c24.414 0 29.297-25.017 29.297-63.886 0-46.547-7.003-63.214-27.2
Action.c(35):     41-63.214-27.176 0-32.091 23.609-32.091 65.294 0.739 37.494 5.622 61.807 30.003 61.807h0.0
Action.c(35):     32zM3489.26 540.332h34.854v77.099h0.675c6.296-15.292 20.945-25.017 39.769-25.017 26.502 0 
Action.c(35):     53.71 11.805 53.71 88.903 0 59.727-16.062 93.766-57.18 93.766-25.121 0-33.473-14.588-38.35
Action.c(35):     5-25.689h-0.739v21.53h-32.734v-230.592z",\n
Action.c(35):             "M3662.365 595.942l29.822 130.166h0.671l27.715-130.166h36.783l-47.83 179.348c-13.8
Action.c(35):     89 47.078-25.001 53.329-60.347 52.596-4.821 0-8.972-0.67-13.857-1.372v-27.685c4.151 0.734 
Action.c(35):     7.663 1.372 11.080 1.372 11.782 0 19.413-2.775 23.564-13.811l4.885-13.875-49.203-177.243 3
Action.c(35):     6.719 0.67z",\n
Action.c(35):             "M2735.37 527.178c0 154.057-124.416 278.261-277.165 278.261s-277.165-124.204-277.1
Action.c(35):     65-278.261c0-153.354 123.715-278.261 277.165-278.261s277.165 124.907 277.165 278.261z"\n
Action.c(35):           ],\n
Action.c(35):           "attrs": [\n
Action.c(35):             {\n
Action.c(35):               "fill": "rgb(255, 255, 254)"\n
Action.c(35):             },\n
Action.c(35):             {\n
Action.c(35):               "fill": "rgb(255, 255, 254)"\n
Action.c(35):             },\n
Action.c(35):             {\n
Action.c(35):               "fill": "rgb(255, 255, 254)"\n
Action.c(35):             },\n
Action.c(35):             {\n
Action.c(35):               "fill": "rgb(255, 255, 254)"\n
Action.c(35):             },\n
Action.c(35):             {\n
Action.c(35):               "fill": "rgb(255, 255, 254)"\n
Action.c(35):             },\n
Action.c(35):             {\n
Action.c(35):               "fill": "rgb(255, 255, 254)"\n
Action.c(35):             },\n
Action.c(35):             {\n
Action.c(35):               "fill": "rgb(255, 255, 254)"\n
Action.c(35):             },\n
Action.c(35):             {\n
Action.c(35):               "fill": "rgb(255, 255, 254)"\n
Action.c(35):             },\n
Action.c(35):             {\n
Action.c(35):               "fill": "rgb(255, 255, 254)"\n
Action.c(35):             },\n
Action.c(35):             {\n
Action.c(35):               "fill": "rgb(255, 255, 254)"\n
Action.c(35):             },\n
Action.c(35):             {\n
Action.c(35):               "fill": "rgb(255, 255, 254)"\n
Action.c(35):             },\n
Action.c(35):             {\n
Action.c(35):               "fill": "rgb(255, 255, 254)"\n
Action.c(35):             },\n
Action.c(35):             {\n
Action.c(35):               "fill": "rgb(255, 255, 254)"\n
Action.c(35):             },\n
Action.c(35):             {\n
Action.c(35):               "fill": "rgb(255, 255, 254)"\n
Action.c(35):             },\n
Action.c(35):             {\n
Action.c(35):               "fill": "rgb(255, 255, 254)"\n
Action.c(35):             },\n
Action.c(35):             {\n
Action.c(35):               "fill": "rgb(255, 255, 254)"\n
Action.c(35):             },\n
Action.c(35):             {\n
Action.c(35):               "fill": "rgb(255, 255, 254)"\n
Action.c(35):             },\n
Action.c(35):             {\n
Action.c(35):               "fill": "rgb(255, 255, 254)"\n
Action.c(35):             },\n
Action.c(35):             {\n
Action.c(35):               "fill": "rgb(255, 255, 254)"\n
Action.c(35):             },\n
Action.c(35):             {\n
Action.c(35):               "fill": "rgb(26, 25, 25)"\n
Action.c(35):             },\n
Action.c(35):             {\n
Action.c(35):               "fill": "rgb(220, 59, 65)"\n
Action.c(35):             },\n
Action.c(35):             {\n
Action.c(35):               "fill": "rgb(220, 59, 65)"\n
Action.c(35):             },\n
Action.c(35):             {\n
Action.c(35):               "fill": "rgb(220, 59, 65)"\n
Action.c(35):             },\n
Action.c(35):             {\n
Action.c(35):               "fill": "rgb(220, 59, 65)"\n
Action.c(35):             },\n
Action.c(35):             {\n
Action.c(35):               "fill": "rgb(220, 59, 65)"\n
Action.c(35):             },\n
Action.c(35):             {\n
Action.c(35):               "fill": "rgb(220, 59, 65)"\n
Action.c(35):             },\n
Action.c(35):             {\n
Action.c(35):               "fill": "rgb(220, 59, 65)"\n
Action.c(35):             },\n
Action.c(35):             {\n
Action.c(35):               "fill": "rgb(220, 59, 65)"\n
Action.c(35):             },\n
Action.c(35):             {\n
Action.c(35):               "fill": "rgb(220, 59, 65)"\n
Action.c(35):             },\n
Action.c(35):             {\n
Action.c(35):               "fill": "rgb(220, 59, 65)"\n
Action.c(35):             },\n
Action.c(35):             {\n
Action.c(35):               "fill": "rgb(220, 59, 65)"\n
Action.c(35):             },\n
Action.c(35):             {\n
Action.c(35):               "fill": "rgb(220, 59, 65)"\n
Action.c(35):             },\n
Action.c(35):             {\n
Action.c(35):               "fill": "rgb(220, 59, 65)"\n
Action.c(35):             },\n
Action.c(35):             {\n
Action.c(35):               "fill": "rgb(220, 59, 65)"\n
Action.c(35):             },\n
Action.c(35):             {\n
Action.c(35):               "fill": "rgb(220, 59, 65)"\n
Action.c(35):             },\n
Action.c(35):             {\n
Action.c(35):               "fill": "rgb(220, 59, 65)"\n
Action.c(35):             },\n
Action.c(35):             {\n
Action.c(35):               "fill": "rgb(26, 25, 25)"\n
Action.c(35):             },\n
Action.c(35):             {\n
Action.c(35):               "fill": "rgb(255, 255, 254)"\n
Action.c(35):             },\n
Action.c(35):             {\n
Action.c(35):               "fill": "rgb(255, 255, 254)"\n
Action.c(35):             },\n
Action.c(35):             {\n
Action.c(35):               "fill": "rgb(26, 25, 25)"\n
Action.c(35):             },\n
Action.c(35):             {\n
Action.c(35):               "fill": "rgb(51, 51, 51)"\n
Action.c(35):             },\n
Action.c(35):             {\n
Action.c(35):               "fill": "rgb(51, 51, 51)"\n
Action.c(35):             },\n
Action.c(35):             {\n
Action.c(35):               "fill": "rgb(54, 54, 54)"\n
Action.c(35):             },\n
Action.c(35):             {\n
Action.c(35):               "fill": "rgb(51, 51, 51)"\n
Action.c(35):             },\n
Action.c(35):             {\n
Action.c(35):               "fill": "rgb(51, 51, 51)"\n
Action.c(35):             },\n
Action.c(35):             {\n
Action.c(35):               "fill": "rgb(94, 160, 0)"\n
Action.c(35):             },\n
Action.c(35):             {\n
Action.c(35):               "fill": "rgb(51, 51, 51)"\n
Action.c(35):             },\n
Action.c(35):             {\n
Action.c(35):               "fill": "rgb(51, 51, 51)"\n
Action.c(35):             },\n
Action.c(35):             {\n
Action.c(35):               "fill": "rgb(51, 51, 51)"\n
Action.c(35):             },\n
Action.c(35):             {\n
Action.c(35):               "fill": "rgb(94, 161, 0)"\n
Action.c(35):             }\n
Action.c(35):           ],\n
Action.c(35):           "width": 6069,\n
Action.c(35):           "isMulticolor": true,\n
Action.c(35):           "grid": 32,\n
Action.c(35):           "tags": [\n
Action.c(35):             "peapod-by-martins"\n
Action.c(35):           ]\n
Action.c(35):         },\n
Action.c(35):         {\n
Action.c(35):           "paths": [\n
Action.c(35):             "M428.783 300.032c0 108.979-88.345 197.325-197.325 197.325s-197.325-88.345-197.325
Action.c(35):     -197.325c0-108.979 88.345-197.325 197.325-197.325s197.325 88.345 197.325 197.325z",\n
Action.c(35):             "M428.783 746.257c0 108.979-88.345 197.325-197.325 197.325s-197.325-88.345-197.325
Action.c(35):     -197.325c0-108.979 88.345-197.325 197.325-197.325s197.325 88.345 197.325 197.325z",\n
Action.c(35):             "M521.079 669.013l64.58-77.107c41.847 32.87 87.279 50.21 135.714 50.21 31.676 0 48
Action.c(35):     .401-10.752 48.401-28.706v-1.195c0-17.92-13.653-26.897-71.134-40.653-89.088-20.309-157.833
Action.c(35):     -45.431-157.833-130.901v-1.195c0-77.722 61.44-133.939 161.997-133.939 71.168 0 126.771 19.
Action.c(35):     149 172.203 55.603l-58.027 81.92c-38.263-27.511-80.111-41.267-117.18-41.267-28.092 0-41.84
Action.c(35):     7 11.366-41.847 26.897v1.399c0 19.149 14.336 27.511 72.943 40.653 95.573 20.924 155.409 52
Action.c(35):     .019 155.409 130.321v1.195c0 85.504-67.55 136.294-169.165 136.294-74.103-0.102-144.043-23.
Action.c(35):     415-196.062-69.53z",\n
Action.c(35):             "M1056.119 414.447h-134.519v-101.649h385.707v101.649h-135.202v316.826h-116.053z",\n
Action.c(35):             "M1332.156 523.264v-1.024c0-120.183 96.836-217.634 225.963-217.634s224.768 96.256 
Action.c(35):     224.768 216.405v1.229c0 120.149-96.836 217.6-225.963 217.6s-224.768-96.427-224.768-216.576
Action.c(35):     zM1663.932 523.264v-1.024c0-60.996-43.042-113.015-107.008-113.015s-106.257 51.234-106.257 
Action.c(35):     111.616v1.399c0 60.348 43.657 112.947 107.588 112.947 63.249-0.307 105.677-51.507 105.677-
Action.c(35):     111.923z",\n
Action.c(35):             "M1842.278 312.798h179.951c105.233 0 173.363 54.409 173.363 146.466v1.195c0 99.26-
Action.c(35):     75.913 151.279-179.337 151.279h-58.027v119.467h-116.053zM2013.867 521.011c40.653 0 66.355-
Action.c(35):     22.118 66.355-54.989v-1.195c0-35.874-25.702-54.409-66.97-54.409h-54.989v110.592z",\n
Action.c(35):             "M2640.145 669.013l64.58-77.107c41.847 32.87 87.279 50.21 135.714 50.21 31.676 0 4
Action.c(35):     8.401-10.752 48.401-28.706v-1.195c0-17.92-13.653-26.897-71.134-40.653-89.088-20.309-157.83
Action.c(35):     3-45.431-157.833-130.901v-1.195c0-77.722 61.44-133.939 161.997-133.939 71.168 0 126.771 19
Action.c(35):     .149 172.203 55.603l-58.027 81.92c-38.263-27.511-80.111-41.267-117.18-41.267-28.092 0-41.8
Action.c(35):     47 11.366-41.847 26.897v1.399c0 19.149 14.336 27.511 72.943 40.653 95.573 20.924 155.409 5
Action.c(35):     2.019 155.409 130.321v1.195c0 85.504-67.55 136.294-169.165 136.294-74.103-0.102-144.043-23
Action.c(35):     .415-196.062-69.53z",\n
Action.c(35):             "M3070.532 312.798h116.053v156.638h134.588v-156.638h116.053v418.475h-116.053v-158.
Action.c(35):     993h-134.485v158.993h-116.053z",\n
Action.c(35):             "M3499.383 523.264v-1.024c0-120.183 96.836-217.634 225.963-217.634s224.802 96.256 
Action.c(35):     224.802 216.405v1.229c0 120.149-96.87 217.6-225.963 217.6s-224.802-96.427-224.802-216.576z
Action.c(35):     M3831.159 523.264v-1.024c0-60.996-43.042-113.015-106.974-113.015s-106.428 51.405-106.428 1
Action.c(35):     11.787v1.229c0 60.348 43.622 112.947 107.588 112.947 63.454-0.307 105.813-51.507 105.813-1
Action.c(35):     11.923z",\n
Action.c(35):             "M4009.54 312.798h179.917c105.233 0 173.363 54.409 173.363 146.466v1.195c0 99.26-7
Action.c(35):     5.913 151.279-179.337 151.279h-58.027v119.467h-116.053zM4181.094 521.011c40.653 0 66.355-2
Action.c(35):     2.118 66.355-54.989v-1.195c0-35.874-25.702-54.409-66.935-54.409h-55.023v110.592z",\n
Action.c(35):             "M2509.619 731.273l-31.539-31.539c-11.415 12.117-24.997 22.042-40.151 29.183l-0.80
Action.c(35):     9 0.343c-18.272 8.482-39.66 13.431-62.204 13.431-0.775 0-1.549-0.006-2.322-0.018l0.117 0.0
Action.c(35):     01c-0.114 0-0.249 0-0.383 0-17.664 0-34.782-2.342-51.059-6.732l1.369 0.314c-16.836-4.947-3
Action.c(35):     1.499-12.468-44.37-22.228l0.338 0.246c-12.378-9.603-22.503-21.473-29.883-35.050l-0.291-0.5
Action.c(35):     85c-7.238-13.009-11.499-28.533-11.499-45.052 0-0.841 0.011-1.68 0.033-2.516l-0.003 0.123c-
Action.c(35):     0.003-0.294-0.005-0.64-0.005-0.987 0-12.072 2.359-23.594 6.641-34.128l-0.218 0.607c4.352-1
Action.c(35):     0.756 10.191-20.002 17.382-28.008l-0.077 0.087c7.343-8.138 15.654-15.191 24.808-21.043l0.4
Action.c(35):     85-0.29c8.277-5.457 17.901-10.851 27.907-15.566l1.447-0.613c-10.635-10.4-19.6-22.449-26.49
Action.c(35):     6-35.744l-0.367-0.779c-6.462-12.508-10.25-27.301-10.25-42.979 0-0.49 0.004-0.979 0.011-1.4
Action.c(35):     68l-0.001 0.074c0-17.067 2.594-31.812 9.591-43.964 6.914-11.988 15.965-21.976 26.723-29.74
Action.c(35):     5l0.277-0.19c10.612-7.57 23.035-13.444 36.43-16.897l0.775-0.17c12.198-3.308 26.216-5.246 4
Action.c(35):     0.674-5.325l0.047-0c14.736 0 28.992 2.057 42.497 5.898l-1.093-0.266c13.911 3.782 26.069 9.
Action.c(35):     747 36.764 17.59l-0.309-0.216c10.554 8.245 19.14 18.488 25.289 30.211l0.243 0.509c6.191 11
Action.c(35):     .792 9.823 25.764 9.823 40.584 0 0.768-0.010 1.534-0.029 2.298l0.002-0.113c0.025 0.782 0.0
Action.c(35):     39 1.702 0.039 2.625 0 10.912-1.953 21.367-5.53 31.036l0.201-0.62c-3.964 10.023-9.348 18.6
Action.c(35):     42-16.013 26.092l0.073-0.083c-7.163 8.54-15.055 16.064-23.706 22.642l-0.358 0.261c-7.308 5
Action.c(35):     .613-15.545 10.871-24.224 15.396l-0.932 0.442 41.131 40.96 34.611-50.859h96.563l-77.824 10
Action.c(35):     4.516 91.477 88.303zM2362.402 580.779c-9.682 4.006-17.949 9.58-24.886 16.489l0.003-0.003c-
Action.c(35):     7.468 7.147-12.11 17.195-12.11 28.327 0 0.77 0.022 1.534 0.066 2.293l-0.005-0.105c-0.036 0
Action.c(35):     .567-0.057 1.229-0.057 1.897 0 5.559 1.425 10.786 3.928 15.335l-0.083-0.165c2.976 5.776 6.
Action.c(35):     868 10.659 11.54 14.657l0.065 0.055c4.552 3.883 9.89 7.011 15.722 9.105l0.355 0.111c4.603 
Action.c(35):     1.64 9.913 2.588 15.444 2.588 0.571 0 1.139-0.010 1.705-0.030l-0.082 0.002c0.512 0.017 1.1
Action.c(35):     13 0.026 1.717 0.026 10.008 0 19.405-2.617 27.544-7.203l-0.281 0.146c8.743-4.515 16.034-10
Action.c(35):     .693 21.697-18.172l0.115-0.158zM2427.494 453.666c0.007-0.251 0.011-0.546 0.011-0.842 0-17.
Action.c(35):     796-14.426-32.222-32.222-32.222-0.676 0-1.348 0.021-2.014 0.062l0.091-0.005c-0.243-0.006-0
Action.c(35):     .529-0.010-0.816-0.010-9.184 0-17.528 3.591-23.707 9.445l0.016-0.015c-5.601 5.704-9.059 13
Action.c(35):     .53-9.059 22.163 0 0.609 0.017 1.213 0.051 1.814l-0.004-0.083c0.102 8.572 2.632 16.532 6.9
Action.c(35):     33 23.251l-0.106-0.177c5.197 9.118 11.647 16.862 19.232 23.314l0.122 0.101c11.389-4.615 21
Action.c(35):     .151-10.959 29.468-18.815l-0.045 0.042c7.421-6.835 12.054-16.599 12.054-27.446 0-0.203-0.0
Action.c(35):     02-0.406-0.005-0.608l0 0.031z"\n
Action.c(35):           ],\n
Action.c(35):           "attrs": [\n
Action.c(35):             {\n
Action.c(35):               "fill": "rgb(231, 0, 76)"\n
Action.c(35):             },\n
Action.c(35):             {\n
Action.c(35):               "fill": "rgb(134, 195, 0)"\n
Action.c(35):             },\n
Action.c(35):             {\n
Action.c(35):               "fill": "rgb(99, 101, 105)"\n
Action.c(35):             },\n
Action.c(35):             {\n
Action.c(35):               "fill": "rgb(99, 101, 105)"\n
Action.c(35):             },\n
Action.c(35):             {\n
Action.c(35):               "fill": "rgb(99, 101, 105)"\n
Action.c(35):             },\n
Action.c(35):             {\n
Action.c(35):               "fill": "rgb(99, 101, 105)"\n
Action.c(35):             },\n
Action.c(35):             {\n
Action.c(35):               "fill": "rgb(99, 101, 105)"\n
Action.c(35):             },\n
Action.c(35):             {\n
Action.c(35):               "fill": "rgb(99, 101, 105)"\n
Action.c(35):             },\n
Action.c(35):             {\n
Action.c(35):               "fill": "rgb(99, 101, 105)"\n
Action.c(35):             },\n
Action.c(35):             {\n
Action.c(35):               "fill": "rgb(99, 101, 105)"\n
Action.c(35):             },\n
Action.c(35):             {\n
Action.c(35):               "fill": "rgb(99, 101, 105)"\n
Action.c(35):             }\n
Action.c(35):           ],\n
Action.c(35):           "width": 4386,\n
Action.c(35):           "isMulticolor": true,\n
Action.c(35):           "grid": 32,\n
Action.c(35):           "tags": [\n
Action.c(35):             "SSlogo_noTM"\n
Action.c(35):           ],\n
Action.c(35):           "defaultCode": 59699\n
Action.c(35):         },\n
Action.c(35):         {\n
Action.c(35):           "paths": [\n
Action.c(35):             "M300.8 83.2c-60.8 0-108.8 3.2-137.6 3.2h-25.6c-64 0-99.2-3.2-105.6-3.2-19.2 0-25.
Action.c(35):     6 6.4-25.6 16 0 19.2 22.4 12.8 57.6 19.2 28.8 6.4 32 16 32 51.2v499.2c0 54.4 0 67.2-41.6 7
Action.c(35):     6.8-28.8 3.2-54.4-3.2-54.4 16 0 9.6 9.6 19.2 28.8 19.2s60.8-6.4 124.8-6.4c70.4 0 112 6.4 1
Action.c(35):     31.2 6.4s28.8-6.4 28.8-19.2c0-22.4-25.6-12.8-51.2-19.2-41.6-9.6-41.6-25.6-41.6-76.8v-166.4
Action.c(35):     c0-16 3.2-22.4 12.8-22.4 6.4 0 44.8 25.6 128 12.8 96-16 179.2-96 179.2-204.8 0-131.2-83.2-
Action.c(35):     201.6-240-201.6v0zM291.2 454.4c-41.6 0-70.4-12.8-70.4-41.6v-243.2c0-41.6 9.6-54.4 64-54.4 
Action.c(35):     67.2 0 124.8 70.4 124.8 166.4 0 89.6-48 172.8-118.4 172.8v0z",\n
Action.c(35):             "M684.8 496h294.4c32 0 48-3.2 48-25.6 0-89.6-76.8-198.4-211.2-198.4-160 0-268.8 10
Action.c(35):     5.6-268.8 265.6s99.2 265.6 252.8 265.6c80 0 140.8-25.6 188.8-70.4 25.6-22.4 35.2-38.4 35.2
Action.c(35):     -51.2 0-9.6-3.2-12.8-12.8-12.8s-54.4 64-156.8 64c-118.4 0-185.6-99.2-185.6-211.2v-9.6c0-12
Action.c(35):     .8 3.2-16 16-16v0zM678.4 451.2l3.2-19.2c12.8-57.6 32-128 134.4-128 80 0 89.6 60.8 89.6 99.
Action.c(35):     2 0 64-32 57.6-118.4 57.6h-89.6c-12.8 0-19.2-3.2-19.2-9.6v0 0z",\n
Action.c(35):             "M1574.4 720c0-9.6-6.4-16-16-16-16 0-32 25.6-54.4 25.6-28.8 0-35.2-25.6-35.2-73.6v
Action.c(35):     -256c0-92.8-22.4-128-134.4-128-147.2 0-249.6 89.6-249.6 153.6 0 9.6 9.6 19.2 25.6 19.2 54.
Action.c(35):     4 0 70.4-28.8 92.8-67.2 25.6-48 48-73.6 96-73.6 44.8 0 54.4 25.6 54.4 89.6v48c0 16 0 22.4-
Action.c(35):     16 25.6l-35.2 12.8c-140.8 54.4-217.6 102.4-217.6 198.4 0 54.4 25.6 118.4 96 118.4 51.2 0 8
Action.c(35):     9.6-25.6 137.6-57.6l28.8-19.2h6.4c19.2 48 54.4 76.8 92.8 76.8 60.8 3.2 128-54.4 128-76.8v0
Action.c(35):     zM1356.8 630.4c0 54.4-48 96-96 96-51.2 0-64-41.6-64-86.4 0-48 38.4-99.2 92.8-118.4l44.8-19
Action.c(35):     .2c6.4-3.2 12.8-3.2 12.8-3.2 3.2 0 6.4 3.2 6.4 12.8v118.4h3.2z",\n
Action.c(35):             "M1929.6 272c-60.8 0-108.8 19.2-153.6 64l-16 12.8c-3.2
Action.c(35): t=8491ms: 12288-byte DECODED response body for "https://stage.peapod.com/shop/images/icons/PeapodIcons.json" (RelFrameId=1, Internal ID=3)
Action.c(35):      3.2-6.4 6.4-9.6 6.4s-6.4-3.2-6.4-6.4v-54.4c0-16-3.2-22.4-12.8-22.4-12.8 0-38.4 32-96 60.8
Action.c(35):     -35.2 19.2-64 19.2-64 38.4s22.4 9.6 38.4 19.2c19.2 6.4 22.4 19.2 22.4 51.2v499.2c0 28.8-6.
Action.c(35):     4 38.4-28.8 48-28.8 9.6-51.2 0-51.2 25.6 0 9.6 6.4 16 22.4 16 19.2 0 57.6-6.4 115.2-6.4 48
Action.c(35):      0 89.6 6.4 124.8 6.4 19.2 0 28.8-6.4 28.8-16 0-25.6-25.6-16-60.8-25.6-28.8-6.4-32-16-32-4
Action.c(35):     8v-156.8l6.4-3.2c38.4 16 76.8 25.6 118.4 25.6 166.4 0 281.6-118.4 281.6-278.4 0-150.4-99.2
Action.c(35):     -256-227.2-256v0zM1859.2 768c-70.4 0-112-35.2-112-102.4v-204.8c0-73.6 35.2-108.8 112-108.8
Action.c(35):      108.8 0 182.4 80 182.4 208 0 121.6-76.8 208-182.4 208z",\n
Action.c(35):             "M3376 704c-6.4 0-22.4 22.4-41.6 22.4-9.6 0-19.2-12.8-19.2-44.8v-572.8c0-28.8 3.2-
Action.c(35):     54.4 3.2-73.6 0-16-3.2-22.4-16-22.4-9.6 0-38.4 22.4-99.2 38.4-38.4 9.6-64 12.8-64 28.8 0 9
Action.c(35):     .6 19.2 9.6 41.6 19.2 19.2 9.6 22.4 16 22.4 41.6v131.2c0 9.6-3.2 16-9.6 16h-3.2l-19.2-6.4c
Action.c(35):     -22.4-6.4-54.4-12.8-92.8-12.8-160 0-281.6 118.4-281.6 272 0 150.4 108.8 256 252.8 256 92.8
Action.c(35):      0 144-51.2 150.4-51.2 9.6 0 12.8 48 32 48 9.6 0 51.2-22.4 121.6-41.6 22.4-6.4 35.2-6.4 35
Action.c(35):     .2-32 0-9.6-6.4-16-12.8-16v0zM3206.4 640c0 76.8-6.4 108.8-86.4 108.8-121.6 0-195.2-80-195.
Action.c(35):     2-208 0-144 76.8-236.8 172.8-236.8s108.8 54.4 108.8 166.4v169.6z",\n
Action.c(35):             "M2755.2 528c0 153.6-124.8 278.4-278.4 278.4s-278.4-124.8-278.4-278.4c0-153.6 124.
Action.c(35):     8-278.4 278.4-278.4s278.4 124.8 278.4 278.4z",\n
Action.c(35):             "M3456 128c-35.2 0-64-28.8-64-64s28.8-64 64-64c35.2 0 64 28.8 64 64s-28.8 64-64 64
Action.c(35):     zM3456 9.6c-28.8 0-54.4 25.6-54.4 54.4s25.6 54.4 54.4 54.4c28.8 0 54.4-25.6 54.4-54.4s-25.
Action.c(35):     6-54.4-54.4-54.4zM3472 102.4l-19.2-28.8h-12.8v28.8h-9.6v-73.6h28.8c12.8 0 22.4 9.6 22.4 22
Action.c(35):     .4 0 16-16 22.4-19.2 22.4l19.2 28.8h-9.6zM3462.4 35.2h-19.2v28.8h19.2c6.4 0 12.8-6.4 12.8-
Action.c(35):     12.8 0-9.6-6.4-16-12.8-16z"\n
Action.c(35):           ],\n
Action.c(35):           "attrs": [\n
Action.c(35):             {\n
Action.c(35):               "fill": "rgb(51, 51, 51)"\n
Action.c(35):             },\n
Action.c(35):             {\n
Action.c(35):               "fill": "rgb(51, 51, 51)"\n
Action.c(35):             },\n
Action.c(35):             {\n
Action.c(35):               "fill": "rgb(54, 54, 54)"\n
Action.c(35):             },\n
Action.c(35):             {\n
Action.c(35):               "fill": "rgb(51, 51, 51)"\n
Action.c(35):             },\n
Action.c(35):             {\n
Action.c(35):               "fill": "rgb(51, 51, 51)"\n
Action.c(35):             },\n
Action.c(35):             {\n
Action.c(35):               "fill": "rgb(94, 160, 0)"\n
Action.c(35):             },\n
Action.c(35):             {\n
Action.c(35):               "fill": "rgb(51, 51, 51)"\n
Action.c(35):             }\n
Action.c(35):           ],\n
Action.c(35):           "width": 3520,\n
Action.c(35):           "isMulticolor": true,\n
Action.c(35):           "grid": 32,\n
Action.c(35):           "tags": [\n
Action.c(35):             "svg+xml;base64,PHN2ZyB4bWxucz0iaHR0cDovL3d3dy53My5vcmcvMjAwMC9zdmciIHZlcnNpb249Ij
Action.c(35):     EuMSIgeD0iMHB4IiB5PSIwcHgiIGZvY3VzYWJsZT0iZmFsc2UiIHZpZXdCb3g9IjAgMCAzNTIwIDEwMjQiIGNsYXNz
Action.c(35):     PSIiIHJvbGU9InByZXNlbnRhdGlvbiIgYXJpYS1oaWRkZW49InRydWUiPjx0aXRsZT5QZ"\n
Action.c(35):           ]\n
Action.c(35):         },\n
Action.c(35):         {\n
Action.c(35):           "paths": [\n
Action.c(35):             "M909.505 454.173l90.382-0.135v91.097l-90.382-90.962zM591.022 615.868h-164.149c-5.
Action.c(35):     642-22.895-3.207-55.547 6.627-83.33 18.104-39.395 58.31-77.766 81.959-77.766l75.563-0.116v
Action.c(35):     161.212zM4086.707 162.913l-120.697-127.633h-1034.163l-0.077 276.77-79.602-121.489-3.13-2.6
Action.c(35):     47c-20.036-16.944-39.047-35.956-57.441-54.369-35.724-35.743-72.665-72.704-121.721-99.714-2
Action.c(35):     4.344-12.558-55.257-19.456-87.059-19.456-39.453 0-75.448 10.356-101.608 29.213-51.702 29.1
Action.c(35):     74-93.339 96.565-99.309 161.193-3.71 39.975-4.077 61.498-2.744 73.883v425.965l-234.438-490
Action.c(35):     .226-122.011-127.073c-39.202-45.867-97.628-73.226-156.498-73.226-30.894 0-61.015 7.767-87.
Action.c(35):     214 22.451-68.067 31.126-94.865 94.15-118.514 149.774-9.1 21.369-17.678 41.559-28.228 60.0
Action.c(35):     49l-186.87 422.274 0.135-501.045-130.145-133.39h-315.489v120.078l-112.968-113.722h-486.825
Action.c(35):     c-107.713 0.406-172.631 34.372-242.437 89.049-126.957 99.444-186.291 285.831-144.268 453.2
Action.c(35):     26 40.303 160.613 177.732 281.001 236.409 332.394l5.236 4.598c58.059 50.987 191.237 103.42
Action.c(35):     4 244.581 103.888l508.078-0.502-0.077-113.664 113.799 113.703 323.41 0.097v-20.944l23.822 
Action.c(35):     21.291 289.502-0.348c12.114-0.019 36.207-0.039 40.187-21.717 3.169-7.496 12.52-28.247 23.4
Action.c(35):     36-52.166l74.23 74.211h614.361l-0.309-3.497h283.976v-294.178l104.081 157.194 86.943 109.39
Action.c(35):     4c15.302 19.263 24.962 31.396 37.54 31.396 1.932 0 3.922-0.27 6.009-0.869 39.144-0.135 288
Action.c(35):     .034 0.135 288.034 0.135l28.324 0.019-0.348-576.299h68.878v453.168l119.132 123.208 313.788
Action.c(35):     -0.213-0.019-571.527 240.312 0.367v-289.077z",\n
Action.c(35):             "M4011.317 921.6c0 43.646-35.396 79.041-79.041 79.041-43.665 0-79.080-35.396-79.08
Action.c(35):     0-79.041 0-43.684 35.415-79.080 79.080-79.080 43.646 0 79.041 35.396 79.041 79.080z",\n
Action.c(35):             "M3932.276 852.509c-38.101 0-69.072 30.99-69.072 69.091 0 38.081 30.971 69.052 69.
Action.c(35):     072 69.052 38.081 0 69.052-30.971 69.052-69.052 0-38.101-30.971-69.091-69.052-69.091zM3932
Action.c(35):     .276 1010.649c-49.133 0-89.088-39.955-89.088-89.049 0-49.133 39.955-89.069 89.088-89.069 4
Action.c(35):     9.094 0 89.049 39.936 89.049 89.069 0 49.094-39.955 89.049-89.049 89.049z",\n
Action.c(35):             "M3918.249 916.77v-23.919h15.959c8.153 0 16.848 1.758 16.848 11.38 0 11.863-8.849 
Action.c(35):     12.539-18.799 12.539h-14.008zM3918.249 926.739h13.467l20.403 33.541h13.138l-21.987-34.082c
Action.c(35):     11.361-1.391 20.016-7.419 20.016-21.291 0-15.244-9.023-21.948-27.281-21.948h-29.464v77.322
Action.c(35):     h11.708v-33.541zM3932.469 988.662c36.516 0 67.758-28.382 67.758-67.217 0-38.487-31.242-66.
Action.c(35):     927-67.758-66.927-36.961 0-68.183 28.44-68.183 66.927 0 38.835 31.222 67.217 68.183 67.217
Action.c(35):     zM3877.791 921.445c0-31.783 23.938-55.702 54.678-55.702 30.314 0 54.233 23.919 54.233 55.7
Action.c(35):     02 0 32.285-23.919 56.050-54.233 56.050-30.739 0-54.678-23.765-54.678-56.050z",\n
Action.c(35):             "M1968.495 631.093l-26.875-55.141-24.016 55.141h50.891zM2000.993 108.080l119.441 1
Action.c(35):     24.387 286.256 598.634v-550.738c-0.097 0-2.299-17.678 2.647-71.216 4.907-53.209 39.743-114
Action.c(35):     .495 86.402-139.94 41.694-31.087 115.21-31.802 160.44-8.482 69.265 38.158 114.495 100.352 
Action.c(35):     173.867 150.528l129.237 197.284 0.097-343.214h993.705l104.603 110.611v249.489l-240.292-0.3
Action.c(35):     67v571.605l-273.543 0.174-102.825-106.361v-470.016h-125.45l0.367 576.28c0 0-293.753-0.251-
Action.c(35):     293.656-0.077 0.019 0.077-101.318-127.304-101.318-127.304l-155.957-235.539v359.849h-251.61
Action.c(35):     4l-46.64-41.714c0.715 14.838 10.588 28.981 11.998 45.23h-571.759l-94.71-94.71c0 0-43.472 9
Action.c(35):     4.363-42.409 94.363s-291.183 0.348-291.183 0.348l-62.889-56.185v55.837l-283.416-0.097-104.
Action.c(35):     97-104.854v-827.624h275.301l113.78 116.62-0.174 623.519 239.771-542.256c40.284-70.656 52.9
Action.c(35):     97-161.831 134.994-198.598 69.265-39.569 159.010-15.534 209.901 44.534z",\n
Action.c(35):             "M980.432 177.345v250.184l-465.765 0.715c-41.52-0.174-89.049 53.016-108.138 95.406
Action.c(35):     -11.998 33.232-16.944 79.157-4.231 112.389 0 0 3.613 9.97 9.177 9.892h207.099v-187.315h253
Action.c(35):     .005l106.728 107.443 0.348 430.679-479.541 0.464c-43.626-0.367-171.027-48.437-226.149-96.8
Action.c(35):     36-55.141-48.418-193.517-165.83-232.892-322.637-43.105-171.762 26.952-340.007 134.299-424.
Action.c(35):     071 71.738-56.185 130.048-82.693 225.087-83.041h474.962l106.013 106.728z",\n
Action.c(35):             "M1999.582 131.768l31.106 63.952 312.378 670.024c2.125 4.309-1.855 4.753-9.892 4.9
Action.c(35):     27h-508.87v-219.097h175.278l-132.869-311.489-212.741 531.301h-250.899c0 0 303.394-704.126 
Action.c(35):     333.94-744.931 33.058-49.287 99.309-77.399 157.271-65.381 42.39 8.482 84.103 33.927 105.29
Action.c(35):     8 70.695z",\n
Action.c(35):             "M2717.657 135.651l256.213 383.053 0.077-438.89h968.53v221.203h-242.785v566.832h-2
Action.c(35):     43.828l-0.348-574.599h-260.792c0.696 189.421 0.696 573.904 0.696 573.904h-258.666l-293.753
Action.c(35):     -445.189 0.097 445.189h-221.918l-0.019-622.669c0.019-38.796 16.79-112.099 63.256-150.992 3
Action.c(35):     5.647-29.851 96.642-48.592 158.314-22.528 27.571 12.732 59.373 37.115 74.926 64.686z",\n
Action.c(35):             "M858.866 301.017h-440.32c-56.706 0-130.048 80.587-139.94 155.493-9.525 65.903 49.
Action.c(35):     21 204.162 127.227 204.259h227.231v-187.295h222.981v401.447l-482.729-0.715c-133.584-11.998
Action.c(35):     -266.453-129.333-309.557-265.042-45.23-139.225-22.625-306.717 95.406-424.052 84.818-80.568
Action.c(35):      168.206-104.409 273.524-101.067h425.829l0.348 216.972z",\n
Action.c(35):             "M1041.563 878.457h247.731v-799.358h-247.731z"\n
Action.c(35):           ],\n
Action.c(35):           "attrs": [\n
Action.c(35):             {\n
Action.c(35):               "fill": "rgb(255, 255, 254)"\n
Action.c(35):             },\n
Action.c(35):             {\n
Action.c(35):               "fill": "rgb(255, 255, 254)"\n
Action.c(35):             },\n
Action.c(35):             {\n
Action.c(35):               "fill": "rgb(255, 255, 254)"\n
Action.c(35):             },\n
Action.c(35):             {\n
Action.c(35):               "fill": "rgb(26, 25, 25)"\n
Action.c(35):             },\n
Action.c(35):             {\n
Action.c(35):               "fill": "rgb(26, 25, 25)"\n
Action.c(35):             },\n
Action.c(35):             {\n
Action.c(35):               "fill": "rgb(26, 25, 25)"\n
Action.c(35):             },\n
Action.c(35):             {\n
Action.c(35):               "fill": "rgb(215, 35, 49)"\n
Action.c(35):             },\n
Action.c(35):             {\n
Action.c(35):               "fill": "rgb(215, 35, 49)"\n
Action.c(35):             },\n
Action.c(35):             {\n
Action.c(35):               "fill": "rgb(215, 35, 49)"\n
Action.c(35):             },\n
Action.c(35):             {\n
Action.c(35):               "fill": "rgb(215, 35, 49)"\n
Action.c(35):             }\n
Action.c(35):           ],\n
Action.c(35):           "width": 4096,\n
Action.c(35):           "isMulticolor": true,\n
Action.c(35):           "grid": 32,\n
Action.c(35):           "tags": [\n
Action.c(35):             "giant-carlisle-logo"\n
Action.c(35):           ],\n
Action.c(35):           "defaultCode": 59655\n
Action.c(35):         },\n
Action.c(35):         {\n
Action.c(35):           "paths": [\n
Action.c(35):             "M1406.89 773.14c-42.576 21.497-89.607 33.014-137.15 33.014-117.64 0-195.717-74.57
Action.c(35):     2-195.717-183.695 0-103.584 78.589-187.219 205.212-187.219 38.048 0 72.591 7.055 108.644 1
Action.c(35):     9.057v61.074c-17.534-10.014-53.554-30.514-104.149-30.514-81.568 0-141.146 56.047-141.146 1
Action.c(35):     36.631 0 76.082 52.044 137.143 133.652 137.143 37.044 0 58.089-10.519 68.581-16.038l1.496-
Action.c(35):     81.049h-90.591l29.543-48.56h124.642l-3.019 160.156z",\n
Action.c(35):             "M1453.083 797.683h58.548v-247.761h-58.548v247.761zM1513.632 467.303c0 18.033-14.4
Action.c(35):     89 30.062-31.545 30.062-16.477 0-30.999-12.507-30.999-30.062 0-17.501 14.522-30.035 30.999
Action.c(35):     -30.035 16.51 0 31.545 11.563 31.545 30.035z",\n
Action.c(35):             "M1604.389 727.126c0-16.025 8.983-31.571 30.022-38.068 6.018-2.008 16.524-4.010 39
Action.c(35):     .55-4.010 5.020 0 10.519 0.519 16.012 1.037v65.064c-9.017 4.003-26.026 11.483-44.025 11.48
Action.c(35):     3-31.066 0-41.558-18.013-41.558-35.508zM1751.047 797.683c-3.012-11.018-4.010-14.502-4.010-
Action.c(35):     64.572v-99.607c-0.492-21.052-0.492-46.067-20.999-66.593-21.537-21.471-52.576-23.033-70.603
Action.c(35):     -23.033-23.020 0-46.572 5.027-60.556 8.046l-30.534 52.044c21.531-8.524 46.027-17.528 73.57
Action.c(35):     5-17.528 44.544 0 52.051 23.532 52.051 61.074-13.026-1.509-19.522-2.008-31.511-2.008-22.54
Action.c(35):     1 0-46.087 3.518-65.077 11.995-26.039 11.038-48.567 34.597-48.567 71.574 0 31.545 16.012 4
Action.c(35):     8.035 24.024 55.050 13.518 11.55 33.546 19.549 63.062 19.549 13.924 0 34.59-2.966 60.808-1
Action.c(35):     1.344 0.379 1.795 0.751 3.65 1.283 5.353h57.051z",\n
Action.c(35):             "M2147.488 800.309c-7.035 1.516-16.025 3.544-29.556 3.544-14.010 0-34.011-2.028-49
Action.c(35):     .544-19.057-15.014-16.962-15.014-34.517-14.535-56.539l1.017-135.66h-32.043l0.027-42.33 33.
Action.c(35):     027-0.213v-46.565l58.055-18v64.565h55.555v42.543h-56.559l-0.984 108.125c0 27.030 0 37.562 
Action.c(35):     5.984 46.565 4.522 6.476 14.037 13.498 30.547 13.498 11.025 0 22.508-3.045 33.041-6.503l-3
Action.c(35):     4.031 46.027z",\n
Action.c(35):             "M2005.504 797.776h-58.548v-125.161c-0.505-39.025-0.505-58.534-17.009-72.591-6.51-
Action.c(35):     5.492-17.534-10.533-34.078-10.533-16.005 0-29.756 4.315-46.133 15.287v192.997h-59.558v-247
Action.c(35):     .043h59.558v46.279l-13.871-28.253c0 0 21.597-11.158 34.158-15.599 10.479-3.71 31.365-8.664
Action.c(35):      49.391-8.664 15.047 0 41.572 1.995 62.065 20.48 23.047 21.078 23.532 46.532 24.024 68.056
Action.c(35):     v164.744z",\n
Action.c(35):             "M2219.533 570.016h6.629c4.202 0 7.348-0.632 7.348-5.193 0-4.043-4.302-4.668-7.713
Action.c(35):     -4.668h-6.264v9.861zM2212.093 554.336h14.163c9.409 0 14.695 2.952 14.695 11.104 0 6.909-4.
Action.c(35):     295 9.588-9.861 10.034l10.041 16.397h-7.8l-9.136-16.038h-4.661v16.038h-7.441v-37.536zM2225
Action.c(35):     .451 599.579c13.877 0 25.261-11.104 25.261-26.431 0-15.234-11.384-26.252-25.261-26.252-14.
Action.c(35):     070 0-25.274 11.018-25.274 26.252 0 15.327 11.204 26.431 25.274 26.431zM2225.451 539.728c1
Action.c(35):     8.179 0 34.41 13.079 34.41 33.42 0 20.433-16.231 33.606-34.41 33.606-18.193 0-34.417-13.17
Action.c(35):     2-34.417-33.606 0-20.34 16.224-33.42 34.417-33.42z",\n
Action.c(35):             "M889.464 640.406c-1.416-0.153-2.859-0.246-4.329-0.246h-243.845l295.623-295.544c0.
Action.c(35):     027-0.013 0.040-0.040 0.066-0.040 9.662-9.648 14.988-22.481 14.988-36.139 0.013-13.638-5.3
Action.c(35):     13-26.478-14.974-36.126-5.22-5.173-11.171-9.017-17.82-11.55-0.638-0.246-1.27-0.446-1.902-0
Action.c(35):     .658-88.197-30.281-187.665-7.341-253.553 58.587-4.189 4.169-8.179 8.498-12.009 12.926l-0.0
Action.c(35):     13-277.398v-0.12c-0.013-29.762-24.263-53.973-54.026-53.973-7.587 0-14.921 1.543-21.856 4.5
Action.c(35):     95-0.625 0.299-1.237 0.598-1.849 0.911-0.166 0.086-0.339 0.173-0.519 0.259-0.153 0.066-0.2
Action.c(35):     99 0.146-0.439 0.233-105.465 51.872-173.535 161.041-173.535 278.641 0 16.118 1.33 32.070 3
Action.c(35):     .81 47.742l-205.392-205.392c-0.033-0.027-0.053-0.066-0.086-0.093-22.674-22.648-59.538-22.6
Action.c(35):     48-82.199 0.027-5.752 5.725-10.167 12.507-13.099 20.101-0.286 0.745-0.519 1.47-0.751 2.221
Action.c(35):      0.093-0.286 0.153-0.559 0.259-0.858-24.35 70.264-28.752 145.82-12.753 218.558 16.45 74.75
Action.c(35):     2 53.9 143.008 108.245 197.373 31.026 30.999 66.587 56.506 105.286 75.756h-239.317c-35.002
Action.c(35):      0-63.475 28.466-63.475 63.468 0 8.897 1.809 17.501 5.393 25.62 0.299 0.705 0.658 1.363 1.
Action.c(35):     011 2.055-0.12-0.246-0.266-0.459-0.379-0.692 42.024 86.601 107.188 159.804 188.436 211.755
Action.c(35):      83.522 53.374 180.271 81.594 279.825 81.594 99.527 0 196.269-28
Action.c(35): t=8522ms: 11839-byte DECODED response body for "https://stage.peapod.com/shop/images/icons/PeapodIcons.json" (RelFrameId=1, Internal ID=3)
Action.c(35):     .207 279.785-81.594 81.262-51.925 146.432-125.141 188.443-211.729-0.412 0.831-0.858 1.662-
Action.c(35):     1.31 2.494 0.725-1.283 1.403-2.633 1.988-3.963 3.584-8.152 5.413-16.75 5.413-25.553 0-33.5
Action.c(35):     19-26.152-61.001-59.139-63.249zM916.892 259.97c0.126 0.047 0.253 0.093 0.379 0.133 0.219 0
Action.c(35):     .073 0.446 0.126 0.672 0.206-0.352-0.133-0.718-0.206-1.051-0.339z",\n
Action.c(35):             "M43.68 712.391c-1.177-2.66-1.842-5.612-1.842-8.724 0-11.949 9.688-21.61 21.637-21
Action.c(35):     .61l821.58-0.027c11.975 0 21.69 9.662 21.69 21.624 0 3.079-0.685 6.038-1.855 8.684l-0.027 
Action.c(35):     0.053c-77.505 159.678-241.192 269.758-430.579 269.758-189.407 0-353.114-110.093-430.605-26
Action.c(35):     9.758z",\n
Action.c(35):             "M141.551 162.244c0.791-2.055 1.995-3.976 3.644-5.612 6.377-6.377 16.67-6.363 23.0
Action.c(35):     20 0l0.033 0.027 437.029 437.075c6.35 6.35 6.377 16.657 0.027 23.020-1.622 1.649-3.584 2.8
Action.c(35):     46-5.605 3.637l-0.027 0.013c-126.158 43.726-271.806 15.207-372.57-85.57-100.778-100.738-12
Action.c(35):     9.297-246.412-85.551-372.59z",\n
Action.c(35):             "M592.763 43.021c1.489-0.685 3.165-1.051 4.907-1.051 6.729 0 12.168 5.452 12.182 1
Action.c(35):     2.155h-0.013l0.027 461.319-0.013-0.040c0 6.676-5.439 12.155-12.182 12.155-1.729 0-3.391-0.
Action.c(35):     386-4.894-1.064h-0.013c-89.653-43.507-151.426-135.427-151.426-241.73 0-106.376 61.799-198.
Action.c(35):     264 151.426-241.744z",\n
Action.c(35):             "M904.239 299.839c1.144 0.446 2.247 1.13 3.185 2.081 3.597 3.597 3.584 9.415 0 13.
Action.c(35):     019h-0.027l-247.416 247.442c-3.624 3.584-9.442 3.597-13.026 0.027-0.938-0.951-1.609-2.055-
Action.c(35):     2.055-3.198l-0.013-0.040c-24.775-71.414-8.611-153.853 48.434-210.911 57.012-57.031 139.49-
Action.c(35):     73.156 210.917-48.421z"\n
Action.c(35):           ],\n
Action.c(35):           "attrs": [\n
Action.c(35):             {\n
Action.c(35):               "fill": "rgb(106, 34, 106)"\n
Action.c(35):             },\n
Action.c(35):             {\n
Action.c(35):               "fill": "rgb(106, 34, 106)"\n
Action.c(35):             },\n
Action.c(35):             {\n
Action.c(35):               "fill": "rgb(106, 34, 106)"\n
Action.c(35):             },\n
Action.c(35):             {\n
Action.c(35):               "fill": "rgb(106, 34, 106)"\n
Action.c(35):             },\n
Action.c(35):             {\n
Action.c(35):               "fill": "rgb(106, 34, 106)"\n
Action.c(35):             },\n
Action.c(35):             {\n
Action.c(35):               "fill": "rgb(106, 34, 106)"\n
Action.c(35):             },\n
Action.c(35):             {\n
Action.c(35):               "fill": "rgb(255, 255, 254)"\n
Action.c(35):             },\n
Action.c(35):             {\n
Action.c(35):               "fill": "rgb(242, 178, 41)"\n
Action.c(35):             },\n
Action.c(35):             {\n
Action.c(35):               "fill": "rgb(218, 50, 42)"\n
Action.c(35):             },\n
Action.c(35):             {\n
Action.c(35):               "fill": "rgb(106, 34, 106)"\n
Action.c(35):             },\n
Action.c(35):             {\n
Action.c(35):               "fill": "rgb(132, 191, 65)"\n
Action.c(35):             }\n
Action.c(35):           ],\n
Action.c(35):           "width": 2261,\n
Action.c(35):           "isMulticolor": true,\n
Action.c(35):           "grid": 32,\n
Action.c(35):           "tags": [\n
Action.c(35):             "giant-landover-logo"\n
Action.c(35):           ],\n
Action.c(35):           "defaultCode": 59665\n
Action.c(35):         },\n
Action.c(35):         {\n
Action.c(35):           "paths": [\n
Action.c(35):             "M1073.318 736.003c25.208 17.089 54.525 29.27 85.138 29.27 44.597 0 61.733-27.475 
Action.c(35):     61.733-49.125 0-31.511-27.488-42.35-49.591-51.366l-20.261-8.132c-18.904-8.538-40.102-17.98
Action.c(35):     -55.881-36.498-8.086-9.429-19.356-26.983-19.356-52.676 0-47.716 39.657-92.333 113.079-92.3
Action.c(35):     33 40.096 0 68.030 12.168 78.402 16.623v53.58c-10.373-8.066-35.162-26.983-74.792-26.983-40
Action.c(35):     .534 0-55.416 24.31-55.416 44.165 0 28.778 28.852 41.406 52.231 50.874l22.561 9.489c18.472
Action.c(35):      8.544 39.211 18.040 53.634 36.478 9.874 12.168 17.993 30.647 17.993 52.683 0 53.66-45.049
Action.c(35):      96.901-119.835 96.901-20.261 0-52.251-3.172-89.64-18v-54.95z",\n
Action.c(35):             "M1408.372 801.639c-6.297 1.423-14.396 3.205-26.571 3.205-12.607 0-30.654-1.782-44
Action.c(35):     .604-17.129-13.538-15.333-13.538-31.112-13.066-50.947l0.938-122.082h-28.871l-0.033-38.327h
Action.c(35):     29.796v-41.844l52.251-16.218v58.062h49.983v38.327h-50.914l-0.864 97.34c0 24.297 0 33.805 5
Action.c(35):     .386 41.904 4.063 5.818 12.62 12.175 27.522 12.175 9.908 0 20.221-2.74 29.689-5.858l-30.64
Action.c(35):      41.392z",\n
Action.c(35):             "M1557.95 609.307c-17.986 0.432-32.416 8.092-42.323 25.208-9.921 16.185-12.168 35.
Action.c(35):     162-12.168 54.099 0 17.568 2.247 38.247 12.647 54.432 10.34 16.271 26.185 23.505 42.33 23.
Action.c(35):     505 37.403 0 54.465-37.888 54.465-79.307 0-41.026-15.287-77.937-54.026-77.937h-0.924zM1557
Action.c(35):     .551 804.844c-73.003 0-110.412-50.914-110.412-114.475 0-66.66 42.37-118.904 113.086-118.90
Action.c(35):     4 64.406 0 108.584 45.023 108.584 114.848 0 65.789-37.855 118.531-111.257 118.531z",\n
Action.c(35):             "M2062.835 604.453c-1.583-17.86-14.742-27.588-30.115-26.212-18.153 1.589-28.366 17
Action.c(35):     .614-26.87 34.351 1.243 13.924 14.429 24.676 25.075 33.925 31.731-11.543 33.034-28.845 31.
Action.c(35):     91-42.064zM2016.322 686.911c-13.984 5.479-30.274 20.3-28.2 43.646 1.735 19.908 18.685 44.7
Action.c(35):     97 57.464 41.392 15.134-1.297 31.013-10.060 47.656-23.1l-76.92-61.939zM2135.904 782.961l-4
Action.c(35):     3.939-34.198c0 0 34.63 12.667 27.854 19.815-6.849 7.201-12.893 14.063-27.176 22.854-20.812
Action.c(35):      12.853-36.924 15.52-56.287 15.819-51.513 0.918-89.354-24.157-93.118-67.458-1.543-17.428 2
Action.c(35):     .959-34.424 11.956-47.842 11.291-15.779 26.405-23.791 36.824-29.31-6.922-6.756-25.886-24.9
Action.c(35):     28-27.794-46.891-3.252-36.665 23.612-64.18 65.489-67.857 39.065-3.458 70.317 19.143 73.309
Action.c(35):      52.962 1.184 13.625-2.454 28.067-10.659 40.009-10.579 15.413-19.024 22.448-31.83 28.838l1
Action.c(35):     01.017 80.743-25.647 32.515z",\n
Action.c(35):             "M2173.267 734.102c25.241 17.109 54.558 29.264 85.158 29.264 44.624 0 61.726-27.48
Action.c(35):     2 61.726-49.105 0-31.545-27.468-42.376-49.571-51.36l-20.261-8.119c-18.917-8.564-40.076-18.
Action.c(35):     033-55.868-36.432-8.119-9.482-19.39-27.129-19.39-52.756 0-47.729 39.677-92.326 113.119-92.
Action.c(35):     326 40.116 0 67.983 12.142 78.376 16.623v53.614c-10.393-8.119-35.142-27.003-74.805-27.003-
Action.c(35):     40.534 0-55.389 24.317-55.389 44.118 0 28.818 28.805 41.479 52.244 50.947l22.508 9.442c18.
Action.c(35):     472 8.531 39.271 18.013 53.654 36.512 9.888 12.155 18.033 30.64 18.033 52.663 0 53.627-45.
Action.c(35):     089 96.901-119.894 96.901-20.221 0-52.197-3.172-89.64-18.040v-54.944z",\n
Action.c(35):             "M2603.148 799.418h-52.689v-112.64c-0.446-35.135-0.446-52.689-15.307-65.337-5.865-
Action.c(35):     4.954-15.779-9.482-30.667-9.482-14.402 0-26.777 3.89-41.525 13.758v173.701h-53.6v-318.085h
Action.c(35):     53.6v137.389l-12.474-25.42c0 0 19.436-10.047 30.733-14.043 9.429-3.338 28.233-7.793 44.444
Action.c(35):     -7.793 13.551 0 37.423 1.789 55.861 18.439 20.753 18.964 21.178 41.871 21.624 61.234v148.2
Action.c(35):     81z",\n
Action.c(35):             "M2744.912 609.307c-18.013 0.432-32.442 8.092-42.323 25.208-9.894 16.185-12.128 35
Action.c(35):     .162-12.128 54.099 0 17.568 2.234 38.247 12.541 54.432 10.393 16.271 26.185 23.505 42.343 
Action.c(35):     23.505 37.409 0 54.565-37.888 54.565-79.307 0-41.026-15.36-77.937-54.046-77.937h-0.951zM27
Action.c(35):     44.46 804.844c-72.95 0-110.393-50.914-110.393-114.475 0-66.66 42.363-118.904 113.125-118.9
Action.c(35):     04 64.432 0 108.531 45.023 108.531 114.848 0 65.789-37.802 118.531-111.264 118.531z",\n
Action.c(35):             "M2941.932 750.772c5.366 3.584 20.294 13.518 43.68 13.518 43.234 0 64.446-35.627 6
Action.c(35):     4.446-79.333 0-22.954-6.29-41-15.32-52.271-8.551-10.792-24.33-22.063-49.125-22.063-15.294 
Action.c(35):     0-30.168 4.063-43.68 10.818v129.33zM2940.396 587.596c5.732-2.819 22.255-8.87 27.116-10.666
Action.c(35):      3.956-1.43 17.634-5.466 34.789-5.466 65.337 0 103.158 45.455 103.158 112.155 0 72.983-44.
Action.c(35):     584 121.224-108.118 121.224-26.558 0-43.713-8.584-55.409-14.462v103.198h-53.148v-316.762h5
Action.c(35):     3.148v37.349c0 0-7.261-23.791-1.536-26.571z",\n
Action.c(35):             "M1755.056 750.772c5.399 3.584 20.214 13.518 43.666 13.518 43.247 0 64.426-35.627 
Action.c(35):     64.426-79.333 0-22.954-6.31-41-15.28-52.271-8.598-10.792-24.363-22.063-49.145-22.063-15.29
Action.c(35):     4 0-30.148 4.063-43.666 10.818v129.33zM1753.494 587.596c5.758-2.819 22.242-8.87 27.116-10.
Action.c(35):     666 3.943-1.43 17.667-5.466 34.803-5.466 65.323 0 103.171 45.455 103.171 112.155 0 72.983-
Action.c(35):     44.61 121.224-108.118 121.224-26.577 0-43.693-8.584-55.409-14.462v103.198h-53.195v-316.762
Action.c(35):     h53.195v37.349c0 0-7.288-23.791-1.563-26.571z",\n
Action.c(35):             "M3140.768 592.357h6.596c4.189 0 7.308-0.618 7.308-5.173 0-4.010-4.269-4.635-7.653
Action.c(35):     -4.635h-6.25v9.808zM3133.374 576.758h14.077c9.362 0 14.615 2.946 14.615 11.045 0 6.869-4.2
Action.c(35):     69 9.542-9.801 9.987l9.987 16.318h-7.753l-9.083-15.952h-4.648v15.952h-7.394v-37.349zM3146.
Action.c(35):     652 621.767c13.817 0 25.128-11.051 25.128-26.292 0-15.154-11.311-26.119-25.128-26.119-13.9
Action.c(35):     84 0-25.121 10.965-25.121 26.119 0 15.24 11.138 26.292 25.121 26.292zM3146.652 562.229c18.
Action.c(35):     1 0 34.231 13.019 34.231 33.247 0 20.327-16.131 33.433-34.231 33.433s-34.224-13.106-34.224
Action.c(35):     -33.433c0-20.227 16.125-33.247 34.224-33.247z",\n
Action.c(35):             "M916.892 259.976c0.060 0.020 0.12 0.040 0.18 0.060 0.286 0.106 0.585 0.173 0.878 
Action.c(35):     0.273-0.352-0.133-0.718-0.199-1.057-0.332zM889.47 640.406c-1.416-0.146-2.866-0.239-4.329-0
Action.c(35):     .239h-243.852l295.623-295.544c0.027-0.013 0.040-0.040 0.073-0.040 9.662-9.655 14.988-22.48
Action.c(35):     1 14.988-36.139 0.013-13.644-5.319-26.484-14.974-36.133-5.22-5.173-11.178-9.017-17.827-11.
Action.c(35):     55-0.698-0.273-1.396-0.492-2.101-0.725-88.157-30.168-187.512-7.221-253.354 58.661-4.189 4.
Action.c(35):     169-8.179 8.498-12.009 12.926l-0.013-277.404v-0.113c-0.013-29.769-24.257-53.979-54.026-53.
Action.c(35):     979-7.587 0-14.928 1.549-21.863 4.601-0.559 0.266-1.117 0.545-1.676 0.825-0.219 0.113-0.44
Action.c(35):     6 0.226-0.678 0.339-0.166 0.073-0.306 0.146-0.452 0.233-105.465 51.878-173.528 161.047-173
Action.c(35):     .528 278.648 0 16.111 1.33 32.070 3.803 47.742l-205.385-205.398c-0.033-0.027-0.053-0.066-0
Action.c(35):     .086-0.086-22.674-22.648-59.538-22.648-82.199 0.020-5.752 5.732-10.167 12.514-13.099 20.10
Action.c(35):     1-0.286 0.745-0.519 1.47-0.751 2.221 0.093-0.286 0.153-0.559 0.259-0.858-24.35 70.264-28.7
Action.c(35):     52 145.82-12.753 218.558 16.45 74.759 53.9 143.014 108.245 197.373 31.026 31.006 66.587 56
Action.c(35):     .506 105.286 75.763h-239.317c-35.002 0-63.475 28.459-63.475 63.461 0 8.903 1.809 17.501 5.
Action.c(35):     393 25.62 0.299 0.711 0.658 1.37 1.011 2.061-0.12-0.246-0.266-0.459-0.379-0.698 42.024 86.
Action.c(35):     601 107.188 159.81 188.436 211.762 83.522 53.374 180.271 81.588 279.818 81.588 99.541 0 19
Action.c(35):     6.282-28.2 279.791-81.588 81.268-51.925 146.432-125.141 188.443-211.729-0.406 0.831-0.851 
Action.c(35):     1.662-1.31 2.487 0.725-1.277 1.403-2.626 1.995-3.963 3.577-8.152 5.413-16.743 5.413-25.553
Action.c(35):      0-33.519-26.159-60.994-59.139-63.249zM573.965 5.632c0.060-0.027 0.113-0.053 0.166-0.080 0
Action.c(35):     .12-0.060 0.239-0.12 0.359-0.18-0.166 0.066-0.339 0.166-0.525 0.259z",\n
Action.c(35):             "M43.68 712.391c-1.177-2.653-1.842-5.612-1.842-8.724 0-11.942 9.688-21.604 21.637-
Action.c(35):     21.604l821.587-0.027c11.969 0 21.684 9.662 21.684 21.617 0 3.085-0.685 6.044-1.855 8.691l-
Action.c(35):     0.027 0.047c-77.505 159.684-241.185 269.764-430.585 269.764s-353.107-110.093-430.599-269.7
Action.c(35):     64z",\n
Action.c(35):             "M141.551 162.244c0.791-2.055 1.995-3.976 3.644-5.612 6.377-6.377 16.67-6.363 23.0
Action.c(35):     20 0l0.033 0.027 437.029 437.075c6.35 6.35 6.383 16.663 0.033 23.027-1.629 1.649-3.584 2.8
Action.c(35):     39-5.619 3.637l-0.027 0.013c-126.145 43.719-271.799 15.207-372.563-85.57-100.778-100.744-1
Action.c(35):     29.297-246.418-85.551-372.596z",\n
Action.c(35):             "M592.763 43.021c1.496-0.685 3.165-1.051 4.907-1.051 6.729 0 12.168 5.452 12.175 1
Action.c(35):     2.155h-0.007l0.027 461.325-0.020-0.040c0 6.669-5.433 12.148-12.168 12.148-1.742 0-3.391-0.
Action.c(35):     379-4.907-1.057-89.653-43.507-151.432-135.427-151.432-241.73 0-106.383 61.806-198.264 151.
Action.c(35):     426-241.75z",\n
Action.c(35):             "M904.239 299.839c1.15 0.452 2.247 1.13 3.192 2.081 3.597 3.604 3.584 9.415 0 13.0
Action.c(35):     26h-0.027l-247.416 247.442c-3.624 3.584-9.442 3.597-13.026 0.020-0.938-0.944-1.609-2.055-2
Action.c(35):     .055-3.192l-0.013-0.040c-24.782-71.421-8.611-153.853 48.434-210.911 57.012-57.038 139.483-
Action.c(35):     73.156 210.911-48.427z"\n
Action.c(35):           ],\n
Action.c(35):           "attrs": [\n
Action.c(35):             {\n
Action.c(35):               "fill": "rgb(106, 34, 106)"\n
Action.c(35):             },\n
Action.c(35):             {\n
Action.c(35):               "fill": "rgb(106, 34, 106)"\n
Action.c(35):             },\n
Action.c(35):             {\n
Action.c(35):               "fill": "rgb(106, 34, 106)"\n
Action.c(35):             },\n
Action.c(35):             {\n
Action.c(35):               "fill": "rgb(106, 34, 106)"\n
Action.c(35):             },\n
Action.c(35):             {\n
Action.c(35):               "fill": "rgb(106, 34, 106)"\n
Action.c(35):             },\n
Action.c(35):             {\n
Action.c(35):               "fill": "rgb(106, 34, 106)"\n
Action.c(35):             },\n
Action.c(35):             {\n
Action.c(35):               "fill": "rgb(106, 34, 106)"\n
Action.c(35):             },\n
Action.c(35):             {\n
Action.c(35):               "fill": "rgb(106, 34, 106)"\n
Action.c(35):             },\n
Action.c(35):             {\n
Action.c(35):               "fill": "rgb(106, 34, 106)"\n
Action.c(35):             },\n
Action.c(35):             {\n
Action.c(35):               "fill": "rgb(106, 34, 106)"\n
Action.c(35):             },\n
Action.c(35):             {\n
Action.c(35):               "fill": "rgb(255, 255, 254)"\n
Action.c(35):             },\n
Action.c(35):             {\n
Action.c(35):               "fill": "rgb(242, 178, 41)"\n
Action.c(35):             },\n
Action.c(35):             {\n
Action.c(35):               "fill": "rgb(218, 50, 42)"\n
Action.c(35):             },\n
Action.c(35):             {\n
Action.c(35):               "fill": "rgb(106, 34, 106)"\n
Action.c(35):             },\n
Action.c(35):             {\n
Action.c(35):               "fill": "rgb(132, 191, 65)"\n
Action.c(35):             }\n
Action.c(35):           ],\n
Action.c(35):           "width": 3185,\n
Action.c(35):           "isMulticolor": true,\n
Action.c(35):           "grid": 32,\n
Action.c(35):           "tags": [\n
Action.c(35):             "sns-logo"\n
Action.c(35):           ],\n
Action.c(35):           "defaultCode": 59676\n
Action.c(35):         },\n
Action.c(35):         {\n
Action.c(35):           "paths": [\n
Action.c(35):             "M1494.954 687.178c-37.317 19.288-78.539 29.622-120.21 29.622-103.111 0-171.544-66
Action.c(35):     .91-171.544-164.819 0-92.94 68.882-167.981 179.866-167.981 33.348 0 63.625 6.33 95.225 17.
Action.c(35):     099v54.798c-15.369-8.985-46.939-27.378-91.285-27.378-71.493 0-123.713 50.288-123.713 122.5
Action.c(35): t=8555ms: 3949-byte ENCODED response body received for "https://stage.peapod.com/shop/images/icons/PeapodIcons.json" (RelFrameId=1, Internal ID=3)
Action.c(35): t=8555ms: 8965-byte DECODED response body for "https://stage.peapod.com/shop/images/icons/PeapodIcons.json" (RelFrameId=1, Internal ID=3)
Action.c(35):     91 0 68.264 45.616 123.050 117.145 123.050 32.468 0 50.914-9.438 60.111-14.39l1.311-72.721
Action.c(35):     h-79.402l25.894-43.57h109.247l-2.646 143.699z",\n
Action.c(35):             "M1538.449 716.8h71.893v-228.778h-71.893v228.778zM1612.8 411.734c0 16.651-17.792 2
Action.c(35):     7.758-38.735 27.758-20.233 0-38.065-11.549-38.065-27.758 0-16.16 17.832-27.734 38.065-27.7
Action.c(35):     34 20.274 0 38.735 10.677 38.735 27.734z",\n
Action.c(35):             "M1664.564 639.886c0-13.422 7.806-26.443 26.087-31.885 5.229-1.682 14.358-3.358 34
Action.c(35):     .367-3.358 4.362 0 9.141 0.434 13.913 0.869v54.496c-7.835 3.353-22.615 9.618-38.255 9.618-
Action.c(35):     26.994 0-36.112-15.087-36.112-29.74zM1792 698.982c-2.617-9.228-3.484-12.147-3.484-54.084v-
Action.c(35):     83.429c-0.428-17.633-0.428-38.584-18.246-55.777-18.714-17.983-45.685-19.292-61.349-19.292-
Action.c(35):     20.003 0-40.468 4.21-52.619 6.739l-26.532 43.591c18.709-7.14 39.994-14.681 63.932-14.681 3
Action.c(35):     8.706 0 45.229 19.71 45.229 51.154-11.319-1.264-16.964-1.682-27.381-1.682-19.587 0-40.046 
Action.c(35):     2.946-56.548 10.047-22.626 9.245-42.201 28.977-42.201 59.948 0 26.421 13.913 40.233 20.875
Action.c(35):      46.109 11.746 9.674 29.149 16.374 54.797 16.374 12.099 0 30.056-2.484 52.838-9.501 0.329 
Action.c(35):     1.504 0.653 3.058 1.115 4.483h49.574z",\n
Action.c(35):             "M2158.606 700.865c-6.242 1.341-14.218 3.135-26.224 3.135-12.43 0-30.176-1.794-43.
Action.c(35):     958-16.856-13.321-15.004-13.321-30.531-12.897-50.010l0.903-119.994h-28.43l0.024-37.442 29.
Action.c(35):     303-0.188v-41.188l51.509-15.921v57.109h49.291v37.63h-50.182l-0.873 95.639c0 23.908 0 33.22
Action.c(35):     5 5.31 41.188 4.012 5.729 12.454 11.939 27.103 11.939 9.782 0 19.97-2.694 29.315-5.752l-30
Action.c(35):     .194 40.712z",\n
Action.c(35):             "M2009.6 704h-48.725v-107.529c-0.421-33.527-0.421-50.288-14.155-62.365-5.418-4.719
Action.c(35):     -14.593-9.049-28.361-9.049-13.32 0-24.764 3.708-38.393 13.133v165.809h-49.566v-212.242h49.
Action.c(35):     566v39.76l-11.543-24.273c0 0 17.974-9.586 28.427-13.402 8.721-3.188 26.103-7.444 41.105-7.
Action.c(35):     444 12.523 0 34.597 1.714 51.652 17.595 19.18 18.109 19.584 39.977 19.993 58.469v141.536z"
Action.c(35):     ,\n
Action.c(35):             "M2216.37 505.889h5.855c3.712 0 6.49-0.561 6.49-4.609 0-3.588-3.8-4.143-6.813-4.14
Action.c(35):     3h-5.532v8.752zM2209.798 491.974h12.509c8.31 0 12.979 2.62 12.979 9.855 0 6.131-3.794 8.51
Action.c(35):     -8.71 8.905l8.868 14.553h-6.889l-8.069-14.234h-4.117v14.234h-6.572v-33.313zM2221.597 532.1
Action.c(35):     26c12.257 0 22.311-9.855 22.311-23.458 0-13.52-10.054-23.298-22.311-23.298-12.427 0-22.323
Action.c(35):      9.778-22.323 23.298 0 13.602 9.896 23.458 22.323 23.458zM2221.597 479.008c16.057 0 30.392
Action.c(35):      11.608 30.392 29.66 0 18.135-14.336 29.825-30.392 29.825-16.068 0-30.398-11.69-30.398-29.
Action.c(35):     825 0-18.052 14.33-29.66 30.398-29.66z",\n
Action.c(35):             "M1041.606 568.36c-1.251-0.136-2.525-0.218-3.823-0.218h-215.372l261.105-262.295c0.
Action.c(35):     023-0.012 0.035-0.035 0.059-0.035 8.533-8.563 13.238-19.952 13.238-32.074 0.012-12.104-4.6
Action.c(35):     92-23.499-13.226-32.062-4.61-4.591-9.867-8.002-15.739-10.251-0.564-0.218-1.122-0.395-1.68-
Action.c(35):     0.584-77.899-26.875-165.752-6.515-223.947 51.996-3.7 3.7-7.224 7.542-10.607 11.472l-0.012-
Action.c(35):     246.19v-0.106c-0.012-26.414-21.43-47.901-47.718-47.901-6.701 0-13.179 1.369-19.304 4.078-0
Action.c(35):     .552 0.266-1.092 0.531-1.633 0.808-0.147 0.077-0.3 0.153-0.458 0.23-0.135 0.059-0.264 0.13
Action.c(35):     -0.388 0.207-93.151 46.036-153.272 142.924-153.272 247.294 0 14.305 1.175 28.462 3.365 42.
Action.c(35):     371l-181.409-182.285c-0.029-0.024-0.047-0.059-0.076-0.083-20.027-20.1-52.586-20.1-72.601 0
Action.c(35):     .024-5.080 5.081-8.98 11.1-11.57 17.84-0.253 0.661-0.458 1.304-0.664 1.971 0.082-0.254 0.1
Action.c(35):     35-0.496 0.229-0.761-21.507 62.359-25.395 129.415-11.264 193.97 14.53 66.342 47.606 126.91
Action.c(35):     9 95.606 175.168 27.403 27.512 58.812 50.149 92.992 67.233h-211.373c-30.915 0-56.063 25.26
Action.c(35):     3-56.063 56.328 0 7.896 1.597 15.532 4.763 22.738 0.264 0.626 0.581 1.21 0.893 1.824-0.106
Action.c(35):     -0.218-0.235-0.407-0.335-0.614 37.117 76.859 94.672 141.826 166.433 187.933 73.77 47.37 15
Action.c(35):     9.221 72.415 247.151 72.415 87.906 0 173.352-25.033 247.116-72.415 71.773-46.083 129.334-1
Action.c(35):     11.062 166.439-187.909-0.364 0.738-0.758 1.475-1.157 2.213 0.64-1.139 1.239-2.337 1.756-3.
Action.c(35):     517 3.166-7.235 4.781-14.865 4.781-22.679 0-29.748-23.098-54.139-52.234-56.133zM1065.832 2
Action.c(35):     30.723c0.112 0.041 0.223 0.083 0.335 0.118 0.194 0.065 0.393 0.112 0.593 0.183-0.311-0.118
Action.c(35):     -0.634-0.183-0.928-0.301z",\n
Action.c(35):             "M296.008 642.899c-1.028-2.496-1.608-5.266-1.608-8.185 0-11.211 8.459-20.276 18.89
Action.c(35):     2-20.276l717.369-0.025c10.456 0 18.939 9.065 18.939 20.289 0 2.889-0.598 5.665-1.62 8.148l
Action.c(35):     -0.023 0.050c-67.674 149.818-210.598 253.101-375.963 253.101-165.382 0-308.324-103.296-375
Action.c(35):     .986-253.101z",\n
Action.c(35):             "M388.379 124.458c0.684-1.831 1.725-3.543 3.152-5.001 5.515-5.682 14.418-5.67 19.9
Action.c(35):     11 0l0.029 0.024 377.999 389.467c5.492 5.658 5.515 14.842 0.023 20.513-1.403 1.469-3.1 2.5
Action.c(35):     36-4.848 3.241l-0.023 0.012c-109.118 38.963-235.093 13.551-322.247-76.25-87.166-89.765-111
Action.c(35):     .833-219.572-73.995-332.006z",\n
Action.c(35):             "M802.314 39.314c1.471-0.596 3.125-0.914 4.845-0.914 6.644 0 12.015 4.743 12.028 1
Action.c(35):     0.573h-0.013l0.026 401.288-0.013-0.035c0 5.807-5.37 10.573-12.028 10.573-1.707 0-3.348-0.3
Action.c(35):     35-4.832-0.925h-0.013c-88.521-37.845-149.514-117.804-149.514-210.275 0-92.534 61.019-172.4
Action.c(35):     64 149.514-210.286z",\n
Action.c(35):             "M1044.429 278.678c1.006 0.392 1.977 0.994 2.802 1.831 3.164 3.164 3.153 8.282 0 1
Action.c(35):     1.453h-0.023l-217.637 217.667c-3.188 3.153-8.306 3.164-11.458 0.023-0.825-0.836-1.415-1.80
Action.c(35):     7-1.807-2.813l-0.012-0.035c-21.794-62.82-7.575-135.339 42.604-185.531 50.15-50.169 122.701
Action.c(35):     -64.353 185.532-42.594z",\n
Action.c(35):             "M2661.286 598.932c4.783-1.040 8.686-3.927 11.123-7.762 2.413-3.794 3.386-8.51 2.3
Action.c(35):     54-13.253-1.040-4.767-3.91-8.652-7.721-11.081-3.802-2.438-8.535-3.427-13.286-2.388-19.751 
Action.c(35):     4.326-40.025-1.589-54.235-15.799-11.115-11.115-17.23-25.882-17.229-41.589l0-99.834c-0-15.7
Action.c(35):     24 6.123-30.5 17.229-41.606 22.937-22.937 60.258-22.937 83.195-0 11.115 11.115 17.23 25.88
Action.c(35):     2 17.229 41.589l0.008 47.363c-0 4.991 2.071 9.493 5.391 12.712 3.178 3.062 7.488 4.942 12.
Action.c(35):     255 4.934 4.876 0 9.293-1.972 12.479-5.158 3.195-3.195 5.175-7.604 5.158-12.479l-0.008-47.
Action.c(35):     363c0.017-25.142-9.775-48.778-27.553-66.557-36.697-36.697-96.415-36.697-133.112-0-17.779 1
Action.c(35):     7.779-27.571 41.414-27.562 66.564v99.834c-0.017 25.124 9.784 48.769 27.562 66.548 22.754 2
Action.c(35):     2.754 55.166 32.221 86.722 25.325zM2707.675 739.996c17.779-17.779 27.571-41.414 27.562-66.
Action.c(35):     564l0-99.834c0.017-25.125-9.784-48.769-27.554-66.539-22.754-22.754-55.175-32.229-86.73-25.
Action.c(35):     333-4.775 1.049-8.677 3.935-11.115 7.77-2.421 3.785-3.394 8.502-2.363 13.245 1.048 4.775 3
Action.c(35):     .918 8.661 7.729 11.090 3.802 2.438 8.536 3.428 13.278 2.379 19.751-4.31 40.034 1.597 54.2
Action.c(35):     43 15.807 11.115 11.115 17.23 25.882 17.23 41.589l0 99.834c-0.009 15.716-6.132 30.491-17.2
Action.c(35):     38 41.598-22.937 22.937-60.258 22.937-83.186 0.008-11.115-11.115-17.23-25.882-17.23-41.589
Action.c(35):     v-47.355c0-4.991-2.071-9.493-5.391-12.712-3.178-3.062-7.488-4.942-12.255-4.933-4.876 0-9.2
Action.c(35):     84 1.98-12.479 5.175s-5.175 7.604-5.166 12.471l0.008 47.363c-0.025 25.117 9.775 48.761 27.
Action.c(35):     554 66.539 36.689 36.689 96.406 36.689 133.103-0.008z",\n
Action.c(35):             "M3284.093 551.036c-20.764 0-36.496-5.801-36.496-20.030v-115.478c0-20.076 5.081-25
Action.c(35):     .862 32.534-25.862 34.759 0 63.949 33.236 63.949 79.112 0 42.716-25.083 82.257-60.004 82.2
Action.c(35):     57h0.016zM3288.038 374.415c-30.862 0-53.851 1.603-69.582 1.603h-12.923c-33.103 0-51.010-1.
Action.c(35):     603-54.386-1.603-8.962 0-13.507 2.595-13.507 7.328 0 9.511 11.251 6.336 29.239 9.511 15.13
Action.c(35):     1 2.611 16.803 7.359 16.803 24.259v237.871c0 25.343 0 32.671-20.764 36.411-14.579 2.595-26
Action.c(35):     .917-1.038-26.917 8.977 0 5.252 5.049 8.427 14.595 8.427 9.53 0 31.398-3.725 63.949-3.725 
Action.c(35):     35.343 0 57.195 3.725 66.157 3.725 9.562 0 14.611-3.175 14.611-8.427 0-10-12.355-6.382-26.
Action.c(35):     316-8.977-21.381-4.214-21.381-11.618-21.381-36.946v-79.204c0-6.916 1.721-11.175 6.721-10.7
Action.c(35):     33 3.831 0.351 23.118 12.717 64.338 6.305 49.289-7.664 91.613-45.587 91.613-97.799 0-63.26
Action.c(35):     5-41.48-97.020-122.231-97.020l-0.016 0.015z",\n
Action.c(35):             "M3474.707 559.502l1.43-9.014c6.978-29.148 15.62-63.497 64.607-63.497 38.917 0 43.
Action.c(35):     579 30.058 43.579 49.873 0 31.286-15.651 28.638-58.049 28.638h-43.564c-5.315 0-8.020-1.627
Action.c(35):     -8.020-4.419v-1.611l0.016 0.032zM3477.411 582.619h143.435c16.132 0 22.582-2.218 22.582-12.
Action.c(35):     109 0-45.182-37.145-99.043-103.198-99.043-77.289 0-129.945 52.92-129.945 131.797 0 79.308 
Action.c(35):     48.351 131.67 122.407 131.67 38.699 0 67.731-12.652 91.899-34.732 11.796-10.434 17.236-19.
Action.c(35):     257 17.236-24.777 0-4.371-1.616-6.079-5.44-6.079-4.258 0-26.825 32.036-76.777 32.036-56.86
Action.c(35):     8 0-89.738-48.804-89.738-105.218v-4.675c0-7.77 1.057-8.823 7.538-8.823v-0.048z",\n
Action.c(35):             "M3787.404 651.012c0 27.563-23.183 48.556-45.893 48.556-24.969 0-30.097-20.625-30.
Action.c(35):     097-43.871 0-23.774 18.543-48.875 43.863-59.348l22.115-8.857c3.129-1.663 5.8-2.206 6.822-2
Action.c(35):     .206 1.603 0 3.19 2.206 3.19 6.667v59.060zM3890.27 695.763c0-5.020-2.686-8.33-7.402-8.33-7
Action.c(35):     .89 0-15.827 12.135-25.854 12.135-13.171 0-16.3-12.71-16.3-36.437v-128.128c0-45.87-10.577-
Action.c(35):     63.536-63.811-63.536-70.678 0-119.761 44.191-119.761 77.366 0 5.5 5.311 9.913 12.698 9.913
Action.c(35):      25.839 0 34.263-13.814 44.779-33.703 12.164-23.231 23.259-36.405 45.923-36.405 21.626 0 2
Action.c(35):     6.358 12.679 26.358 44.127v23.79c0 7.738-0.534 10.52-7.387 13.222l-16.865 7.195c-67.55 27.
Action.c(35):     627-104.423 51.897-104.423 98.342 0 27.036 12.774 59.619 46.412 59.619 23.717 0 43.222-12.
Action.c(35):     726 65.886-28.699l14.239-9.993h3.678c9.493 24.382 25.366 38.691 44.886 38.691 25.808 0 56.
Action.c(35):     958-28.699
Action.c(35): t=8577ms: 4229-byte ENCODED response body received for "https://stage.peapod.com/shop/images/icons/PeapodIcons.json" (RelFrameId=1, Internal ID=3)
Action.c(35): t=8577ms: 12288-byte DECODED response body for "https://stage.peapod.com/shop/images/icons/PeapodIcons.json" (RelFrameId=1, Internal ID=3)
Action.c(35):      56.958-39.203l-0.015 0.032z",\n
Action.c(35):             "M4035.24 706.941c-35.454 0-55.074-17.254-55.074-50.638v-100.277c0-36.083 17.396-5
Action.c(35):     3.352 55.074-53.352 53.386 0 89.85 38.828 89.85 100.792 0 60.887-36.464 103.475-89.85 103.
Action.c(35):     475zM4070.631 466.030c-29.461 0-52.85 9.688-76.302 30.763l-7.097 6.427c-2.129 2.153-3.817 
Action.c(35):     2.699-4.889 2.699-1.64 0-2.792-1.076-2.792-3.744v-26.458c0-7.55-2.145-11.326-7.003-11.326-
Action.c(35):     6.009 0-18.516 15.101-47.992 29.64-17.979 9.188-31.007 9.688-31.007 18.299 0 8.642 10.898 
Action.c(35):     5.429 19.052 8.658 8.706 3.791 10.93 9.75 10.93 24.274v243.672c0 14.492-2.792 19.297-14.21
Action.c(35):      23.088-14.715 4.867-25.55 0-25.55 11.903 0 4.82 3.769 8.081 11.403 8.081 9.274 0 28.893-3
Action.c(35):     .822 56.635-3.822 23.421 0 44.144 3.822 61.587 3.822 9.258 0 13.69-3.822 13.69-8.081 0-11.
Action.c(35):     903-12.57-7.036-30.565-11.903-13.595-3.791-16.323-8.065-16.323-23.088v-76.612l3.832-1.607c
Action.c(35):     18.5 8.096 37.583 12.355 58.812 12.355 82.264 0 138.946-57.096 138.946-135.205 0-71.713-48
Action.c(35):     .45-121.836-111.125-121.836h-0.032z",\n
Action.c(35):             "M4692.404 631.086c0 36.757-2.773 51.959-42.006 51.959-59.224 0-95.294-37.274-95.2
Action.c(35):     94-98.674 0-67.784 37.691-112.401 84.496-112.401 46.322 0 52.804 25.706 52.804 78.775v80.3
Action.c(35):     4zM4775.825 661.018c-3.786 0-10.751 9.987-20.442 9.987-5.407 0-8.632-6.826-8.632-21.024v-2
Action.c(35):     71.485c0-13.681 2.213-25.751 2.213-35.709 0-6.856-2.213-9.987-8.149-9.987-4.316 0-18.853 1
Action.c(35):     0.459-48.987 18.88-18.837 5.26-30.632 5.777-30.632 13.666 0 5.214 9.13 4.758 19.897 9.455 
Action.c(35):     9.084 4.18 10.252 7.403 10.252 20.461v61.977c0 5.245-2.228 7.92-4.924 7.92h-1.574l-8.616-2
Action.c(35):     .675c-10.237-3.132-26.41-5.777-45.232-5.777-78.030 0-137.285 55.653-137.285 129.214 0 71.4
Action.c(35):     32 52.726 121.278 123.308 121.278 45.185 0 69.382-23.623 73.137-23.623 5.438 0 6.482 22.60
Action.c(35):     5 16.189 22.605 5.407 0 24.229-11.021 58.694-20.461 10.221-2.691 16.672-3.709 16.672-15.79
Action.c(35):     4 0-5.245-3.21-8.939-5.921-8.939l0.031 0.030z",\n
Action.c(35):             "M4835.871 358.885h-8.892v-9.152h9.877c2.307 0 3.979 0.438 5.055 1.279 1.063 0.83 
Action.c(35):     1.607 1.913 1.607 3.216 0 0.899-0.272 1.741-0.843 2.49-0.557 0.795-1.348 1.303-2.385 1.637
Action.c(35):     -1.089 0.369-2.567 0.542-4.433 0.542l0.013-0.012zM4841.51 363.127c-0.57-0.45-1.374-0.899-2
Action.c(35):     .502-1.395 3.046-0.346 5.185-1.187 6.637-2.559 1.465-1.326 2.139-2.985 2.139-4.956 0-1.533
Action.c(35):     -0.415-2.916-1.27-4.184-0.868-1.279-2.035-2.156-3.487-2.64-1.413-0.496-3.578-0.726-6.352-0
Action.c(35):     .726h-13.818v27.733h4.122v-12.368h4.809c1.024 0 1.841 0.069 2.281 0.161 0.687 0.138 1.296 
Action.c(35):     0.38 1.893 0.749 0.609 0.323 1.309 0.922 2.074 1.81 0.778 0.865 1.789 2.167 2.994 3.815l4.
Action.c(35):     148 5.833h5.107l-5.366-7.562c-1.076-1.51-2.23-2.743-3.409-3.735v0.023z",\n
Action.c(35):             "M4836.61 383.751c-12.652 0-22.988-10.424-22.988-23.217 0-12.819 10.348-23.204 22.
Action.c(35):     988-23.204 12.652 0 22.949 10.398 22.949 23.204 0 12.793-10.297 23.217-22.949 23.217zM4836
Action.c(35):     .61 332.8c-15.149 0-27.467 12.429-27.467 27.733s12.318 27.733 27.467 27.733c15.124 0 27.39
Action.c(35):     -12.429 27.39-27.733s-12.279-27.733-27.39-27.733z",\n
Action.c(35):             "M4480 596.251c0 76.624-61.411 138.683-137.167 138.683s-137.119-62.042-137.119-138
Action.c(35):     .683c0-76.561 61.348-138.651 137.119-138.651 75.755 0 137.167 62.090 137.167 138.651z"\n
Action.c(35):           ],\n
Action.c(35):           "attrs": [\n
Action.c(35):             {\n
Action.c(35):               "fill": "rgb(106, 34, 106)"\n
Action.c(35):             },\n
Action.c(35):             {\n
Action.c(35):               "fill": "rgb(106, 34, 106)"\n
Action.c(35):             },\n
Action.c(35):             {\n
Action.c(35):               "fill": "rgb(106, 34, 106)"\n
Action.c(35):             },\n
Action.c(35):             {\n
Action.c(35):               "fill": "rgb(106, 34, 106)"\n
Action.c(35):             },\n
Action.c(35):             {\n
Action.c(35):               "fill": "rgb(106, 34, 106)"\n
Action.c(35):             },\n
Action.c(35):             {\n
Action.c(35):               "fill": "rgb(106, 34, 106)"\n
Action.c(35):             },\n
Action.c(35):             {\n
Action.c(35):               "fill": "rgb(255, 255, 254)"\n
Action.c(35):             },\n
Action.c(35):             {\n
Action.c(35):               "fill": "rgb(242, 178, 41)"\n
Action.c(35):             },\n
Action.c(35):             {\n
Action.c(35):               "fill": "rgb(218, 50, 42)"\n
Action.c(35):             },\n
Action.c(35):             {\n
Action.c(35):               "fill": "rgb(106, 34, 106)"\n
Action.c(35):             },\n
Action.c(35):             {\n
Action.c(35):               "fill": "rgb(132, 191, 65)"\n
Action.c(35):             },\n
Action.c(35):             {\n
Action.c(35):               "fill": "rgb(189, 189, 189)"\n
Action.c(35):             },\n
Action.c(35):             {\n
Action.c(35):               "fill": "rgb(51, 51, 51)"\n
Action.c(35):             },\n
Action.c(35):             {\n
Action.c(35):               "fill": "rgb(51, 51, 51)"\n
Action.c(35):             },\n
Action.c(35):             {\n
Action.c(35):               "fill": "rgb(54, 54, 54)"\n
Action.c(35):             },\n
Action.c(35):             {\n
Action.c(35):               "fill": "rgb(51, 51, 51)"\n
Action.c(35):             },\n
Action.c(35):             {\n
Action.c(35):               "fill": "rgb(51, 51, 51)"\n
Action.c(35):             },\n
Action.c(35):             {\n
Action.c(35):               "fill": "rgb(54, 54, 54)"\n
Action.c(35):             },\n
Action.c(35):             {\n
Action.c(35):               "fill": "rgb(51, 51, 51)"\n
Action.c(35):             },\n
Action.c(35):             {\n
Action.c(35):               "fill": "rgb(94, 160, 0)"\n
Action.c(35):             }\n
Action.c(35):           ],\n
Action.c(35):           "width": 5005,\n
Action.c(35):           "isMulticolor": true,\n
Action.c(35):           "grid": 32,\n
Action.c(35):           "tags": [\n
Action.c(35):             "peapod-giant-landover-link-logo"\n
Action.c(35):           ],\n
Action.c(35):           "defaultCode": 59691\n
Action.c(35):         },\n
Action.c(35):         {\n
Action.c(35):           "paths": [\n
Action.c(35):             "M692.288 504.455l42.084-0.063v42.133l-42.084-42.070zM543.995 579.239h-76.432c-2.6
Action.c(35):     27-10.589-1.493-25.691 3.086-38.54 8.429-18.22 27.151-35.967 38.162-35.967l35.184-0.054v74
Action.c(35):     .561zM2171.673 369.747l-56.199-59.030h-481.532l-0.036 128.006-37.064-56.189-1.457-1.224c-9
Action.c(35):     .329-7.837-18.181-16.63-26.746-25.145-16.634-16.531-33.835-33.626-56.676-46.118-11.335-5.8
Action.c(35):     08-25.729-8.998-40.537-8.998-18.37 0-35.13 4.79-47.311 13.511-24.074 13.493-43.461 44.661-
Action.c(35):     46.241 74.552-1.727 18.488-1.898 28.443-1.277 34.171v197.009l-109.16-226.729-56.811-58.771
Action.c(35):     c-18.253-21.214-45.458-33.867-72.869-33.867-14.385 0-28.41 3.592-40.609 10.383-31.694 14.3
Action.c(35):     96-44.171 43.544-55.183 69.271-4.237 9.883-8.232 19.221-13.143 27.773l-87.012 195.302 0.06
Action.c(35):     3-231.733-60.599-61.693h-146.899v55.536l-52.601-52.596h-226.678c-50.154 0.188-80.381 15.89
Action.c(35):     7-112.885 41.185-59.114 45.993-86.742 132.197-67.175 209.617 18.766 74.284 82.756 129.963 
Action.c(35):     110.078 153.732l2.438 2.127c27.034 23.582 89.045 47.834 113.883 48.048l236.574-0.232-0.036
Action.c(35):     -52.57 52.988 52.587 150.588 0.045v-9.686l11.092 9.847 134.799-0.161c5.641-0.009 16.859-0.
Action.c(35):     018 18.712-10.044 1.475-3.467 5.83-13.064 10.912-24.127l34.564 34.323h286.062l-0.144-1.617
Action.c(35):     h132.227v-136.057l48.463 72.702 40.483 50.595c7.125 8.909 11.623 14.521 17.48 14.521 0.9 0
Action.c(35):      1.826-0.125 2.798-0.402 18.226-0.063 134.116 0.063 134.116 0.063l13.188 0.009-0.162-266.5
Action.c(35):     39h32.072v209.59l55.471 56.984 146.108-0.098-0.009-264.331 111.895 0.17v-133.698z",\n
Action.c(35):             "M2137.6 729.609c0 21.199-17.192 38.391-38.391 38.391-21.208 0-38.409-17.192-38.40
Action.c(35):     9-38.391 0-21.218 17.201-38.409 38.409-38.409 21.199 0 38.391 17.192 38.391 38.409z",\n
Action.c(35):             "M2099.208 699.814c-16.426 0-29.779 13.362-29.779 29.79 0 16.42 13.353 29.774 29.7
Action.c(35):     79 29.774 16.418 0 29.77-13.354 29.77-29.774 0-16.428-13.353-29.79-29.77-29.79zM2099.208 7
Action.c(35):     68c-21.182 0-38.408-17.228-38.408-38.396 0-21.185 17.226-38.404 38.408-38.404 21.166 0 38.
Action.c(35):     392 17.219 38.392 38.404 0 21.168-17.226 38.396-38.392 38.396z",\n
Action.c(35):             "M2099.005 720.9v-11.412h7.513c3.839 0 7.932 0.839 7.932 5.429 0 5.66-4.166 5.982-
Action.c(35):     8.85 5.982h-6.595zM2099.005 725.657h6.34l9.605 16.002h6.185l-10.351-16.26c5.348-0.664 9.42
Action.c(35):     4-3.54 9.424-10.158 0-7.273-4.248-10.472-12.844-10.472h-13.872v36.89h5.512v-16.002zM2105.7
Action.c(35):      755.2c17.192 0 31.9-13.541 31.9-32.069 0-18.362-14.708-31.931-31.9-31.931-17.401 0-32.1 1
Action.c(35):     3.569-32.1 31.931 0 18.528 14.699 32.069 32.1 32.069zM2079.958 723.131c0-15.163 11.27-26.5
Action.c(35):     75 25.742-26.575 14.272 0 25.533 11.412 25.533 26.575 0 15.403-11.261 26.741-25.533 26.741
Action.c(35):     -14.472 0-25.742-11.338-25.742-26.741z",\n
Action.c(35):             "M1185.53 586.899l-12.463-24.841-11.137 24.841h23.601zM1200.6 351.282l55.391 56.03
Action.c(35):     6 132.751 269.685v-248.108c-0.045 0-1.066-7.964 1.228-32.083 2.276-23.971 18.431-51.58 40.
Action.c(35):     069-63.043 19.336-14.005 53.428-14.327 74.404-3.821 32.122 17.19 53.097 45.209 80.631 67.8
Action.c(35):     13l59.933 88.877 0.045-154.618h460.831l48.509 49.83v112.395l-111.436-0.165v257.508l-126.85
Action.c(35):     6 0.078-47.685-47.916v-211.742h-58.177l0.17 259.614c0 0-136.228-0.113-136.183-0.035 0.009 
Action.c(35):     0.035-46.986-57.351-46.986-57.351l-72.325-106.11v162.112h-116.686l-21.629-18.792c0.332 6.6
Action.c(35):     85 4.91 13.056 5.564 20.376h-265.153l-43.922-42.667c0 0-20.16 42.51-19.667 42.51s-135.036 
Action.c(35):     0.157-135.036 0.157l-29.165-25.311v25.155l-131.434-0.044-48.68-47.237v-372.845h127.671l52.
Action.c(35):     765 52.537-0.081 280.895 111.194-244.286c18.682-31.831 24.577-72.905 62.604-89.468 32.122-
Action.c(35):     17.826 73.741-6.998 97.341 20.063z",\n
Action.c(35):             "M727.315 382.486v112.708l-215.999 0.322c-19.255-0.078-41.297 23.884-50.149 42.98-
Action.c(35):     5.564 14.971-7.858 35.66-1.962 50.631 0 0 1.676 4.491 4.256 4.456h96.042v-84.385h117.331l4
Action.c(35):     9.495 48.403 0.161 194.021-222.387 0.209c-20.232-0.165-79.314-21.821-104.877-43.624-25.572
Action.c(35):     -21.812-89.743-74.706-108.004-145.348-19.99-77.379 12.499-153.173 62.281-191.044 33.268-25
Action.c(35):     .311 60.31-37.253 104.384-37.41h220.264l49.164 48.081z",\n
Action.c(35):             "M1197.607 367.494l14.393 30.203 144.538 316.438c0.983 2.035-0.858 2.245-4.577 2.3
Action.c(35):     27h-235.456v-103.475h81.102l-61.479-147.11-98.436 250.922h-116.092c0 0 140.381-332.544 154
Action.c(35):     .515-351.815 15.296-23.277 45.95-36.554 72.77-30.878 19.614 4.006 38.915 16.023 48.722 33.
Action.c(35):     388z",\n
Action.c(35):             "M1532.406 369.367l118.564 181.761 0.036-208.256h448.194v104.962h-112.35v268.966h-
Action.c(35):     112.833l-0.161-272.651h-120.683c0.322 89.881 0.322 272.321 0.322 272.321h-119.7l-135.936-2
Action.c(35):     11.245 0.045 211.245h-102.694l-0.009-295.461c0.009-18.409 7.77-53.192 29.272-71.647 16.496
Action.c(35):     -14.164 44.722-23.057 73.261-10.69 12.759 6.042 27.475 17.611 34.672 30.694z",\n
Action.c(35):             "M678.4 447.539h-207.008c-26.659 0-61.14 37.809-65.79 72.953-4.478 30.92 23.135 95
Action.c(35):     .788 59.813 95.833h106.828v-87.874h104.83v188.348l-226.946-0.335c-62.802-5.629-125.267-60.
Action.c(35):     68-145.532-124.351-21.264-65.321-10.637-143.904 44.853-198.954 39.876-37.8 79.079-48.986 1
Action.c(35):     28.592-47.418h200.195l0.163 101.798z",\n
Action.c(35):             "M755.2 704h115.2v-371.2h-115.2z",\n
Action.c(35):             "M2661.286 598.932c4.783-1.040 8.686-3.927 11.123-7.762 2.413-3.794 3.386-8.51 2.3
Action.c(35):     54-13.253-1.040-4.767-3.91-8.652-7.721-11.081-3.802-2.438-8.535-3.427-13.286-2.388-19.751 
Action.c(35):     4.326-40.025-1.589-54.235-15.799-11.115-11.115-17.23-25.882-17.229-41.589l0-99.834c-0-15.7
Action.c(35):     24 6.123-30.5 17.229-41.606 22.937-22.937 60.258-22.937 83.195-0 11.115 11.115 17.23 25.88
Action.c(35):     2 17.229 41.589l0.008 47.363c-0 4.991 2.071 9.493 5.391 12.712 3.178 3.062 7.488 4.942 12.
Action.c(35):     255 4.934 4.876 0 9.293-1.972 12.479-5.158 3.195-3.195 5.175-7.604 5.158-12.479l-0.008-47.
Action.c(35):     363c0.017-25.142-9.775-48.778-27.553-66.557-36.697-36.697-96.415-36.697-133.112-0-17.779 1
Action.c(35):     7.779-27.571 41.414-27.562 66.564v99.834c-0.017 25.124 9.784 48.769 27.562 66.548 22.754 2
Action.c(35):     2.754 55.166 32.221 86.722 25.325zM2707.675 739.996c17.779-17.779 27.571-41.414 27.562-66.
Action.c(35):     564l0-99.834c0.017-25.125-9.784-48.769-27.554-66.539-22.754-22.754-55.175-32.229-86.73-25.
Action.c(35):     333-4.775 1.049-8.677 3.935-11.115 7.77-2.421 3.785-3.394 8.502-2.363 13.245 1.048 4.775 3
Action.c(35):     .918 8.661 7.729 11.090 3.802 2.438 8.536 3.428 13.278 2.379 19.751-4.31 40.034 1.597 54.2
Action.c(35):     43 15.807 11.115 11.115 17.23 25.882 17.23 41.589l0 99.834c-0.009 15.716-6.132 30.491-17.2
Action.c(35):     38 41.598-22.937 22.937-60.258 22.937-83.186 0.008-11.115-11.115-17.23-25.882-17.23-41.589
Action.c(35):     v-47.355c0-4.991-2.071-9.493-5.391-12.712-3.178-3.062-7.488-4.942-12.255-4.933-4.876 0-9.2
Action.c(35):     84 1.98-12.479 5.175s-5.175 7.604-5.166 12.471l0.008 47.363c-0.025 25.117 9.775 48.761 27.
Action.c(35):     554 66.539 36.689 36.689 96.406 36.689 133.103-0.008z",\n
Action.c(35):             "M3258.493 551.036c-20.764 0-36.496-5.801-36.496-20.030v-115.478c0-20.076 5.081-25
Action.c(35):     .862 32.534-25.862 34.759 0 63.949 33.236 63.949 79.112 0 42.716-25.083 82.257-60.004 82.2
Action.c(35):     57h0.016zM3262.438 374.415c-30.862 0-53.851 1.603-69.582 1.603h-12.923c-33.103 0-51.010-1.
Action.c(35):     603-54.386-1.603-8.962 0-13.507 2.595-13.507 7.328 0 9.511 11.251 6.336 29.239 9.511 15.13
Action.c(35):     1 2.611 16.803 7.359 16.803 24.259v237.871c0 25.343 0 32.671-20.764 36.411-14.579 2.595-26
Action.c(35):     .917-1.038-26.917 8.977 0 5.252 5.049 8.427 14.595 8.427 9.53 0 31.398-3.725 63.949-3.725 
Action.c(35):     35.343 0 57.195 3.725 66.157 3.725 9.562 0 14.611-3.175 14.611-8.427 0-10-12.355-6.382-26.
Action.c(35):     316-8.977-21.381-4.214-21.381-11.618-21.381-36.946v-79.204c0-6.916 1.721-11.175 6.721-10.7
Action.c(35):     33 3.831 0.351 23.118 12.717 64.338 6.305 49.289-7.664 91.613-45.587 91.613-97.799 0-63.26
Action.c(35):     5-41.48-97.020-122.231-97.020l-0.016 0.015z",\n
Action.c(35):             "M3449.107 559.502l1.43-9.014c6.978-29.148 15.62-63.497 64.607-63.497 38.917 0 43.
Action.c(35):     579 30.058 43.579 49.873 0 31.286-15.651 28.638-58.049 28.638h-43.564c-5.315 0-8.020-1.627
Action.c(35):     -8.020-4.419v-1.611l0.016 0.032zM3451.811 582.619h143.435c16.132 0 22.582-2.218 22.582-12.
Action.c(35):     109 0-45.182-37.145-99.043-103.198-99.043-77.289 0-129.945 52.92-129.945 131.797 0 79.308 
Action.c(35):     48.351 131.67 122.407 131.67 38.699 0 67.731-12.652 91.899-34.732 11.796-10.434 17.236-19.
Action.c(35):     257 17.236-24.777 0-4.371-1.616-6.079-5.44-6.079-4.258 0-26.825 32.036-76.777 32.036-56.86
Action.c(35):     8 0-89.738-48.804-89.738-105.218v-4.675c0-7.77 1.057-8.823 7.538-8.823v-0.048z",\n
Action.c(35):             "M3761.804 651.012c0 27.563-23.183 48.556-45.893 48.556-24.969 0-30.097-20.625-30.
Action.c(35):     097-43.871 0-23.774 18.543-48.875 43.8
Action.c(35): t=8614ms: 5969-byte DECODED response body for "https://stage.peapod.com/shop/images/icons/PeapodIcons.json" (RelFrameId=1, Internal ID=3)
Action.c(35):     63-59.348l22.115-8.857c3.129-1.663 5.8-2.206 6.822-2.206 1.603 0 3.19 2.206 3.19 6.667v59.
Action.c(35):     060zM3864.67 695.763c0-5.020-2.686-8.33-7.402-8.33-7.89 0-15.827 12.135-25.854 12.135-13.1
Action.c(35):     71 0-16.3-12.71-16.3-36.437v-128.128c0-45.87-10.577-63.536-63.811-63.536-70.678 0-119.761 
Action.c(35):     44.191-119.761 77.366 0 5.5 5.311 9.913 12.698 9.913 25.839 0 34.263-13.814 44.779-33.703 
Action.c(35):     12.164-23.231 23.259-36.405 45.923-36.405 21.626 0 26.358 12.679 26.358 44.127v23.79c0 7.7
Action.c(35):     38-0.534 10.52-7.387 13.222l-16.865 7.195c-67.55 27.627-104.423 51.897-104.423 98.342 0 27
Action.c(35):     .036 12.774 59.619 46.412 59.619 23.717 0 43.222-12.726 65.886-28.699l14.239-9.993h3.678c9
Action.c(35):     .493 24.382 25.366 38.691 44.886 38.691 25.808 0 56.958-28.699 56.958-39.203l-0.015 0.032z
Action.c(35):     ",\n
Action.c(35):             "M4009.64 706.941c-35.454 0-55.074-17.254-55.074-50.638v-100.277c0-36.083 17.396-5
Action.c(35):     3.352 55.074-53.352 53.386 0 89.85 38.828 89.85 100.792 0 60.887-36.464 103.475-89.85 103.
Action.c(35):     475zM4045.031 466.030c-29.461 0-52.85 9.688-76.302 30.763l-7.097 6.427c-2.129 2.153-3.817 
Action.c(35):     2.699-4.889 2.699-1.64 0-2.792-1.076-2.792-3.744v-26.458c0-7.55-2.145-11.326-7.003-11.326-
Action.c(35):     6.009 0-18.516 15.101-47.992 29.64-17.979 9.188-31.007 9.688-31.007 18.299 0 8.642 10.898 
Action.c(35):     5.429 19.052 8.658 8.706 3.791 10.93 9.75 10.93 24.274v243.672c0 14.492-2.792 19.297-14.21
Action.c(35):      23.088-14.715 4.867-25.55 0-25.55 11.903 0 4.82 3.769 8.081 11.403 8.081 9.274 0 28.893-3
Action.c(35):     .822 56.635-3.822 23.421 0 44.144 3.822 61.587 3.822 9.258 0 13.69-3.822 13.69-8.081 0-11.
Action.c(35):     903-12.57-7.036-30.565-11.903-13.595-3.791-16.323-8.065-16.323-23.088v-76.612l3.832-1.607c
Action.c(35):     18.5 8.096 37.583 12.355 58.812 12.355 82.264 0 138.946-57.096 138.946-135.205 0-71.713-48
Action.c(35):     .45-121.836-111.125-121.836h-0.032z",\n
Action.c(35):             "M4666.804 631.086c0 36.757-2.773 51.959-42.006 51.959-59.224 0-95.294-37.274-95.2
Action.c(35):     94-98.674 0-67.784 37.691-112.401 84.496-112.401 46.322 0 52.804 25.706 52.804 78.775v80.3
Action.c(35):     4zM4750.225 661.018c-3.786 0-10.751 9.987-20.442 9.987-5.407 0-8.632-6.826-8.632-21.024v-2
Action.c(35):     71.485c0-13.681 2.213-25.751 2.213-35.709 0-6.856-2.213-9.987-8.149-9.987-4.316 0-18.853 1
Action.c(35):     0.459-48.987 18.88-18.837 5.26-30.632 5.777-30.632 13.666 0 5.214 9.13 4.758 19.897 9.455 
Action.c(35):     9.084 4.18 10.252 7.403 10.252 20.461v61.977c0 5.245-2.228 7.92-4.924 7.92h-1.574l-8.616-2
Action.c(35):     .675c-10.237-3.132-26.41-5.777-45.232-5.777-78.030 0-137.285 55.653-137.285 129.214 0 71.4
Action.c(35):     32 52.726 121.278 123.308 121.278 45.185 0 69.382-23.623 73.137-23.623 5.438 0 6.482 22.60
Action.c(35):     5 16.189 22.605 5.407 0 24.229-11.021 58.694-20.461 10.221-2.691 16.672-3.709 16.672-15.79
Action.c(35):     4 0-5.245-3.21-8.939-5.921-8.939l0.031 0.030z",\n
Action.c(35):             "M4810.271 358.885h-8.892v-9.152h9.877c2.307 0 3.979 0.438 5.055 1.279 1.063 0.83 
Action.c(35):     1.607 1.913 1.607 3.216 0 0.899-0.272 1.741-0.843 2.49-0.557 0.795-1.348 1.303-2.385 1.637
Action.c(35):     -1.089 0.369-2.567 0.542-4.433 0.542l0.013-0.012zM4815.91 363.127c-0.57-0.45-1.374-0.899-2
Action.c(35):     .502-1.395 3.046-0.346 5.185-1.187 6.637-2.559 1.465-1.326 2.139-2.985 2.139-4.956 0-1.533
Action.c(35):     -0.415-2.916-1.27-4.184-0.868-1.279-2.035-2.156-3.487-2.64-1.413-0.496-3.578-0.726-6.352-0
Action.c(35):     .726h-13.818v27.733h4.122v-12.368h4.809c1.024 0 1.841 0.069 2.281 0.161 0.687 0.138 1.296 
Action.c(35):     0.38 1.893 0.749 0.609 0.323 1.309 0.922 2.074 1.81 0.778 0.865 1.789 2.167 2.994 3.815l4.
Action.c(35):     148 5.833h5.107l-5.366-7.562c-1.076-1.51-2.23-2.743-3.409-3.735v0.023z",\n
Action.c(35):             "M4811.010 383.751c-12.652 0-22.988-10.424-22.988-23.217 0-12.819 10.348-23.204 22
Action.c(35):     .988-23.204 12.652 0 22.949 10.398 22.949 23.204 0 12.793-10.297 23.217-22.949 23.217zM481
Action.c(35):     1.010 332.8c-15.149 0-27.467 12.429-27.467 27.733s12.318 27.733 27.467 27.733c15.124 0 27.
Action.c(35):     39-12.429 27.39-27.733s-12.279-27.733-27.39-27.733z",\n
Action.c(35):             "M4454.4 596.251c0 76.624-61.411 138.683-137.167 138.683s-137.119-62.042-137.119-1
Action.c(35):     38.683c0-76.561 61.348-138.651 137.119-138.651 75.755 0 137.167 62.090 137.167 138.651z"\n
Action.c(35):           ],\n
Action.c(35):           "attrs": [\n
Action.c(35):             {\n
Action.c(35):               "fill": "rgb(255, 255, 254)"\n
Action.c(35):             },\n
Action.c(35):             {\n
Action.c(35):               "fill": "rgb(255, 255, 254)"\n
Action.c(35):             },\n
Action.c(35):             {\n
Action.c(35):               "fill": "rgb(255, 255, 254)"\n
Action.c(35):             },\n
Action.c(35):             {\n
Action.c(35):               "fill": "rgb(26, 25, 25)"\n
Action.c(35):             },\n
Action.c(35):             {\n
Action.c(35):               "fill": "rgb(26, 25, 25)"\n
Action.c(35):             },\n
Action.c(35):             {\n
Action.c(35):               "fill": "rgb(26, 25, 25)"\n
Action.c(35):             },\n
Action.c(35):             {\n
Action.c(35):               "fill": "rgb(215, 35, 49)"\n
Action.c(35):             },\n
Action.c(35):             {\n
Action.c(35):               "fill": "rgb(215, 35, 49)"\n
Action.c(35):             },\n
Action.c(35):             {\n
Action.c(35):               "fill": "rgb(215, 35, 49)"\n
Action.c(35):             },\n
Action.c(35):             {\n
Action.c(35):               "fill": "rgb(215, 35, 49)"\n
Action.c(35):             },\n
Action.c(35):             {\n
Action.c(35):               "fill": "rgb(189, 189, 189)"\n
Action.c(35):             },\n
Action.c(35):             {\n
Action.c(35):               "fill": "rgb(51, 51, 51)"\n
Action.c(35):             },\n
Action.c(35):             {\n
Action.c(35):               "fill": "rgb(51, 51, 51)"\n
Action.c(35):             },\n
Action.c(35):             {\n
Action.c(35):               "fill": "rgb(54, 54, 54)"\n
Action.c(35):             },\n
Action.c(35):             {\n
Action.c(35):               "fill": "rgb(51, 51, 51)"\n
Action.c(35):             },\n
Action.c(35):             {\n
Action.c(35):               "fill": "rgb(51, 51, 51)"\n
Action.c(35):             },\n
Action.c(35):             {\n
Action.c(35):               "fill": "rgb(54, 54, 54)"\n
Action.c(35):             },\n
Action.c(35):             {\n
Action.c(35):               "fill": "rgb(51, 51, 51)"\n
Action.c(35):             },\n
Action.c(35):             {\n
Action.c(35):               "fill": "rgb(94, 160, 0)"\n
Action.c(35):             }\n
Action.c(35):           ],\n
Action.c(35):           "width": 5005,\n
Action.c(35):           "isMulticolor": true,\n
Action.c(35):           "grid": 32,\n
Action.c(35):           "tags": [\n
Action.c(35):             "peapod-giant-carlisle-link-logo"\n
Action.c(35):           ],\n
Action.c(35):           "defaultCode": 59711\n
Action.c(35):         },\n
Action.c(35):         {\n
Action.c(35):           "paths": [\n
Action.c(35):             "M857.6 635.254c18.484 13.105 39.981 22.448 62.429 22.448 32.701 0 45.266-21.071 4
Action.c(35):     5.266-37.674 0-24.166-20.156-32.478-36.363-39.393l-14.856-6.237c-13.862-6.548-29.406-13.78
Action.c(35):     9-40.976-27.991-5.929-7.231-14.193-20.693-14.193-40.397 0-36.593 29.079-70.81 82.917-70.81
Action.c(35):      29.401 0 49.884 9.332 57.49 12.748v41.091c-7.606-6.186-25.783-20.693-54.842-20.693-29.722
Action.c(35):      0-40.634 18.643-40.634 33.87 0 22.070 21.156 31.754 38.299 39.015l16.543 7.277c13.545 6.5
Action.c(35):     53 28.752 13.835 39.328 27.975 7.24 9.332 13.194 23.503 13.194 40.403 0 41.152-33.033 74.3
Action.c(35):     14-87.87 74.314-14.856 0-38.313-2.432-65.73-13.804v-42.141z",\n
Action.c(35):             "M1114.49 675.966c-5.078 1.081-11.61 2.434-21.428 2.434-10.167 0-24.721-1.353-35.9
Action.c(35):     71-13.007-10.918-11.644-10.918-23.626-10.537-38.689l0.756-92.707h-23.283l-0.027-29.105h24.
Action.c(35):     029v-31.776l42.138-12.316v44.092h40.309v29.105h-41.060l-0.697 73.919c0 18.451 0 25.671 4.3
Action.c(35):     44 31.821 3.276 4.418 10.178 9.246 22.195 9.246 
Action.c(35): t=8633ms: 12280-byte ENCODED response body received for "https://stage.peapod.com/shop/images/icons/PeapodIcons.json" (RelFrameId=1, Internal ID=3)
Action.c(35): t=8633ms: 12288-byte DECODED response body for "https://stage.peapod.com/shop/images/icons/PeapodIcons.json" (RelFrameId=1, Internal ID=3)
Action.c(35):     7.99 0 16.307-2.080 23.943-4.449l-24.71 31.433z",\n
Action.c(35):             "M1222.383 528.257c-13.502 0.332-24.333 6.214-31.771 19.356-7.447 12.427-9.134 26.
Action.c(35):     999-9.134 41.54 0 13.489 1.687 29.368 9.494 41.795 7.762 12.494 19.656 18.049 31.776 18.04
Action.c(35):     9 28.077 0 40.885-29.092 40.885-60.896 0-31.502-11.475-59.844-40.556-59.844h-0.694zM1222.0
Action.c(35):     83 678.4c-54.801 0-82.883-39.094-82.883-87.9 0-51.185 31.806-91.3 84.89-91.3 48.347 0 81.5
Action.c(35):     1 34.571 81.51 88.186 0 50.516-28.416 91.014-83.517 91.014z",\n
Action.c(35):             "M1588.86 518.472c-1.205-14.083-11.221-21.754-22.923-20.668-13.817 1.253-21.592 13
Action.c(35):     .889-20.453 27.086 0.946 10.979 10.983 19.457 19.086 26.75 24.153-9.102 25.145-22.744 24.2
Action.c(35):     89-33.168zM1553.456 583.492c-10.644 4.32-23.044 16.007-21.465 34.416 1.321 15.698 14.222 3
Action.c(35):     5.323 43.74 32.638 11.52-1.022 23.606-7.933 36.274-18.214l-58.549-48.839zM1644.479 659.228
Action.c(35):     l-33.445-26.965c0 0 26.359 9.988 21.202 15.624-5.213 5.678-9.814 11.089-20.686 18.020-15.8
Action.c(35):     42 10.135-28.105 12.237-42.844 12.473-39.21 0.724-68.014-19.048-70.879-53.191-1.174-13.742
Action.c(35):      2.252-27.143 9.1-37.724 8.594-12.442 20.098-18.76 28.030-23.111-5.269-5.327-19.704-19.656
Action.c(35):     -21.156-36.974-2.475-28.91 17.973-50.606 49.849-53.506 29.735-2.726 53.523 15.095 55.801 4
Action.c(35):     1.761 0.901 10.743-1.868 22.131-8.113 31.548-8.053 12.153-14.48 17.701-24.228 22.739l76.89
Action.c(35):     1 63.667-19.521 25.639z",\n
Action.c(35):             "M1676.8 635.23c18.503 13.12 39.994 22.442 62.426 22.442 32.712 0 45.248-21.075 45
Action.c(35):     .248-37.658 0-24.191-20.136-32.498-36.338-39.387l-14.852-6.226c-13.867-6.568-29.378-13.829
Action.c(35):     -40.954-27.939-5.952-7.272-14.214-20.805-14.214-40.458 0-36.603 29.085-70.804 82.922-70.80
Action.c(35):     4 29.407 0 49.835 9.311 57.454 12.748v41.116c-7.619-6.226-25.761-20.708-54.836-20.708-29.7
Action.c(35):     14 0-40.603 18.648-40.603 33.834 0 22.1 21.116 31.809 38.298 39.071l16.5 7.241c13.541 6.54
Action.c(35):     2 28.788 13.814 39.331 28 7.248 9.322 13.219 23.498 13.219 40.386 0 41.126-33.053 74.312-8
Action.c(35):     7.889 74.312-14.823 0-38.264-2.432-65.711-13.834v-42.135z",\n
Action.c(35):             "M1996.8 678.4h-38.282v-86.122c-0.324-26.863-0.324-40.285-11.121-49.955-4.261-3.78
Action.c(35):     8-11.464-7.25-22.281-7.25-10.464 0-19.455 2.974-30.171 10.519v132.808h-38.944v-243.2h38.94
Action.c(35):     4v105.044l-9.063-19.436c0 0 14.122-7.682 22.33-10.737 6.851-2.552 20.513-5.958 32.292-5.95
Action.c(35):     8 9.846 0 27.19 1.368 40.587 14.098 15.078 14.499 15.387 32.014 15.711 46.818v113.372z",\n
Action.c(35):             "M2118.412 528.257c-13.523 0.332-24.355 6.214-31.772 19.356-7.428 12.427-9.105 26.
Action.c(35):     999-9.105 41.54 0 13.489 1.677 29.368 9.414 41.795 7.802 12.494 19.658 18.049 31.787 18.04
Action.c(35):     9 28.084 0 40.962-29.092 40.962-60.896 0-31.502-11.531-59.844-40.573-59.844h-0.714zM2118.0
Action.c(35):     73 678.4c-54.764 0-82.873-39.094-82.873-87.9 0-51.185 31.802-91.3 84.925-91.3 48.37 0 81.4
Action.c(35):     75 34.571 81.475 88.186 0 50.516-28.378 91.014-83.527 91.014z",\n
Action.c(35):             "M2268.016 634.578c4.121 2.706 15.585 10.206 33.545 10.206 33.202 0 49.492-26.899 
Action.c(35):     49.492-59.898 0-17.33-4.831-30.955-11.765-39.465-6.567-8.148-18.685-16.657-37.727-16.657-1
Action.c(35):     1.745 0-23.168 3.067-33.545 8.168v97.645zM2266.837 511.379c4.402-2.129 17.091-6.697 20.824
Action.c(35):     -8.053 3.038-1.079 13.542-4.127 26.717-4.127 50.176 0 79.222 34.319 79.222 84.678 0 55.103
Action.c(35):     -34.239 91.526-83.031 91.526-20.395 0-33.57-6.481-42.552-10.919v77.916h-40.816v-239.159h40
Action.c(35):     .816v28.199c0 0-5.576-17.963-1.18-20.061z",\n
Action.c(35):             "M1372.043 634.578c4.146 2.706 15.52 10.206 33.527 10.206 33.205 0 49.466-26.899 4
Action.c(35):     9.466-59.898 0-17.33-4.845-30.955-11.732-39.465-6.601-8.148-18.706-16.657-37.734-16.657-11
Action.c(35):     .742 0-23.148 3.067-33.527 8.168v97.645zM1370.843 511.379c4.421-2.129 17.078-6.697 20.82-8
Action.c(35):     .053 3.027-1.079 13.565-4.127 26.722-4.127 50.155 0 79.215 34.319 79.215 84.678 0 55.103-3
Action.c(35):     4.252 91.526-83.014 91.526-20.406 0-33.548-6.481-42.543-10.919v77.916h-40.843v-239.159h40.
Action.c(35):     843v28.199c0 0-5.596-17.963-1.2-20.061z",\n
Action.c(35):             "M2411.529 515.673h4.957c3.148 0 5.492-0.472 5.492-3.945 0-3.057-3.208-3.534-5.752
Action.c(35):     -3.534h-4.697v7.478zM2405.973 503.778h10.579c7.036 0 10.984 2.246 10.984 8.421 0 5.237-3.2
Action.c(35):     08 7.276-7.366 7.615l7.506 12.442h-5.827l-6.826-12.163h-3.493v12.163h-5.557v-28.479zM2415.
Action.c(35):     952 538.098c10.384 0 18.884-8.427 18.884-20.047 0-11.555-8.5-19.915-18.884-19.915-10.509 0
Action.c(35):     -18.879 8.361-18.879 19.915 0 11.621 8.37 20.047 18.879 20.047zM2415.952 492.7c13.602 0 25
Action.c(35):     .725 9.927 25.725 25.351 0 15.499-12.123 25.493-25.725 25.493s-25.72-9.993-25.72-25.493c0-
Action.c(35):     15.423 12.118-25.351 25.72-25.351z",\n
Action.c(35):             "M740.257 262.232c0.045 0.015 0.090 0.030 0.135 0.046 0.215 0.081 0.44 0.132 0.66 
Action.c(35):     0.208-0.265-0.101-0.54-0.152-0.795-0.254zM719.649 552.309c-1.064-0.112-2.154-0.183-3.253-0
Action.c(35):     .183h-183.258l222.165-225.352c0.020-0.010 0.030-0.030 0.055-0.030 7.261-7.362 11.263-17.14
Action.c(35):     2 11.263-27.556 0.010-10.404-3.998-20.194-11.253-27.551-3.923-3.945-8.4-6.875-13.397-8.807
Action.c(35):     -0.525-0.208-1.049-0.375-1.579-0.553-66.251-23.003-140.918-5.506-190.399 44.729-3.148 3.17
Action.c(35):     9-6.146 6.48-9.025 9.856l-0.010-211.521v-0.086c-0.010-22.699-18.229-41.159-40.601-41.159-5
Action.c(35):     .702 0-11.218 1.181-16.43 3.509-0.42 0.203-0.84 0.416-1.259 0.629-0.165 0.086-0.335 0.172-
Action.c(35):     0.51 0.259-0.125 0.056-0.23 0.112-0.34 0.177-79.259 39.557-130.409 122.799-130.409 212.469
Action.c(35):      0 12.285 0.999 24.453 2.858 36.404l-154.35-156.616c-0.025-0.020-0.040-0.051-0.065-0.066-1
Action.c(35):     7.040-17.269-44.744-17.269-61.774 0.015-4.322 4.37-7.641 9.542-9.844 15.327-0.215 0.568-0.
Action.c(35):     39 1.12-0.565 1.693 0.070-0.218 0.115-0.426 0.195-0.654-18.299 53.576-21.607 111.188-9.584
Action.c(35):      166.65 12.363 57.003 40.506 109.048 81.347 150.497 23.316 23.642 50.041 43.086 79.124 57.
Action.c(35):     769h-179.85c-26.305 0-47.702 21.7-47.702 48.389 0 6.789 1.359 13.345 4.053 19.535 0.225 0.
Action.c(35):     543 0.495 1.044 0.76 1.572-0.090-0.188-0.2-0.35-0.285-0.532 31.582 66.033 80.553 121.856 1
Action.c(35):     41.612 161.468 62.768 40.698 135.476 62.21 210.287 62.21 74.806 0 147.509-21.502 210.267-6
Action.c(35):     2.21 61.074-39.593 110.046-95.42 141.617-161.443-0.305 0.634-0.64 1.268-0.984 1.896 0.545-
Action.c(35):     0.973 1.054-2.003 1.499-3.022 2.688-6.216 4.068-12.767 4.068-19.485 0-25.559-19.659-46.508
Action.c(35):     -44.444-48.227zM482.543 68.294c0.045-0.020 0.085-0.041 0.125-0.061 0.090-0.046 0.18-0.091 
Action.c(35):     0.27-0.137-0.125 0.051-0.255 0.127-0.395 0.198z",\n
Action.c(35):             "M90.963 610.821c-0.871-1.923-1.363-4.069-1.363-6.325 0-8.658 7.169-15.663 16.011-
Action.c(35):     15.663l607.944-0.019c8.856 0 16.045 7.005 16.045 15.672 0 2.237-0.507 4.382-1.373 6.301l-0
Action.c(35):     .020 0.034c-57.351 115.771-178.468 195.579-318.617 195.579s-261.286-79.818-318.627-195.579
Action.c(35):     z",\n
Action.c(35):             "M155.897 199.896c0.601-1.562 1.516-3.022 2.77-4.265 4.847-4.847 12.671-4.836 17.4
Action.c(35):     97 0l0.025 0.020 332.179 332.19c4.827 4.826 4.852 12.665 0.025 17.501-1.238 1.253-2.724 2.
Action.c(35):     158-4.271 2.764l-0.020 0.010c-95.881 33.228-206.59 11.558-283.18-65.036-76.599-76.569-98.2
Action.c(35):     76-187.285-65.026-283.184z",\n
Action.c(35):             "M499.011 103.203c1.136-0.524 2.404-0.803 3.727-0.803 5.111 0 9.242 4.168 9.247 9.
Action.c(35):     292h-0.005l0.020 352.652-0.015-0.030c0 5.098-4.126 9.287-9.242 9.287-1.323 0-2.576-0.29-3.
Action.c(35):     727-0.808-68.093-33.258-115.016-103.525-115.016-184.787 0-81.323 46.943-151.559 115.011-18
Action.c(35):     4.802z",\n
Action.c(35):             "M725.241 290.436c0.852 0.356 1.665 0.89 2.364 1.638 2.665 2.837 2.655 7.411 0 10.
Action.c(35):     252h-0.020l-183.272 194.752c-2.684 2.821-6.994 2.831-9.649 0.016-0.694-0.743-1.192-1.617-1
Action.c(35):     .522-2.512l-0.010-0.031c-18.357-56.212-6.378-121.092 35.877-166 42.231-44.893 103.321-57.5
Action.c(35):     78 156.231-38.115z",\n
Action.c(35):             "M2827.686 598.932c4.783-1.040 8.686-3.927 11.123-7.762 2.413-3.794 3.386-8.51 2.3
Action.c(35):     54-13.253-1.040-4.767-3.91-8.652-7.721-11.081-3.802-2.438-8.535-3.427-13.286-2.388-19.751 
Action.c(35):     4.326-40.025-1.589-54.235-15.799-11.115-11.115-17.23-25.882-17.229-41.589l0-99.834c-0-15.7
Action.c(35):     24 6.123-30.5 17.229-41.606 22.937-22.937 60.258-22.937 83.195-0 11.115 11.115 17.23 25.88
Action.c(35):     2 17.229 41.589l0.008 47.363c-0 4.991 2.071 9.493 5.391 12.712 3.178 3.062 7.488 4.942 12.
Action.c(35):     255 4.934 4.876 0 9.293-1.972 12.479-5.158 3.195-3.195 5.175-7.604 5.158-12.479l-0.008-47.
Action.c(35):     363c0.017-25.142-9.775-48.778-27.553-66.557-36.697-36.697-96.415-36.697-133.112-0-17.779 1
Action.c(35):     7.779-27.571 41.414-27.562 66.564v99.834c-0.017 25.124 9.784 48.769 27.562 66.548 22.754 2
Action.c(35):     2.754 55.166 32.221 86.722 25.325zM2874.075 739.996c17.779-17.779 27.571-41.414 27.562-66.
Action.c(35):     564l0-99.834c0.017-25.125-9.784-48.769-27.554-66.539-22.754-22.754-55.175-32.229-86.73-25.
Action.c(35):     333-4.775 1.049-8.677 3.935-11.115 7.77-2.421 3.785-3.394 8.502-2.363 13.245 1.048 4.775 3
Action.c(35):     .918 8.661 7.729 11.090 3.802 2.438 8.536 3.428 13.278 2.379 19.751-4.31 40.034 1.597 54.2
Action.c(35):     43 15.807 11.115 11.115 17.23 25.882 17.23 41.589l0 99.834c-0.009 15.716-6.132 30.491-17.2
Action.c(35):     38 41.598-22.937 22.937-60.258 22.937-83.186 0.008-11.115-11.115-17.23-25.882-17.23-41.589
Action.c(35):     v-47.355c0-4.991-2.071-9.493-5.391-12.712-3.178-3.062-7.488-4.942-12.255-4.933-4.876 0-9.2
Action.c(35):     84 1.98-12.479 5.175s-5.175 7.604-5.166 12.471l0.008 47.363c-0.025 25.117 9.775 48.761 27.
Action.c(35):     554 66.539 36.689 36.689 96.406 36.689 133.103-0.008z",\n
Action.c(35):             "M3373.693 551.036c-20.764 0-36.496-5.801-36.496-20.030v-115.478c0-20.076 5.081-25
Action.c(35):     .862 32.534-25.862 34.759 0 63.949 33.236 63.949 79.112 0 42.716-25.083 82.257-60.004 82.2
Action.c(35):     57h0.016zM3377.638 374.415c-30.862 0-53.851 1.603-69.582 1.603h-12.923c-33.103 0-51.010-1.
Action.c(35):     603-54.386-1.603-8.962 0-13.507 2.595-13.507 7.328 0 9.511 11.251 6.336 29.239 9.511 15.13
Action.c(35):     1 2.611 16.803 7.359 16.803 24.259v237.871c0 25.343 0 32.671-20.764 36.411-14.579 2.595-26
Action.c(35):     .917-1.038-26.917 8.977 0 5.252 5.049 8.427 14.595 8.427 9.53 0 31.398-3.725 63.949-3.725 
Action.c(35):     35.343 0 57.195 3.725 66.157 3.725 9.562 0 14.611-3.175 14.611-8.427 0-10-12.355-6.382-26.
Action.c(35):     316-8.977-21.381-4.214-21.381-11.618-21.381-36.946v-79.204c0-6.916 1.721-11.175 6.721-10.7
Action.c(35):     33 3.831 0.351 23.118 12.717 64.338 6.305 49.289-7.664 91.613-45.587 91.613-97.799 0-63.26
Action.c(35):     5-41.48-97.020-122.231-97.020l-0.016 0.015z",\n
Action.c(35):             "M3564.307 559.502l1.43-9.014c6.978-29.148 15.62-63.497 64.607-63.497 38.917 0 43.
Action.c(35):     579 30.058 43.579 49.873 0 31.286-15.651 28.638-58.049 28.638h-43.564c-5.315 0-8.020-1.627
Action.c(35):     -8.020-4.419v-1.611l0.016 0.032zM3567.011 582.619h143.435c16.132 0 22.582-2.218 22.582-12.
Action.c(35):     109 0-45.182-37.145-99.043-103.198-99.043-77.289 0-129.945 52.92-129.945 131.797 0 79.308 
Action.c(35):     48.351 131.67 122.407 131.67 38.699 0 67.731-12.652 91.899-34.732 11.796-10.434 17.236-19.
Action.c(35):     257 17.236-24.777 0-4.371-1.616-6.079-5.44-6.079-4.258 0-26.825 32.036-76.777 32.036-56.86
Action.c(35):     8 0-89.738-48.804-89.738-105.218v-4.675c0-7.77 1.057-8.823 7.538-8.823v-0.048z",\n
Action.c(35):             "M3877.004 651.012c0 27.563-23.183 48.556-45.893 48.556-24.969 0-30.097-20.625-30.
Action.c(35):     097-43.871 0-23.774 18.543-48.875 43.863-59.348l22.115-8.857c3.129-1.663 5.8-2.206 6.822-2
Action.c(35):     .206 1.603 0 3.19 2.206 3.19 6.667v59.060zM3979.87 695.763c0-5.020-2.686-8.33-7.402-8.33-7
Action.c(35):     .89 0-15.827 12.135-25.854 12.135-13.171 0-16.3-12.71-16.3-36.437v-128.128c0-45.87-10.577-
Action.c(35):     63.536-63.811-63.536-70.678 0-119.761 44.191-119.761 77.366 0 5.5 5.311 9.913 12.698 9.913
Action.c(35):      25.839 0 34.263-13.814 44.779-33.703 12.164-23.231 23.259-36.405 45.923-36.405 21.626 0 2
Action.c(35):     6.358 12.679 26.358 44.127v23.79c0 7.738-0.534 10.52-7.387 13.222l-16.865 7.195c-67.55 27.
Action.c(35):     627-104.423 51.897-104.423 98.342 0 27.036 12.774 59.619 46.412 59.619 23.717 0 43.222-12.
Action.c(35):     726 65.886-28.699l14.239-9.993h3.678c9.493 24.382 25.366 38.691 44.886 38.691 25.808 0 56.
Action.c(35):     958-28.699 56.958-39.203l-0.015 0.032z",\n
Action.c(35):             "M4124.84 706.941c-35.454 0-55.074-17.254-55.074-50.638v-100.277c0-36.083 17.396-5
Action.c(35):     3.352 55.074-53.352 53.386 0 89.85 38.828 89.85 100.792 0 60.887-36.464 103.475-89.85 103.
Action.c(35):     475zM4160.231 466.030c-29.461 0-52.85 9.688-76.302 30.763l-7.097 6.427c-2.129 2.153-3.817 
Action.c(35):     2.699-4.889 2.699-1.64 0-2.792-1.076-2.792-3.744v-26.458c0-7.55-2.145-11.326-7.003-11.326-
Action.c(35):     6.009 0-18.516 15.101-47.992 29.64-17.979 9.188-31.007 9.688-31.007 18.299 0 8.642 10.898 
Action.c(35):     5.429 19.052 8.658 8.706 3.791 10.93 9.75 10.93 24.274v243.672c0 14.492-2.792 19.297-14.21
Action.c(35):      23.088-14.715 4.867-25.55 0-25.55 11.903 0 4.82 3.769 8.081 11.403 8.081 9.274 0 28.893-3
Action.c(35):     .822 56.635-3.822 23.421 0 44.144 3.822 61.587 3.822 9.258 0 13.69-3.822 13.69-8.081 0-11.
Action.c(35):     903-12.57-7.036-30.565-11.903-13.595-3.791-16.323-8.065-16.323-23.088v-76.612l3.832-1.607c
Action.c(35):     18.5 8.096 37.583 12.355 58.812 12.355 82.264 0 138.946-57.096 138.946-135.205 0-71.713-48
Action.c(35):     .45-121.836-111.125-121.836h-0.032z",\n
Action.c(35):             "M4782.004 631.086c0 36.757-2.773 51.959-42.006 51.959-59.224 0-95.294-37.274-95.2
Action.c(35):     94-98.674 0-67.784 37.691-112.401 84.496-112.401 46.322 0 52.804 25.706 52.804 78.775v80.3
Action.c(35):     4zM4865.425 661.018c-3.786 0-10.751 9.987-20.442 9.987-5.407 0-8.632-6.826-8.632-21.024v-2
Action.c(35):     71.485c0-13.681 2.213-25.751 2.213-35.709 0-6.856-2.213-9.987-8.149-9.987-4.316 0-18.853 1
Action.c(35):     0.459-48.987 18.88-18.837 5.26-30.632 5.777-30.632 13.666 0 5.214 9.13 4.758 19.897 9.455 
Action.c(35):     9.084 4.1
Action.c(35): t=8661ms: 12288-byte DECODED response body for "https://stage.peapod.com/shop/images/icons/PeapodIcons.json" (RelFrameId=1, Internal ID=3)
Action.c(35):     8 10.252 7.403 10.252 20.461v61.977c0 5.245-2.228 7.92-4.924 7.92h-1.574l-8.616-2.675c-10.
Action.c(35):     237-3.132-26.41-5.777-45.232-5.777-78.030 0-137.285 55.653-137.285 129.214 0 71.432 52.726
Action.c(35):      121.278 123.308 121.278 45.185 0 69.382-23.623 73.137-23.623 5.438 0 6.482 22.605 16.189 
Action.c(35):     22.605 5.407 0 24.229-11.021 58.694-20.461 10.221-2.691 16.672-3.709 16.672-15.794 0-5.245
Action.c(35):     -3.21-8.939-5.921-8.939l0.031 0.030z",\n
Action.c(35):             "M4925.471 358.885h-8.892v-9.152h9.877c2.307 0 3.979 0.438 5.055 1.279 1.063 0.83 
Action.c(35):     1.607 1.913 1.607 3.216 0 0.899-0.272 1.741-0.843 2.49-0.557 0.795-1.348 1.303-2.385 1.637
Action.c(35):     -1.089 0.369-2.567 0.542-4.433 0.542l0.013-0.012zM4931.11 363.127c-0.57-0.45-1.374-0.899-2
Action.c(35):     .502-1.395 3.046-0.346 5.185-1.187 6.637-2.559 1.465-1.326 2.139-2.985 2.139-4.956 0-1.533
Action.c(35):     -0.415-2.916-1.27-4.184-0.868-1.279-2.035-2.156-3.487-2.64-1.413-0.496-3.578-0.726-6.352-0
Action.c(35):     .726h-13.818v27.733h4.122v-12.368h4.809c1.024 0 1.841 0.069 2.281 0.161 0.687 0.138 1.296 
Action.c(35):     0.38 1.893 0.749 0.609 0.323 1.309 0.922 2.074 1.81 0.778 0.865 1.789 2.167 2.994 3.815l4.
Action.c(35):     148 5.833h5.107l-5.366-7.562c-1.076-1.51-2.23-2.743-3.409-3.735v0.023z",\n
Action.c(35):             "M4926.21 383.751c-12.652 0-22.988-10.424-22.988-23.217 0-12.819 10.348-23.204 22.
Action.c(35):     988-23.204 12.652 0 22.949 10.398 22.949 23.204 0 12.793-10.297 23.217-22.949 23.217zM4926
Action.c(35):     .21 332.8c-15.149 0-27.467 12.429-27.467 27.733s12.318 27.733 27.467 27.733c15.124 0 27.39
Action.c(35):     -12.429 27.39-27.733s-12.279-27.733-27.39-27.733z",\n
Action.c(35):             "M4569.6 596.251c0 76.624-61.411 138.683-137.167 138.683s-137.119-62.042-137.119-1
Action.c(35):     38.683c0-76.561 61.348-138.651 137.119-138.651 75.755 0 137.167 62.090 137.167 138.651z"\n
Action.c(35):           ],\n
Action.c(35):           "attrs": [\n
Action.c(35):             {\n
Action.c(35):               "fill": "rgb(106, 34, 106)"\n
Action.c(35):             },\n
Action.c(35):             {\n
Action.c(35):               "fill": "rgb(106, 34, 106)"\n
Action.c(35):             },\n
Action.c(35):             {\n
Action.c(35):               "fill": "rgb(106, 34, 106)"\n
Action.c(35):             },\n
Action.c(35):             {\n
Action.c(35):               "fill": "rgb(106, 34, 106)"\n
Action.c(35):             },\n
Action.c(35):             {\n
Action.c(35):               "fill": "rgb(106, 34, 106)"\n
Action.c(35):             },\n
Action.c(35):             {\n
Action.c(35):               "fill": "rgb(106, 34, 106)"\n
Action.c(35):             },\n
Action.c(35):             {\n
Action.c(35):               "fill": "rgb(106, 34, 106)"\n
Action.c(35):             },\n
Action.c(35):             {\n
Action.c(35):               "fill": "rgb(106, 34, 106)"\n
Action.c(35):             },\n
Action.c(35):             {\n
Action.c(35):               "fill": "rgb(106, 34, 106)"\n
Action.c(35):             },\n
Action.c(35):             {\n
Action.c(35):               "fill": "rgb(106, 34, 106)"\n
Action.c(35):             },\n
Action.c(35):             {\n
Action.c(35):               "fill": "rgb(255, 255, 254)"\n
Action.c(35):             },\n
Action.c(35):             {\n
Action.c(35):               "fill": "rgb(242, 178, 41)"\n
Action.c(35):             },\n
Action.c(35):             {\n
Action.c(35):               "fill": "rgb(218, 50, 42)"\n
Action.c(35):             },\n
Action.c(35):             {\n
Action.c(35):               "fill": "rgb(106, 34, 106)"\n
Action.c(35):             },\n
Action.c(35):             {\n
Action.c(35):               "fill": "rgb(132, 191, 65)"\n
Action.c(35):             },\n
Action.c(35):             {\n
Action.c(35):               "fill": "rgb(189, 189, 189)"\n
Action.c(35):             },\n
Action.c(35):             {\n
Action.c(35):               "fill": "rgb(51, 51, 51)"\n
Action.c(35):             },\n
Action.c(35):             {\n
Action.c(35):               "fill": "rgb(51, 51, 51)"\n
Action.c(35):             },\n
Action.c(35):             {\n
Action.c(35):               "fill": "rgb(54, 54, 54)"\n
Action.c(35):             },\n
Action.c(35):             {\n
Action.c(35):               "fill": "rgb(51, 51, 51)"\n
Action.c(35):             },\n
Action.c(35):             {\n
Action.c(35):               "fill": "rgb(51, 51, 51)"\n
Action.c(35):             },\n
Action.c(35):             {\n
Action.c(35):               "fill": "rgb(54, 54, 54)"\n
Action.c(35):             },\n
Action.c(35):             {\n
Action.c(35):               "fill": "rgb(51, 51, 51)"\n
Action.c(35):             },\n
Action.c(35):             {\n
Action.c(35):               "fill": "rgb(94, 160, 0)"\n
Action.c(35):             }\n
Action.c(35):           ],\n
Action.c(35):           "width": 5005,\n
Action.c(35):           "isMulticolor": true,\n
Action.c(35):           "grid": 32,\n
Action.c(35):           "tags": [\n
Action.c(35):             "peapod-stopnshop-link-logo"\n
Action.c(35):           ],\n
Action.c(35):           "defaultCode": 59730\n
Action.c(35):         },\n
Action.c(35):         {\n
Action.c(35):           "paths": [\n
Action.c(35):             "M996.942 502.561c-31.043-18.458-19.087-10.697-48.033-32.721-6.083-4.615-14.053-8.
Action.c(35):     81-17.619-15.312-26.638-48.872-52.857-74.461-78.447-123.962-6.922-13.214-15.941-18.668-30.
Action.c(35):     833-18.248-42.16 0.629-83.9 0-126.060 0-4.824 0-9.649-0.629-15.941-0.839 0-32.302 0.21-157
Action.c(35):     .732 0-188.565-0.21-18.248-8.18-26.219-26.429-26.219-14.263 0-28.736 0-42.999 0-50.55 0-10
Action.c(35):     1.1 0-151.859 0-111.797 0-223.803 0-335.6 0-18.878 0-26.429 7.761-26.429 27.268 0 43.418 0
Action.c(35):      142.001 0 185.419 0 4.824 0 9.649 0 16.151-20.765 0-3.985-0.21-23.073 0-11.117 0.21-18.24
Action.c(35):     8 5.873-20.765 16.78-2.517 10.488 1.049 19.507 11.117 24.331 4.824 2.517 10.697 2.937 16.1
Action.c(35):     51 2.937 60.408 0.21 84.529 0 145.147 0 4.405 0 9.229-0.21 13.424-1.678 10.488-3.566 15.73
Action.c(35):     1-11.536 14.473-22.443-0.839-10.488-6.922-17.829-18.039-19.507-4.824-0.839-10.068-0.629-15
Action.c(35):     .102-0.629-26.009 0-51.599 0-78.027 0 0-43.628 0-141.162 0-183.741 105.714 0 211.218 0 316
Action.c(35):     .723 0 50.55 0 101.1 0 151.859 0 7.971 0 16.151 0 24.121 0 0 290.923 0 531.717 0 548.497-7
Action.c(35):     .971 0-16.151 0-24.121 0-50.55 0-101.1 0-151.859 0-105.504 0-211.009 0-316.513 0 0-49.291 
Action.c(35):     0-110.119 0-159.83 5.873 0 11.117 0 15.941 0 24.751 0 113.894 0.21 138.855-0.21 12.375-0.2
Action.c(35):     1 19.507-8.39 20.556-20.346 0.839-12.375-5.663-20.346-17.619-23.282-3.566-0.839-7.341-0.83
Action.c(35):     9-11.117-0.839-92.080 0-158.152 0-250.442 0-17.619 0.21-27.897 8.39-28.107 21.814-0 14.892
Action.c(35):      10.278 23.282 28.526 23.282 44.257 0-1.888 0 42.37 0 4.824 0 9.649 0 15.731 0 0 6.502 0 1
Action.c(35):     1.117 0 15.731 0 49.921 0 111.377 0 161.298 0 21.395 6.712 28.316 27.897 28.316 26.429 0 5
Action.c(35):     2.857 0 78.027 0-8.18 18.878-15.312 36.916-23.492 54.745-1.259 2.937-6.712 5.663-10.278 5.
Action.c(35):     873-15.941 0.629-32.092 0-48.243 0.21-14.263 0.21-23.492 8.81-23.702 21.604-0.21 13.214 9.
Action.c(35):     229 22.234 24.331 22.443 14.892 0.21 29.365 0.629 44.257-0.21 9.439-0.629 13.005 2.727 15.
Action.c(35):     731 12.166 26.429 94.807 144.937 125.011 213.526 54.745 17.829-18.039 28.526-40.272 34.609
Action.c(35):     -65.862 9.858 0 19.717 0 29.575 0v0c83.271 0 166.332 0 249.183 0.21 24.331 67.959 63.974 1
Action.c(35):     02.568 119.767 104.456 27.268 1.049 52.438-5.454 75.091-19.926 31.043-19.926 49.082-48.872
Action.c(35):      57.262-84.949 14.892 0-6.922 0.21 6.922 0 30.833-0.21 49.921-19.717 49.921-50.55 0.21-80.
Action.c(35):     754 0-178.497 0.21-259.251-0.21-15.102-7.761-21.395-20.556-29.155zM302.25 901.716c-45.306-
Action.c(35):     0.629-80.964-37.336-80.964-83.69 0.21-45.516 36.916-82.222 82.851-82.012 44.467 0.21 79.91
Action.c(35):     5 36.916 82.012 80.334 1.888 41.74-33.35 86.207-83.9 85.368zM706.438 796.421c-31.882 0-63.
Action.c(35):     974 0-96.066 0-50.76 0-101.309 0-151.859 0-8.81 0-17.829 0-26.638 0-9.649-20.556-18.878-39
Action.c(35):     .853-28.107-59.569 18.248 0 36.497 0 54.745 0 50.55 0 101.1 0 151.859 0 41.321 0 82.642 0 
Action.c(35):     123.753 0-9.229 19.717-18.458 39.014-27.687 59.569zM834.176 901.925c-46.355-0.21-81.803-36
Action.c(35):     .916-81.803-84.529 0-44.887 36.916-81.593 82.012-81.593 46.145 0 82.642 37.336 82.642 83.9
Action.c(35):     -0.21 45.516-37.336 82.222-82.851 82.222zM972.192 795.582c-15.941 0 4.195 0-9.858 0-9.229-
Action.c(35):     19.926-18.039-39.223-27.268-58.73 22.653 0 11.327 0 37.126 0 0 19.717 0 38.804 0 58.73zM97
Action.c(35):     2.611 690.497c-109.49 0-181.644 0-290.294-0.21 0-113.055 0-219.189 0-334.132 5.034 0 10.27
Action.c(35):     8 0 15.731 0 33.98 0 68.379 0.629 102.358-0.21 11.536-0.21 18.039 2.937 23.492 13.844 23.7
Action.c(35):     02 46.355 48.872 68.379 72.783 114.524 6.293 11.956 15.731 15.731 26.638 23.702 29.994 22.
Action.c(35):     024 10.068 7.341 40.482 29.365 3.356 2.307 8.39 6.502 8.39 10.068 0.839 41.321 0.42 100.05
Action.c(35):     1 0.42 143.050z"\n
Action.c(35):           ],\n
Action.c(35):           "grid": 32,\n
Action.c(35):           "tags": [\n
Action.c(35):             "icon_truck"\n
Action.c(35):           ],\n
Action.c(35):           "defaultCode": 59754\n
Action.c(35):         },\n
Action.c(35):         {\n
Action.c(35):           "paths": [\n
Action.c(35):             "M400.262 734.529c-4.728 20.444-13.345 38.097-27.543 52.519-54.663 55.954-149.143 
Action.c(35):     31.852-170.241-43.684-2.145-7.536-4.955-10.118-12.477-9.687-11.831 0.646-23.456 0.437-35.2
Action.c(35):     88 0.209-12.054-0.209-19.582-7.31-19.375-17.862 0.209-10.118 7.536-16.998 18.936-17.217 12
Action.c(35):     .916-0.209 25.833 0.209 38.517-0.209 2.791-0.209 7.105-2.373 8.181-4.728 6.459-14.208 12.2
Action.c(35):     71-28.623 18.729-43.684-20.021 0-41.1 0-62.205 0-16.792 0-22.164-5.599-22.164-22.605 0-39.
Action.c(35):     808 0-79.411 0-119.227 0-3.664 0-7.31 0-12.477-4.728 0-8.602 0-12.477 0-35.288 0-70.595 0-
Action.c(35):     105.89 0-14.636 0-22.81-6.664-22.605-18.083 0.209-10.763 8.395-17.217 22.38-17.438 73.598 
Action.c(35):     0 147.207 0 220.592 0 3.018 0 6.018 0 8.827 0.646 9.472 2.373 14.636 8.602 13.99 18.508-0.
Action.c(35):     854 9.472-6.459 15.926-16.352 16.146-19.798 0.437-39.808 0.209-59.623 0.209-3.875 0-7.956 
Action.c(35):     0-12.699 0 0 39.602 0 78.559 0 117.936 171.092 0 341.979 0 513.717 0 0-122.455 0-244.278 0
Action.c(35):     -367.166-171.092 0-342.193 0-513.944 0 0 33.998 0 67.579 0 102.447 21.089 0 41.539 0 62.20
Action.c(35):     5 0 4.082 0 8.181-0.209 12.054 0.437 8.827 1.292 13.769 7.105 14.415 15.5 0.854 8.602-3.22
Action.c(35):     9 15.061-11.625 17.862-3.436 1.082-7.31 1.292-10.763 1.292-48.205 0-96.41 0.209-144.626 0-
Action.c(35):     4.309 0-9.041-0.437-12.916-2.373-7.956-3.875-10.763-10.979-8.827-19.375 1.938-8.602 7.749-
Action.c(35):     13.123 16.571-13.345 15.28-0.209 30.77 0 47.352 0 0-5.167 0-9.041 0-12.916 0-34.643 0-69.0
Action.c(35):     77 0-103.738 0-15.5 6.018-21.735 21.089-21.735 181.426 0 362.646 0 544.071 0 14.636 0 20.8
Action.c(35):     74 6.245 21.089 20.874 0.209 24.542 0 49.069 0 74.89 4.955 0.209 8.827 0.646 12.699 0.646 
Action.c(35):     33.58 0 66.934 0.437 100.511 0 11.831-0.209 18.936 4.082 24.542 14.636 20.444 39.388 41.32
Action.c(35):     4 78.765 62.623 117.721 2.791 5.167 8.395 10.118 13.99 12.271 21.959 9.248 44.33 17.862 66
Action.c(35):     .722 26.040 11.185 4.082 16.146 11.185 15.926 23.25-0.209 64.351 0 128.7-0.209 193.051 0 2
Action.c(35):     4.542-15.28 40.033-39.808 40.248-10.979 0.209-21.959 0-33.79 0-6.459 28.834-20.874 51.873-
Action.c(35):     45.621 67.786-18.083 11.625-38.097 16.792-59.83 15.926-44.552-1.5-76.182-29.062-95.557-83.
Action.c(35):     286-113.641-0.209-227.92-0.209-343.271-0.209zM983.074 614.015c0-34.225 0.209-67.368-0.209-
Action.c(35):     100.511 0-2.791-3.664-6.664-6.664-7.956-20.021-8.181-40.248-16.146-60.686-23.456-10.118-3.
Action.c(35):     664-16.352-9.472-21.313-18.936-19.153-36.806-39.163-73.177-58.104-110.192-4.309-8.602-9.47
Action.c(35):     2-11.185-18.729-10.979-27.125 0.646-54.456 0.209-81.567 0.209-4.309 0-8.395 0-12.477 0 0 9
Action.c(35):     1.682 0 181.426 0 271.61 86.729 0.209 172.606 0.209 259.772 0.209zM764.628 650.817c-128.05
Action.c(35):     4 0-256.756 0-384.372 0 7.31 15.707 14.636 31.207 22.38 47.559 112.774 0 227.046 0 339.835
Action.c(35):      0 7.536-16.352 14.854-31.852 22.164-47.559zM910.327 717.103c0-37.225-29.062-66.934-65.849
Action.c(35):     -66.934-35.933 0-65.432 29.269-65.432 64.996 0 37.871 28.188 67.14 65.203 67.368 36.373 0.
Action.c(35):     209 66.078-29.062 66.078-65.432zM234.765 715.59c0 37.019 28.416 66.288 64.559 66.722 40.24
Action.c(35):     8 0.646 68.431-34.871 66.934-68.013-1.728-34.643-29.915-63.914-65.432-64.141-36.579-0.209-
Action.c(35):     66.078 29.062-66.078 65.432zM982.638 651.034c-20.444 0-39.808 0-57.892 0 7.31 15.707 14.41
Action.c(35):     5 30.998 21.735 46.913 11.185 0 23.456 0 36.161 0 0-16.146 0-31.416 0-46.913z"\n
Action.c(35):           ],\n
Action.c(35):           "grid": 32,\n
Action.c(35):           "tags": [\n
Action.c(35):             "truck"\n
Action.c(35):           ],\n
Action.c(35):           "defaultCode": 59755\n
Action.c(35):         },\n
Action.c(35):         {\n
Action.c(35):           "paths": [\n
Action.c(35):             "M6097.455 816.977c-20.841 0-37.514-16.673-37.514-37.514s16.673-37.514 37.514-37.5
Action.c(35):     14c20.841 0 37.514 16.673 37.514 37.514 0 20.147-16.673 37.514-37.514 37.514zM6097.455 746
Action.c(35):     .811c-18.062 0-31.957 14.589-31.957 31.957s13.894 31.957 31.957 31.957c17.368 0 31.957-14.
Action.c(35):     589 31.957-31.957s-14.589-31.957-31.957-31.957zM6107.181 800.999l-11.115-17.368h-7.642v17.
Action.c(35):     368h-6.252v-43.767h17.368c6.947 0 13.894 4.863 13.894 13.199 0 9.726-8.336 12.505-11.115 1
Action.c(35):     2.505l11.81 17.368h-6.947zM6100.234 762.79h-11.81v15.284h11.81c3.474 0 7.642-2.779 7.642-7
Action.c(35):     .642 0.695-4.863-3.474-7.642-7.642-7.642z",\n
Action.c(35):             "M300.114 83.365c-61.134 0-106.29 3.474-136.858 3.474h-25.704c-65.303 0-100.733-3.
Action.c(35):     474-106.985-3.474-17.368 0-26.399 5.558-26.399 15.284 0 20.147 22.231 13.199 57.661 20.147
Action.c(35):      29.872 5.558 33.346 15.284 33.346 50.714v498.801c0 52.798 0 68.776-40.988 76.418-28.483 5
Action.c(35):     .558-52.798-2.084-52.798 18.757 0 11.115 9.726 17.368 28.483 17.368s61.829-7.642 125.742-7
Action.c(35):     .642c69.471 0 112.543 7.642 130.605 7.642 18.757 0 28.483-6.947 28.483-17.368 0-20.841-24.
Action.c(35):     315-13.199-52.103-18.757-42.377-9.031-42.377-24.315-42.377-77.807v-166.035c0-14.589 3.474-
Action.c(35):     23.62 13.199-22.231 7.642 0.695 45.851 26.399 127.132 13.199 97.259-15.978 180.624-95.87 1
Action.c(35):     80.624-204.939 0-132.689-81.976-203.55-241.064-203.55v0zM292.472 453.645c-40.988 0-72.25-1
Action.c(35):     2.505-72.25-41.682v-242.453c0-42.377 9.726-54.187 63.913-54.187 68.776 0 125.742 69.471 12
Action.c(35):     5.742 166.035 0.695 88.923-48.63 172.288-117.406 172.288v0z",\n
Action.c(35):             "M686.372 496.022h295.251c33.346 0 46.545-4.168 46.545-24.315 0-90.312-76.418-198.
Action.c(35):     687-212.581-198.687-159.088 0-267.463 106.29-267.463 264.684 0 159.088 99.343 263.989 252.
Action.c(35):     179 263.989 79.891 0 139.636-25.704 188.961-69.471 24.315-20.841 35.43-38.904 35.43-50.019
Action.c(35):      0-9.031-3.474-12.505-11.115-12.505-9.031 0-55.577 64.608-158.393 64.608-117.406 0-184.792
Action.c(35):     -97.954-184.792-211.191v-9.031c0-15.284 2.084-17.368 15.978-18.062v0zM680.814 450.171l2.77
Action.c(35):     9-18.062c14.589-58.355 31.957-127.132 133.384-127.132 79.891 0 89.617 60.44 89.617 100.038
Action.c(35):      0 62.524-31.957 57.661-119.49 57.661h-89.617c-11.115 0-16.673-3.474-16.673-9.031l0-3.474z
Action.c(35):     ",\n
Action.c(35):             "M1574.904 721.107c0-9.726-5.558-16.673-15.284-16.673-16.673 0-33.346 24.315-54.18
Action.c(35):     7 24.315-27.788 0-34.041-25.704-34.041-72.944v-256.347c0-91.701-22.231-127.132-134.079-127
Action.c(35):     .132-147.973 0-251.484 88.228-251.484 154.92 0 11.115 11.115 20.147 26.399 20.147 54.187 0
Action.c(35):      71.555-27.788 93.786-67.387 25.704-46.545 48.63-72.94
Action.c(35): t=8696ms: 12288-byte DECODED response body for "https://stage.peapod.com/shop/images/icons/PeapodIcons.json" (RelFrameId=1, Internal ID=3)
Action.c(35):     4 96.564-72.944 45.156 0 55.577 25.704 55.577 88.228v47.935c0 15.284-1.389 20.841-15.284 2
Action.c(35):     6.399l-35.43 14.589c-141.72 55.577-218.833 104.206-218.833 196.602 0 54.187 27.094 119.49 
Action.c(35):     97.259 119.49 50.019 0 90.312-25.704 138.247-57.661l29.872-20.147h7.642c20.147 48.63 53.49
Action.c(35):     3 77.807 94.48 77.807 53.493-0.695 118.795-58.355 118.795-79.197v0zM1358.849 631.49c0 54.8
Action.c(35):     82-48.63 97.259-96.564 97.259-52.103 0-63.218-40.988-63.218-87.533 0-47.935 38.904-97.954 
Action.c(35):     91.701-118.795l46.545-18.062c6.252-3.474 12.505-4.168 14.589-4.168 3.474 0 6.947 4.168 6.9
Action.c(35):     47 13.199v118.1h0z",\n
Action.c(35):             "M1930.594 273.020c-59.745 0-106.985 20.147-154.92 63.218l-14.589 13.199c-4.168 4.
Action.c(35):     168-7.642 5.558-9.726 5.558-3.474 0-5.558-2.084-5.558-7.642v-54.187c0-15.284-4.168-22.925-
Action.c(35):     13.894-22.925-12.505 0-37.514 31.262-97.259 61.134-36.82 18.757-63.218 20.147-63.218 37.51
Action.c(35):     4s22.231 11.115 38.904 18.062c17.368 7.642 22.231 20.147 22.231 50.019v500.19c0 29.872-5.5
Action.c(35):     58 39.598-29.178 47.24-29.872 9.726-52.103 0-52.103 24.315 0 9.726 7.642 16.673 22.925 16.
Action.c(35):     673 18.757 0 58.355-7.642 115.322-7.642 47.24 0 89.617 7.642 125.047 7.642 18.757 0 27.788
Action.c(35):     -7.642 27.788-16.673 0-24.315-25.704-14.589-61.829-24.315-27.788-7.642-33.346-16.673-33.34
Action.c(35):     6-47.24v-157.004l7.642-3.474c37.514 16.673 76.418 25.009 119.49 25.009 166.73 0 282.052-11
Action.c(35):     7.406 282.052-277.189 0-148.668-98.649-251.484-225.78-251.484v0zM1859.039 767.653c-72.25 0
Action.c(35):     -111.848-35.43-111.848-104.206v-205.634c0-74.334 35.43-109.764 111.848-109.764 108.374 0 1
Action.c(35):     82.014 79.891 182.014 207.023 0 125.047-73.639 212.581-182.014 212.581z",\n
Action.c(35):             "M3377.672 703.739c-7.642 0-22.231 20.841-41.682 20.841-11.115 0-17.368-14.589-17.
Action.c(35):     368-44.461v-571.745c0-28.483 4.168-54.187 4.168-75.028 0-14.589-4.168-20.841-16.673-20.841
Action.c(35):     -9.031 0-38.904 22.231-100.733 39.598-38.904 11.115-63.218 12.505-63.218 28.483 0 11.115 1
Action.c(35):     8.757 9.726 40.988 20.147 18.757 9.031 20.841 15.284 20.841 43.072v130.605c0 11.115-4.863 
Action.c(35):     16.673-10.421 16.673h-3.474l-17.368-5.558c-20.841-6.252-54.187-12.505-93.091-12.505-160.47
Action.c(35):     8 0-282.052 117.406-282.052 272.326 0 150.057 108.374 255.653 253.569 255.653 93.091 0 142
Action.c(35):     .415-50.019 150.057-50.019 11.115 0 13.199 47.935 33.346 47.935 11.115 0 50.019-22.925 120
Action.c(35):     .879-43.072 20.841-5.558 34.041-7.642 34.041-33.346 0-11.115-6.252-18.757-11.81-18.757v0zM
Action.c(35):     3206.079 640.521c0 77.113-5.558 109.069-86.144 109.069-121.574 0-195.908-78.502-195.908-20
Action.c(35):     7.718 0-142.415 77.113-236.896 173.677-236.896 95.175 0 108.374 54.187 108.374 166.035v169
Action.c(35):     .509z",\n
Action.c(35):             "M2755.908 527.284c0 154.225-125.047 278.578-278.578 278.578s-278.578-124.353-278.
Action.c(35):     578-278.578c0-153.531 124.353-278.578 278.578-278.578s278.578 125.047 278.578 278.578z",\n
Action.c(35):             "M3457.563 128.521c-35.43 0-63.913-28.483-63.913-63.913s28.483-63.913 63.913-63.91
Action.c(35):     3c35.43 0 63.913 28.483 63.913 63.913 0 34.735-28.483 63.913-63.913 63.913zM3457.563 9.726
Action.c(35):     c-30.567 0-54.187 24.315-54.187 54.187s24.315 54.187 54.187 54.187c29.872 0 54.187-24.315 
Action.c(35):     54.187-54.187s-24.315-54.187-54.187-54.187zM3474.931 100.733l-18.757-29.178h-12.505v29.178
Action.c(35):     h-10.421v-72.944h29.872c12.505 0 23.62 9.031 23.62 22.231 0 15.978-14.589 21.536-18.757 21
Action.c(35):     .536l19.452 29.178h-12.505zM3462.426 36.82h-19.452v25.704h19.452c6.252 0 13.199-4.863 13.1
Action.c(35):     99-12.505 0.695-8.336-6.252-13.199-13.199-13.199z",\n
Action.c(35):             "M5005.373 332.071l17.368 36.125 176.456 378.616c1.389 2.084-1.389 2.779-5.558 2.7
Action.c(35):     79h-287.609v-124.353h98.649l-75.028-175.761-120.185 300.114h-141.026c0 0 171.593-397.373 1
Action.c(35):     88.266-420.993 18.757-27.788 56.271-43.767 88.923-36.82 24.315 4.863 47.935 19.452 59.745 
Action.c(35):     40.293z",\n
Action.c(35):             "M5411.083 334.155l144.499 216.054v-248.011h546.735v125.047h-136.858v320.261h-137.
Action.c(35):     552v-324.429h-147.278c0.695 106.985 0.695 324.429 0.695 324.429h-145.889l-166.035-251.484v
Action.c(35):     251.484h-125.047v-352.217c0-21.536 9.726-63.218 35.43-85.449 20.147-16.673 54.882-27.788 8
Action.c(35):     9.617-12.505 15.284 7.642 32.651 20.841 41.682 36.82z",\n
Action.c(35):             "M4430.155 357.775v141.026l-263.294 0.695c-23.62 0-50.019 29.872-61.134 54.187-6.9
Action.c(35):     47 18.757-9.726 44.461-2.084 63.218 0 0 2.084 5.558 4.863 5.558h116.711v-106.29h143.11l60.
Action.c(35):     44 60.44v243.148h-270.936c-24.315 0-96.564-27.094-127.826-54.882-31.262-27.094-109.069-93.
Action.c(35):     786-131.3-182.014-24.315-97.259 15.284-191.739 75.723-239.674 40.293-31.957 73.639-46.545 
Action.c(35):     127.132-47.24h268.157l60.44 61.829z",\n
Action.c(35):             "M4361.379 427.246h-248.706c-31.957 0-73.639 45.156-79.197 87.533-5.558 37.514 27.
Action.c(35):     788 115.322 71.555 115.322h128.521v-105.596h125.742v226.475l-272.326-0.695c-75.723-6.947-1
Action.c(35):     50.752-72.944-175.066-149.362-25.704-78.502-12.505-172.982 54.187-239.674 47.935-45.156 95
Action.c(35):     .175-59.050 154.225-56.966h240.369l0.695 122.963z",\n
Action.c(35):             "M4464.196 302.198h139.636v451.56h-139.636v-451.56z",\n
Action.c(35):             "M5006.068 319.566l67.387 70.166 161.867 338.323v-311.229c0 0-1.389-9.726 1.389-40
Action.c(35):     .293 2.779-29.872 22.231-64.608 48.63-79.197 23.62-17.368 65.303-18.062 90.312-4.863 38.90
Action.c(35):     4 21.536 64.608 56.966 97.954 84.754l72.944 111.153v-193.824h561.324l59.050 62.524v141.026
Action.c(35):     h-135.468v323.039h-154.225l-58.355-59.745v-265.379h-70.86v325.123c0 0-166.035 0-166.035 0s
Action.c(35):     -56.966-72.25-56.966-72.25l-88.228-132.689v203.55h-142.415l-26.399-23.62c0.695 8.336 6.252
Action.c(35):      16.673 6.947 25.704h-323.039l-53.493-53.493c0 0-24.315 53.493-23.62 53.493s-164.646 0-164
Action.c(35):     .646 0l-35.43-31.957v31.262h-159.783l-59.050-59.050v-467.539h155.615l63.913 65.997v352.217
Action.c(35):     l135.468-306.366c22.925-39.598 29.872-91.701 76.418-111.848 38.904-22.925 89.617-9.031 118
Action.c(35):     .795 25.009zM4987.311 614.817l-15.284-31.262-13.199 31.262h28.483z",\n
Action.c(35):             "M4429.46 358.469v141.72h-262.6c-23.62 0-50.019 29.872-61.134 54.187-6.947 18.757-
Action.c(35):     9.726 44.461-2.084 63.218 0 0 2.084 5.558 4.863 5.558h116.711v-105.596h143.11l60.44 60.44v
Action.c(35):     243.148h-270.936c-24.315 0-96.564-27.094-127.826-54.882-31.262-27.094-109.069-93.786-131.3
Action.c(35):     -182.014-24.315-97.259 15.284-191.739 75.723-239.674 40.293-31.957 73.639-46.545 127.132-4
Action.c(35):     6.545h268.157l59.745 60.44z",\n
Action.c(35):             "M5005.373 332.765l17.368 36.125 176.456 378.616c1.389 2.084-1.389 2.779-5.558 2.7
Action.c(35):     79h-287.609v-123.658h99.343l-75.028-175.761-120.185 299.419h-141.72c0 0 171.593-397.373 18
Action.c(35):     8.961-420.993 18.757-27.788 56.271-43.767 88.923-36.82 23.62 5.558 46.545 19.452 59.050 40
Action.c(35):     .293z",\n
Action.c(35):             "M5410.388 334.849l144.499 216.054v-248.011h546.735v125.047h-136.858v320.261h-137.
Action.c(35):     552v-324.429h-147.278c0.695 106.985 0.695 324.429 0.695 324.429h-145.889l-166.035-251.484v
Action.c(35):     251.484h-125.047v-351.522c0-22.231 9.726-63.218 35.43-85.449 20.147-16.673 54.882-27.094 8
Action.c(35):     9.617-12.505 15.284 6.947 33.346 20.841 41.682 36.125z",\n
Action.c(35):             "M4360.684 428.635h-248.706c-31.957 0-73.639 45.851-79.197 87.533-5.558 37.514 27.
Action.c(35):     788 115.322 71.555 115.322h128.521v-105.596h125.742v226.475l-272.326-0.695c-75.723-6.947-1
Action.c(35):     50.752-72.944-175.066-149.362-25.704-78.502-12.505-172.982 54.187-239.674 47.935-45.156 95
Action.c(35):     .175-59.050 154.225-56.966h240.369l0.695 122.963z",\n
Action.c(35):             "M4464.196 302.893h139.636v451.56h-139.636v-451.56z",\n
Action.c(35):             "M3514.529 539.788h34.735v77.113h0.695c6.252-15.284 20.841-25.009 39.598-25.009 26
Action.c(35):     .399 0 53.493 11.81 53.493 88.923 0 59.745-15.978 93.786-56.966 93.786-25.009 0-33.346-14.
Action.c(35):     589-38.209-25.704h-0.695v21.536h-32.651l-0-230.643zM3577.053 746.811c24.315 0 29.178-25.00
Action.c(35):     9 29.178-63.913 0-46.545-6.947-63.218-27.094-63.218-27.094 0-31.957 23.62-31.957 65.303 0.
Action.c(35):     695 37.514 5.558 61.829 29.872 61.829z",\n
Action.c(35):             "M3689.596 596.754l29.872 130.605h0.695l27.788-130.605h36.82l-47.935 179.929c-13.8
Action.c(35):     94 47.24-25.009 53.493-60.44 52.798-4.863 0-9.031-0.695-13.894-1.389v-27.788c4.168 0.695 7
Action.c(35):     .642 1.389 11.115 1.389 11.81 0 19.452-2.779 23.62-13.894l4.863-13.894-49.324-177.845 36.8
Action.c(35):     2 0.695z",\n
Action.c(35):             "M2755.213 527.284c0 154.225-125.047 278.578-278.578 278.578s-278.578-124.353-278.
Action.c(35):     578-278.578c0-153.531 124.353-278.578 278.578-278.578s278.578 125.047 278.578 278.578z"\n
Action.c(35):           ],\n
Action.c(35):           "attrs": [\n
Action.c(35):             {\n
Action.c(35):               "fill": "rgb(51, 51, 51)"\n
Action.c(35):             },\n
Action.c(35):             {\n
Action.c(35):               "fill": "rgb(51, 51, 51)"\n
Action.c(35):             },\n
Action.c(35):             {\n
Action.c(35):               "fill": "rgb(51, 51, 51)"\n
Action.c(35):             },\n
Action.c(35):             {\n
Action.c(35):               "fill": "rgb(54, 54, 54)"\n
Action.c(35):             },\n
Action.c(35):             {\n
Action.c(35):               "fill": "rgb(51, 51, 51)"\n
Action.c(35):             },\n
Action.c(35):             {\n
Action.c(35):               "fill": "rgb(51, 51, 51)"\n
Action.c(35):             },\n
Action.c(35):             {\n
Action.c(35):               "fill": "rgb(94, 160, 0)"\n
Action.c(35):             },\n
Action.c(35):             {\n
Action.c(35):               "fill": "rgb(51, 51, 51)"\n
Action.c(35):             },\n
Action.c(35):             {\n
Action.c(35):               "fill": "rgb(255, 255, 255)"\n
Action.c(35):             },\n
Action.c(35):             {\n
Action.c(35):               "fill": "rgb(255, 255, 255)"\n
Action.c(35):             },\n
Action.c(35):             {\n
Action.c(35):               "fill": "rgb(255, 255, 255)"\n
Action.c(35):             },\n
Action.c(35):             {\n
Action.c(35):               "fill": "rgb(255, 255, 255)"\n
Action.c(35):             },\n
Action.c(35):             {\n
Action.c(35):               "fill": "rgb(255, 255, 255)"\n
Action.c(35):             },\n
Action.c(35):             {\n
Action.c(35):               "fill": "rgb(51, 51, 51)"\n
Action.c(35):             },\n
Action.c(35):             {\n
Action.c(35):               "fill": "rgb(51, 51, 51)"\n
Action.c(35):             },\n
Action.c(35):             {\n
Action.c(35):               "fill": "rgb(239, 62, 66)"\n
Action.c(35):             },\n
Action.c(35):             {\n
Action.c(35):               "fill": "rgb(239, 62, 66)"\n
Action.c(35):             },\n
Action.c(35):             {\n
Action.c(35):               "fill": "rgb(239, 62, 66)"\n
Action.c(35):             },\n
Action.c(35):             {\n
Action.c(35):               "fill": "rgb(239, 62, 66)"\n
Action.c(35):             },\n
Action.c(35):             {\n
Action.c(35):               "fill": "rgb(51, 51, 51)"\n
Action.c(35):             },\n
Action.c(35):             {\n
Action.c(35):               "fill": "rgb(51, 51, 51)"\n
Action.c(35):             },\n
Action.c(35):             {\n
Action.c(35):               "fill": "rgb(94, 161, 0)"\n
Action.c(35):             }\n
Action.c(35):           ],\n
Action.c(35):           "isMulticolor": true,\n
Action.c(35):           "width": 6168,\n
Action.c(35):           "grid": 32,\n
Action.c(35):           "tags": [\n
Action.c(35):             "peapod-logo-giant-carlisle"\n
Action.c(35):           ],\n
Action.c(35):           "defaultCode": 59756\n
Action.c(35):         },\n
Action.c(35):         {\n
Action.c(35):           "paths": [\n
Action.c(35):             "M969.676 406.724c59.686 252.769-96.839 506.063-349.607 565.749s-506.063-96.839-56
Action.c(35):     5.749-349.607c-59.686-252.769 96.839-506.063 349.607-565.749s506.063 96.839 565.749 349.60
Action.c(35):     7z",\n
Action.c(35):             "M512 16.119c-274.963 0-498.726 223.763-498.726 498.726s223.763 498.726 498.726 49
Action.c(35):     8.726 498.726-223.763 498.726-498.726-223.763-498.726-498.726-498.726zM512 985.126c-259.79
Action.c(35):     3 0-470.281-211.437-470.281-470.281s210.489-470.281 470.281-470.281 470.281 211.437 470.28
Action.c(35):     1 470.281-210.489 470.281-470.281 470.281z",\n
Action.c(35):             "M738.607 485.452c-4.741 0-9.481 2.844-12.326 6.637-36.030 53.096-112.83 3.793-131
Action.c(35):     .793-8.533 8.533-2.844 17.067-8.533 24.652-16.119 20.859-22.756 24.652-55.941 6.637-74.904
Action.c(35):     -17.067-18.963-48.356-16.119-70.163 6.637-11.378 12.326-17.067 27.496-18.015 41.719-141.27
Action.c(35):     4-66.37-234.193 108.089-234.193 108.089-2.844 5.689 0 13.274 6.637 16.119 6.637 3.793 15.1
Action.c(35):     7 1.896 19.911-4.741 0 0 63.526-91.022 129.896-60.681 0 0-15.17 91.022-35.081 125.156-73.0
Action.c(35):     07 117.57-207.644 57.837-207.644 57.837v0c-1.896-0.948-2.844-0.948-4.741-0.948-7.585 0-14.
Action.c(35):     222 6.637-14.222 14.222 0 3.793 1.896 7.585 3.793 9.481l0.948 0.948c0 0 158.341 121.363 26
Action.c(35):     9.274-2.844 0 0 80.593 18.015 145.067 180.148 1.896 5.689 8.533 10.43 15.17 9.481s12.326-6
Action.c(35):     .637 11.378-14.222c-7.585-205.748-113.778-256-113.778-256l55.941-56.889c125.156 63.526 165
Action.c(35):     .926-59.733 165.926-59.733 0.948-1.896 0.948-3.793 0.948-5.689 0-8.533-6.637-15.17-14.222-
Action.c(35):     15.17z",\n
Action.c(35):             "M609.659 511.052c-28.444-18.015-71.111-56.889-89.126-63.526-119.467-46.459-204.8 
Action.c(35):     106.193-204.8 106.193 78.696-95.763 128-78.696 159.289-61.63 0 0-19.911 73.956-27.496 107.
Action.c(35):     141-5.689 19.911-12.326 31.289-14.222 34.133-30.341 46.459-91.97 110.933-220.919 62.578 16
Action.c(35):     7.822 109.037 242.726 6.637 254.104-8.533 37.926 9.481 101.452 40.77 163.081 191.526-10.43
Action.c(35):     -164.030-69.215-226.607-121.363-254.104l73.956-77.748c107.141 59.733 142.222-19.911 155.49
Action.c(35):     6-48.356-24.652 50.252-99.556 30.341-128 12.326zM610.607 456.059c14.222-16.119 17.067-39.8
Action.c(35):     22 4.741-54.044-12.326-13.274-33.185-11.378-48.356 4.741-14.222 16.119-17.067 39.822-4.741
Action.c(35):      53.096 12.326 14.222 34.133 12.326 48.356-3.793z",\n
Action.c(35):             "M174.459 673.185h1.896c1.896 0 2.844-0.948 2.844-1.896s-0.948-1.896-2.844-1.896c-
Action.c(35):     0.948 0-0.948 0-1.896 0v3.793zM174.459 679.822h-1.896v-12.326c0.948 0 1.896 0 3.793 0s2.84
Action.c(35):     4 0 3.793 0.948c0.948 0.948 0.948 0.948 0.948 2.844s-0.948 2.844-2.844 2.844v0c0.948 0 1.8
Action.c(35):     96 0.948 1.896 2.844s0.948 2.844 0.948 2.844h-1.896c0 0-0.948-1.896-0.948-2.844 0-1.896-0.
Action.c(35):     948-1.896-2.844-1.896h-0.948v4.741zM176.356 664.652c-4.741 0-8.533 3.793-8.533 9.481s3.793
Action.c(35):      9.481 8.533 9.481c4.741 0 8.533-3.793 8.533-9.481 0.948-5.689-3.793-9.481-8.533-9.481v0zM
Action.c(35):     176.356 662.756c5.689 0 11.378 4.741 11.378 11.378s-4.741 11.378-11.378 11.378c-5.689 0-11
Action.c(35):     .378-4.741-11.378-11.378 0.948-6.637 5.689-11.378 11.378-11.378v0zM176.356 662.756z",\n
Action.c(35):             "M746.193 456.059z",\n
Action.c(35):             "M746.193 456.059l68.267 69.215-3.793-97.659 85.333-44.563-91.97-25.6-15.17-96.711
Action.c(35):     -54.044 81.541-93.867-14.222 58.785 75.852-42.667 87.23z",\n
Action.c(35):             "M749.985 442.785l-68.267 26.548 33.185-66.37-45.511-57.837 72.059 11.378 40.77-62
Action.c(35):     .578 11.378 73.007 70.163 19.911-65.422 34.133 2.844 73.956-51.2-52.148zM749.985 442.785z"
Action.c(35): t=8730ms: 12288-byte DECODED response body for "https://stage.peapod.com/shop/images/icons/PeapodIcons.json" (RelFrameId=1, Internal ID=3)
Action.c(35):     \n
Action.c(35):           ],\n
Action.c(35):           "attrs": [\n
Action.c(35):             {\n
Action.c(35):               "fill": "rgb(255, 255, 255)"\n
Action.c(35):             },\n
Action.c(35):             {\n
Action.c(35):               "fill": "rgb(153, 153, 153)"\n
Action.c(35):             },\n
Action.c(35):             {\n
Action.c(35):               "fill": "rgb(56, 54, 53)"\n
Action.c(35):             },\n
Action.c(35):             {\n
Action.c(35):               "fill": "rgb(12, 179, 225)"\n
Action.c(35):             },\n
Action.c(35):             {\n
Action.c(35):               "fill": "rgb(56, 54, 53)"\n
Action.c(35):             },\n
Action.c(35):             {\n
Action.c(35):               "fill": "rgb(56, 54, 53)"\n
Action.c(35):             },\n
Action.c(35):             {\n
Action.c(35):               "fill": "rgb(56, 54, 53)"\n
Action.c(35):             },\n
Action.c(35):             {\n
Action.c(35):               "fill": "rgb(255, 205, 46)"\n
Action.c(35):             }\n
Action.c(35):           ],\n
Action.c(35):           "isMulticolor": true,\n
Action.c(35):           "grid": 32,\n
Action.c(35):           "tags": [\n
Action.c(35):             "guiding-stars-1"\n
Action.c(35):           ],\n
Action.c(35):           "defaultCode": 59778\n
Action.c(35):         },\n
Action.c(35):         {\n
Action.c(35):           "paths": [\n
Action.c(35):             "M969.676 406.724c59.686 252.769-96.839 506.063-349.607 565.749s-506.063-96.839-56
Action.c(35):     5.749-349.607c-59.686-252.769 96.839-506.063 349.607-565.749s506.063 96.839 565.749 349.60
Action.c(35):     7z",\n
Action.c(35):             "M512 16.119c-274.963 0-498.726 223.763-498.726 498.726s223.763 498.726 498.726 49
Action.c(35):     8.726 498.726-223.763 498.726-498.726-223.763-498.726-498.726-498.726zM512 985.126c-259.79
Action.c(35):     3 0-470.281-211.437-470.281-470.281s210.489-470.281 470.281-470.281 470.281 211.437 470.28
Action.c(35):     1 470.281-210.489 470.281-470.281 470.281z",\n
Action.c(35):             "M738.607 485.452c-4.741 0-9.481 2.844-12.326 6.637-36.030 53.096-112.83 3.793-131
Action.c(35):     .793-8.533 8.533-2.844 17.067-8.533 24.652-16.119 20.859-22.756 24.652-55.941 6.637-74.904
Action.c(35):     -17.067-18.963-48.356-16.119-70.163 6.637-11.378 12.326-17.067 27.496-18.015 41.719-141.27
Action.c(35):     4-66.37-234.193 108.089-234.193 108.089-2.844 5.689 0 13.274 6.637 16.119 6.637 3.793 15.1
Action.c(35):     7 1.896 19.911-4.741 0 0 63.526-91.022 129.896-60.681 0 0-15.17 91.022-35.081 125.156-73.0
Action.c(35):     07 117.57-207.644 57.837-207.644 57.837v0c-1.896-0.948-2.844-0.948-4.741-0.948-7.585 0-14.
Action.c(35):     222 6.637-14.222 14.222 0 3.793 1.896 7.585 3.793 9.481l0.948 0.948c0 0 158.341 121.363 26
Action.c(35):     9.274-2.844 0 0 80.593 18.015 145.067 180.148 1.896 5.689 8.533 10.43 15.17 9.481s12.326-6
Action.c(35):     .637 11.378-14.222c-7.585-205.748-113.778-256-113.778-256l55.941-56.889c125.156 63.526 165
Action.c(35):     .926-59.733 165.926-59.733 0.948-1.896 0.948-3.793 0.948-5.689 0-8.533-6.637-15.17-14.222-
Action.c(35):     15.17z",\n
Action.c(35):             "M609.659 511.052c-28.444-18.015-71.111-56.889-89.126-63.526-119.467-46.459-204.8 
Action.c(35):     106.193-204.8 106.193 78.696-95.763 128-78.696 159.289-61.63 0 0-19.911 73.956-27.496 107.
Action.c(35):     141-5.689 19.911-12.326 31.289-14.222 34.133-30.341 46.459-91.97 110.933-220.919 62.578 16
Action.c(35):     7.822 109.037 242.726 6.637 254.104-8.533 37.926 9.481 101.452 40.77 163.081 191.526-10.43
Action.c(35):     -164.030-69.215-226.607-121.363-254.104l73.956-77.748c107.141 59.733 142.222-19.911 155.49
Action.c(35):     6-48.356-24.652 50.252-99.556 30.341-128 12.326zM610.607 456.059c14.222-16.119 17.067-39.8
Action.c(35):     22 4.741-54.044-12.326-13.274-33.185-11.378-48.356 4.741-14.222 16.119-17.067 39.822-4.741
Action.c(35):      53.096 12.326 14.222 34.133 12.326 48.356-3.793z",\n
Action.c(35):             "M174.459 673.185h1.896c1.896 0 2.844-0.948 2.844-1.896s-0.948-1.896-2.844-1.896c-
Action.c(35):     0.948 0-0.948 0-1.896 0v3.793zM174.459 679.822h-1.896v-12.326c0.948 0 1.896 0 3.793 0s2.84
Action.c(35):     4 0 3.793 0.948c0.948 0.948 0.948 0.948 0.948 2.844s-0.948 2.844-2.844 2.844v0c0.948 0 1.8
Action.c(35):     96 0.948 1.896 2.844s0.948 2.844 0.948 2.844h-1.896c0 0-0.948-1.896-0.948-2.844 0-1.896-0.
Action.c(35):     948-1.896-2.844-1.896h-0.948v4.741zM176.356 664.652c-4.741 0-8.533 3.793-8.533 9.481s3.793
Action.c(35):      9.481 8.533 9.481c4.741 0 8.533-3.793 8.533-9.481 0.948-5.689-3.793-9.481-8.533-9.481v0zM
Action.c(35):     176.356 662.756c5.689 0 11.378 4.741 11.378 11.378s-4.741 11.378-11.378 11.378c-5.689 0-11
Action.c(35):     .378-4.741-11.378-11.378 0.948-6.637 5.689-11.378 11.378-11.378v0zM176.356 662.756z",\n
Action.c(35):             "M746.193 456.059z",\n
Action.c(35):             "M746.193 456.059l68.267 69.215-3.793-97.659 85.333-44.563-91.97-25.6-15.17-96.711
Action.c(35):     -54.044 81.541-93.867-14.222 58.785 75.852-42.667 87.23z",\n
Action.c(35):             "M749.985 442.785l-68.267 26.548 33.185-66.37-45.511-57.837 72.059 11.378 40.77-62
Action.c(35):     .578 11.378 73.007 70.163 19.911-65.422 34.133 2.844 73.956-51.2-52.148zM749.985 442.785z"
Action.c(35):     ,\n
Action.c(35):             "M556.563 319.526l77.748 56.889-18.963-95.763 76.8-57.837-94.815-10.43-30.341-92.9
Action.c(35):     19-39.822 89.126-95.763 0.948 71.111 65.422-28.444 92.919 82.489-48.356zM556.563 319.526z"
Action.c(35):     ,\n
Action.c(35):             "M557.511 305.304l-63.526 36.978 21.807-71.111-54.044-50.252 73.007-0.948 30.341-6
Action.c(35):     8.267 22.756 70.163 73.007 7.585-58.785 44.563 15.17 73.007-59.733-41.719zM557.511 305.304
Action.c(35):     z"\n
Action.c(35):           ],\n
Action.c(35):           "attrs": [\n
Action.c(35):             {\n
Action.c(35):               "fill": "rgb(255, 255, 255)"\n
Action.c(35):             },\n
Action.c(35):             {\n
Action.c(35):               "fill": "rgb(153, 153, 153)"\n
Action.c(35):             },\n
Action.c(35):             {\n
Action.c(35):               "fill": "rgb(56, 54, 53)"\n
Action.c(35):             },\n
Action.c(35):             {\n
Action.c(35):               "fill": "rgb(12, 179, 225)"\n
Action.c(35):             },\n
Action.c(35):             {\n
Action.c(35):               "fill": "rgb(56, 54, 53)"\n
Action.c(35):             },\n
Action.c(35):             {\n
Action.c(35):               "fill": "rgb(56, 54, 53)"\n
Action.c(35):             },\n
Action.c(35):             {\n
Action.c(35):               "fill": "rgb(56, 54, 53)"\n
Action.c(35):             },\n
Action.c(35):             {\n
Action.c(35):               "fill": "rgb(255, 205, 46)"\n
Action.c(35):             },\n
Action.c(35):             {\n
Action.c(35):               "fill": "rgb(56, 54, 53)"\n
Action.c(35):             },\n
Action.c(35):             {\n
Action.c(35):               "fill": "rgb(255, 205, 46)"\n
Action.c(35):             }\n
Action.c(35):           ],\n
Action.c(35):           "isMulticolor": true,\n
Action.c(35):           "grid": 32,\n
Action.c(35):           "tags": [\n
Action.c(35):             "guiding-stars-2"\n
Action.c(35):           ],\n
Action.c(35):           "defaultCode": 59786\n
Action.c(35):         },\n
Action.c(35):         {\n
Action.c(35):           "paths": [\n
Action.c(35):             "M969.676 406.724c59.686 252.769-96.839 506.063-349.607 565.749s-506.063-96.839-56
Action.c(35):     5.749-349.607c-59.686-252.769 96.839-506.063 349.607-565.749s506.063 96.839 565.749 349.60
Action.c(35):     7z",\n
Action.c(35):             "M512 16.119c-274.963 0-498.726 223.763-498.726 498.726s223.763 498.726 498.726 49
Action.c(35):     8.726 498.726-223.763 498.726-498.726-223.763-498.726-498.726-498.726zM512 985.126c-259.79
Action.c(35):     3 0-470.281-211.437-470.281-470.281s210.489-470.281 470.281-470.281 470.281 211.437 470.28
Action.c(35):     1 470.281-210.489 470.281-470.281 470.281z",\n
Action.c(35):             "M738.607 485.452c-4.741 0-9.481 2.844-12.326 6.637-36.030 53.096-112.83 3.793-131
Action.c(35):     .793-8.533 8.533-2.844 17.067-8.533 24.652-16.119 20.859-22.756 24.652-55.941 6.637-74.904
Action.c(35):     -17.067-18.963-48.356-16.119-70.163 6.637-11.378 12.326-17.067 27.496-18.015 41.719-141.27
Action.c(35):     4-66.37-234.193 108.089-234.193 108.089-2.844 5.689 0 13.274 6.637 16.119 6.637 3.793 15.1
Action.c(35):     7 1.896 19.911-4.741 0 0 63.526-91.022 129.896-60.681 0 0-15.17 91.022-35.081 125.156-73.0
Action.c(35):     07 117.57-207.644 57.837-207.644 57.837v0c-1.896-0.948-2.844-0.948-4.741-0.948-7.585 0-14.
Action.c(35):     222 6.637-14.222 14.222 0 3.793 1.896 7.585 3.793 9.481l0.948 0.948c0 0 158.341 121.363 26
Action.c(35):     9.274-2.844 0 0 80.593 18.015 145.067 180.148 1.896 5.689 8.533 10.43 15.17 9.481s12.326-6
Action.c(35):     .637 11.378-14.222c-7.585-205.748-113.778-256-113.778-256l55.941-56.889c125.156 63.526 165
Action.c(35):     .926-59.733 165.926-59.733 0.948-1.896 0.948-3.793 0.948-5.689 0-8.533-6.637-15.17-14.222-
Action.c(35):     15.17z",\n
Action.c(35):             "M609.659 511.052c-28.444-18.015-71.111-56.889-89.126-63.526-119.467-46.459-204.8 
Action.c(35):     106.193-204.8 106.193 78.696-95.763 128-78.696 159.289-61.63 0 0-19.911 73.956-27.496 107.
Action.c(35):     141-5.689 19.911-12.326 31.289-14.222 34.133-30.341 46.459-91.97 110.933-220.919 62.578 16
Action.c(35):     7.822 109.037 242.726 6.637 254.104-8.533 37.926 9.481 101.452 40.77 163.081 191.526-10.43
Action.c(35):     -164.030-69.215-226.607-121.363-254.104l73.956-77.748c107.141 59.733 142.222-19.911 155.49
Action.c(35):     6-48.356-24.652 50.252-99.556 30.341-128 12.326zM610.607 456.059c14.222-16.119 17.067-39.8
Action.c(35):     22 4.741-54.044-12.326-13.274-33.185-11.378-48.356 4.741-14.222 16.119-17.067 39.822-4.741
Action.c(35):      53.096 12.326 14.222 34.133 12.326 48.356-3.793z",\n
Action.c(35):             "M174.459 673.185h1.896c1.896 0 2.844-0.948 2.844-1.896s-0.948-1.896-2.844-1.896c-
Action.c(35):     0.948 0-0.948 0-1.896 0v3.793zM174.459 679.822h-1.896v-12.326c0.948 0 1.896 0 3.793 0s2.84
Action.c(35):     4 0 3.793 0.948c0.948 0.948 0.948 0.948 0.948 2.844s-0.948 2.844-2.844 2.844v0c0.948 0 1.8
Action.c(35):     96 0.948 1.896 2.844s0.948 2.844 0.948 2.844h-1.896c0 0-0.948-1.896-0.948-2.844 0-1.896-0.
Action.c(35):     948-1.896-2.844-1.896h-0.948v4.741zM176.356 664.652c-4.741 0-8.533 3.793-8.533 9.481s3.793
Action.c(35):      9.481 8.533 9.481c4.741 0 8.533-3.793 8.533-9.481 0.948-5.689-3.793-9.481-8.533-9.481v0zM
Action.c(35):     176.356 662.756c5.689 0 11.378 4.741 11.378 11.378s-4.741 11.378-11.378 11.378c-5.689 0-11
Action.c(35):     .378-4.741-11.378-11.378 0.948-6.637 5.689-11.378 11.378-11.378v0zM176.356 662.756z",\n
Action.c(35):             "M746.193 456.059z",\n
Action.c(35):             "M360.296 390.637l93.867 23.704-54.044-80.593 49.304-83.437-91.97 26.548-63.526-74
Action.c(35):     .904-2.844 97.659-88.178 36.978 90.074 34.133 8.533 96.711 58.785-76.8zM360.296 390.637z",
Action.c(35):     \n
Action.c(35):             "M355.556 377.363l-44.563 57.837-6.637-73.956-69.215-25.6 67.319-28.444 1.896-73.9
Action.c(35):     56 48.356 56.889 70.163-19.911-37.926 63.526 41.719 61.63-71.111-18.015zM355.556 377.363z"
Action.c(35):     ,\n
Action.c(35):             "M746.193 456.059l68.267 69.215-3.793-97.659 85.333-44.563-91.97-25.6-15.17-96.711
Action.c(35):     -54.044 81.541-93.867-14.222 58.785 75.852-42.667 87.23z",\n
Action.c(35):             "M749.985 442.785l-68.267 26.548 33.185-66.37-45.511-57.837 72.059 11.378 40.77-62
Action.c(35):     .578 11.378 73.007 70.163 19.911-65.422 34.133 2.844 73.956-51.2-52.148zM749.985 442.785z"
Action.c(35):     ,\n
Action.c(35):             "M556.563 319.526l77.748 56.889-18.963-95.763 76.8-57.837-94.815-10.43-30.341-92.9
Action.c(35):     19-39.822 89.126-95.763 0.948 71.111 65.422-28.444 92.919 82.489-48.356zM556.563 319.526z"
Action.c(35):     ,\n
Action.c(35):             "M557.511 305.304l-63.526 36.978 21.807-71.111-54.044-50.252 73.007-0.948 30.341-6
Action.c(35):     8.267 22.756 70.163 73.007 7.585-58.785 44.563 15.17 73.007-59.733-41.719zM557.511 305.304
Action.c(35):     z"\n
Action.c(35):           ],\n
Action.c(35):           "attrs": [\n
Action.c(35):             {\n
Action.c(35):               "fill": "rgb(255, 255, 255)"\n
Action.c(35):             },\n
Action.c(35):             {\n
Action.c(35):               "fill": "rgb(153, 153, 153)"\n
Action.c(35):             },\n
Action.c(35):             {\n
Action.c(35):               "fill": "rgb(56, 54, 53)"\n
Action.c(35):             },\n
Action.c(35):             {\n
Action.c(35):               "fill": "rgb(12, 179, 225)"\n
Action.c(35):             },\n
Action.c(35):             {\n
Action.c(35):               "fill": "rgb(56, 54, 53)"\n
Action.c(35):             },\n
Action.c(35):             {\n
Action.c(35):               "fill": "rgb(56, 54, 53)"\n
Action.c(35):             },\n
Action.c(35):             {\n
Action.c(35):               "fill": "rgb(56, 54, 53)"\n
Action.c(35):             },\n
Action.c(35):             {\n
Action.c(35):               "fill": "rgb(255, 205, 46)"\n
Action.c(35):             },\n
Action.c(35):             {\n
Action.c(35):               "fill": "rgb(56, 54, 53)"\n
Action.c(35):             },\n
Action.c(35):             {\n
Action.c(35):               "fill": "rgb(255, 205, 46)"\n
Action.c(35):             },\n
Action.c(35):             {\n
Action.c(35):               "fill": "rgb(56, 54, 53)"\n
Action.c(35):             },\n
Action.c(35):             {\n
Action.c(35):               "fill": "rgb(255, 205, 46)"\n
Action.c(35):             }\n
Action.c(35):           ],\n
Action.c(35):           "isMulticolor": true,\n
Action.c(35):           "grid": 32,\n
Action.c(35):           "tags": [\n
Action.c(35):             "guiding-stars-3"\n
Action.c(35):           ],\n
Action.c(35):           "defaultCode": 59796\n
Action.c(35):         },\n
Action.c(35):         {\n
Action.c(35):           "paths": [\n
Action.c(35):             "M462.108 195.031c0-45.182-25.295-70.651-69.953-70.651-105.366-0.174-210.731-0.174
Action.c(35):     -316.097 0-43.088 0.174-68.906 25.818-68.906 69.255-0.174 250.156-0.174 500.487 0 750.817 
Action.c(35):     0 44.309 25.993 69.604 71 69.604 102.923 0.174 205.847 0 308.77 0 50.764 0 75.186-24.422 7
Action.c(35):     5.186-75.535 0.174-122.636 0-245.272 0-368.082-0-125.078 0.174-250.156-0-375.409zM236.898 
Action.c(35):     975.853c-24.074-0.174-42.216-18.142-42.042-41.867 0.174-22.852 19.712-42.39 42.565-42.216s
Action.c(35):     42.042 19.712 41.867 42.739c-0.174 23.899-18.142 41.518-42.39 41.344zM427.045 856.183c-128
Action.c(35):     .393 0-255.738 0-385.003 0 0-193.287 0-386.050 0-580.383 128.393 0 255.738 0 385.003 0 0 1
Action.c(35):     92.938 0 385.178 0 580.383z",\n
Action.c(35):             "M144.093 458.794c-14.13 0-27.911 0-41.693 0-7.327 0-13.607-1.919-13.607-10.292 0-
Action.c(35):     8.722 6.455-10.118 13.607-10.118 15.526 0.174 31.051 0.349 46.403 0 8.722-0.174 13.258 3.3
Action.c(35):     14 14.828 12.037 2.268 11.513 5.408 22.678 8.373 35.413 3.314 0 6.978 0 10.641 0 53.381 0 
Action.c(35):     106.587 0 159.967 0 12.037 0 15.351 3.663 14.13 15.875-2.093 19.887-4.012 39.599-6.28 59.4
Action.c(35):     86-1.57 14.13-3.314 15.526-17.445 15.526-42.39 0-84.606 0-126.997 0-3.663 0-7.501 0-12.386
Action.c(35):      0 1.57 6.803 3.489 12.735 4.361 18.666 1.047 6.629 4.361 8.025 10.641 8.025 40.297-0.174 
Action.c(35):     80.42-0.174 120.717-0.174 2.791 0 5.582 0 8.199 0 7.327-0.174 12.735 2.966 12.56 10.292 0 
Action.c(35):     6.978-5.582 9.769-12.211 9.769-47.798 0-95.597 0-143.395 0-9.071 0-12.386-5.233-14.305-13.
Action.c(35):     083-10.99-47.101-22.329-94.201-33.494-141.127-0.523-3.314-1.57-6.629-2.617-10.292zM178.11 
Action.c(35):     506.418c3.14 13.607 6.803 26.167 8.897 38.902 1.221 8.199 5.233 9.595 12.386 9.595 40.472-
Action.c(35):     0.349 81.118-0.174 121.589-0.174 2.966 0 5.931-0.349 9.42-0.698 1.744-16.224 3.489-31.749 
Action.c(35):     5.408-47.624-53.032 0-104.493 0-157.699 0z",\n
Action.c(35):             "M323.772 681.736c-10.99-0.174-20.236-9.595-19.887-20.585 0.349-10.641 9.42-19.364
Action.c(35):      20.061-19.364 11.165 0 20.236 9.42 19.887 20.585-0.349 10.641-9.42 19.538-20.061 19.364z"
Action.c(35):     ,\n
Action.c(35):             "M218.581 662.024c-0.174 10.816-10.292 20.236-20.934 19.712-10.467-0.523-19.538-9.
Action.c(35):     943-19.364-20.41 0.174-10.99 10.118-20.236 20.934-19.712 10.467 0.523 19.538 9.943 19.364 
Action.c(35):     20.41z",\n
Action.c(35):             "M421.288 10.467c-0.174 0-0.174 0.174-0.349 0.349l2.617 21.457c0.349 0.174 0.523 0
Action.c(35):     .349 0.872 0.349 8.373 2.791 17.968 1.57 26.69 3.838 51.462 13.607 85.828 45.705 103.621 9
Action.c(35):     5.945l20.236-5.757c-13.781-59.835-88.27-118.1-153.687-116.181z",\n
Action.c(35):             "M514.268 135.021c-10.467-34.191-46.054-61.58-86.176-65.068l2.791 22.504c31.924 4.
Action.c(35):     361 52.334 22.155 64.894 51.811 0.698 1.57 1.744 2.791 3.14 4.012l15.177-4.361c0.698-3.14 
Action.c(35):     1.047-6.28 0.174-8.897z"\n
Action.c(35):           ],\n
Action.c(35):           "attrs": [\n
Action.c(35):             
Action.c(35): t=8771ms: 858-byte DECODED response body for "https://stage.peapod.com/shop/images/icons/PeapodIcons.json" (RelFrameId=1, Internal ID=3)
Action.c(35):     {\n
Action.c(35):               "fill": "rgb(102, 102, 102)"\n
Action.c(35):             },\n
Action.c(35):             {\n
Action.c(35):               "fill": "rgb(93, 161, 68)"\n
Action.c(35):             },\n
Action.c(35):             {\n
Action.c(35):               "fill": "rgb(93, 161, 68)"\n
Action.c(35):             },\n
Action.c(35):             {\n
Action.c(35):               "fill": "rgb(93, 161, 68)"\n
Action.c(35):             },\n
Action.c(35):             {\n
Action.c(35):               "fill": "rgb(93, 161, 68)"\n
Action.c(35):             },\n
Action.c(35):             {\n
Action.c(35):               "fill": "rgb(93, 161, 68)"\n
Action.c(35):             }\n
Action.c(35):           ],\n
Action.c(35):           "width": 579,\n
Action.c(35):           "isMulticolor": true,\n
Action.c(35):           "grid": 32,\n
Action.c(35):           "tags": [\n
Action.c(35):             "shop_icon"\n
Action.c(35):           ],\n
Action.c(35):           "defaultCode": 59808\n
Action.c(35):         },\n
Action.c(35):         {\n
Action.c(35):           "paths": [\n
Action.c(35):             "M740.272 444.077c-116.93-0.43-233.861 0-350.791 0s-233.861-0.43-350.791 0c-7.308 
Action.c(35):     0-14.616 0-21.495-0.43l35.681-68.783c230.421 0.43 460.413 0.43 690.835 0 12.037 0 24.074 0
Action.c(35):      34.821 1.29v66.633c-12.037 1.29-25.364 1.29-38.26 1.29z",\n
Action.c(35):             "M745.861 320.269c-219.244-0.43-438.059-0.43-657.303 0l36.111-69.212c98.875 0.43 1
Action.c(35):     97.32 0 296
Action.c(35): t=8777ms: 12280-byte ENCODED response body received for "https://stage.peapod.com/shop/images/icons/PeapodIcons.json" (RelFrameId=1, Internal ID=3)
Action.c(35): t=8777ms: 12288-byte DECODED response body for "https://stage.peapod.com/shop/images/icons/PeapodIcons.json" (RelFrameId=1, Internal ID=3)
Action.c(35):     .195 0 107.903 0 215.805 0.43 323.708 0 11.607 0 23.214 0 33.531 1.29v66.203c-9.887 1.29-2
Action.c(35):     0.635 1.72-32.242 1.72z",\n
Action.c(35):             "M745.861 203.338c-184.423-0.43-368.416-0.43-552.84 0-11.177 0-21.924-0.43-31.382-
Action.c(35):     1.72l35.251-67.493c90.707 0.43 181.414 0 271.691 0 91.997 0 184.423 0.43 276.42 0 11.607 0
Action.c(35):      23.214 0 33.531 1.29v66.633c-10.317 1.29-21.495 1.29-32.672 1.29z",\n
Action.c(35):             "M1827.896 419.573l-188.292-94.146c-25.364-12.897-59.325-42.129-75.661-65.773l-131
Action.c(35):     .117-189.582c-16.336-23.214-23.214-32.672-33.102-39.55-3.869-3.009-27.083-13.757-55.456-13
Action.c(35):     .757h-972.413c-0.43 0-0.86 0-1.29 0v49.867c21.065 0 59.325 0 80.39 0h867.090c28.373 0 64.9
Action.c(35):     14 18.915 81.249 42.559l126.818 184.853c16.336 23.214 37.401 43.849 38.26 45.139s15.476 12
Action.c(35):     .897 40.84 25.793l172.386 85.978c25.364 12.897 46.428 46.428 46.428 74.801v247.617c0 28.37
Action.c(35):     3-23.214 51.587-51.587 51.587h-180.984c-15.046-72.652-79.53-127.678-156.48-127.678s-141.86
Action.c(35):     4 55.026-156.48 127.678h-368.846c-15.046-72.652-79.53-127.678-156.48-127.678s-141.864 55.0
Action.c(35):     26-156.48 127.678h-196.46c-1.72 0-3.439 0-5.159-0.43-0.43 0-0.86 0-1.72 0-1.29 0-2.149-0.4
Action.c(35):     3-3.439-0.43-0.43 0-1.29-0.43-1.72-0.43-0.86-0.43-2.149-0.43-3.009-0.86-0.43 0-1.29-0.43-1
Action.c(35):     .72-0.43-0.86-0.43-1.72-0.43-2.579-0.86-0.43-0.43-1.29-0.43-1.72-0.86-0.86-0.43-1.72-0.86-
Action.c(35):     2.579-1.29-0.43-0.43-1.29-0.43-1.72-0.86-0.86-0.43-1.72-1.29-2.579-1.72-0.43-0.43-0.86-0.4
Action.c(35):     3-1.29-0.86-1.29-0.86-2.579-1.72-3.869-2.579 0 0 0 0 0 0-1.29-0.86-2.149-2.149-3.439-3.009
Action.c(35):     -0.43-0.43-0.86-0.86-0.86-1.29-0.86-0.86-1.29-1.72-2.149-2.149-0.43-0.43-0.86-0.86-1.29-1.
Action.c(35):     29-0.43-0.86-1.29-1.72-1.72-2.149s-0.86-0.86-0.86-1.72c-0.43-0.86-0.86-1.72-1.29-2.579-0.4
Action.c(35):     3-0.43-0.43-1.29-0.86-1.72-0.43-0.86-0.86-1.72-1.29-2.579-0.43-0.43-0.43-1.29-0.86-1.72-0.
Action.c(35):     43-0.86-0.86-2.149-1.29-3.009 0-0.43-0.43-0.86-0.43-1.29-0.43-1.72-0.86-3.009-1.29-4.729v-
Action.c(35):     15.476h46.428v-257.935h-51.157v201.189h-45.998v111.772c0 28.373 23.214 51.587 51.587 51.58
Action.c(35):     7h243.318c9.028 79.53 76.95 141.864 159.060 141.864s150.032-62.334 159.060-141.864h364.118
Action.c(35):     c9.028 79.53 76.95 141.864 159.060 141.864s150.032-62.334 159.060-141.864h228.702c28.373 0
Action.c(35):      51.587-23.214 51.587-51.587v-329.296c0-28.373-20.635-61.904-46.428-74.801zM860.641 875.25
Action.c(35):     8c-8.598 52.017-53.736 91.567-107.903 91.567s-99.305-39.55-107.903-91.567c-0.86-6.018-1.72
Action.c(35):     -12.037-1.72-18.055 0-11.177 1.72-21.924 4.729-32.242 13.757-44.709 55.456-77.38 104.893-7
Action.c(35):     7.38s91.137 32.672 104.893 77.38c3.009 10.317 4.729 21.065 4.729 32.242 0 6.018-0.86 12.03
Action.c(35):     7-1.72 18.055zM1542.448 875.258c-8.598 52.017-53.736 91.567-107.903 91.567s-99.305-39.55-1
Action.c(35):     07.903-91.567c-0.86-6.018-1.72-12.037-1.72-18.055 0-11.177 1.72-21.924 4.729-32.242 13.757
Action.c(35):     -44.709 55.456-77.38 104.893-77.38s91.137 32.672 104.893 77.38c3.009 10.317 4.729 21.065 4
Action.c(35):     .729 32.242 0 6.018-0.43 12.037-1.72 18.055z"\n
Action.c(35):           ],\n
Action.c(35):           "attrs": [\n
Action.c(35):             {\n
Action.c(35):               "fill": "rgb(93, 161, 68)"\n
Action.c(35):             },\n
Action.c(35):             {\n
Action.c(35):               "fill": "rgb(93, 161, 68)"\n
Action.c(35):             },\n
Action.c(35):             {\n
Action.c(35):               "fill": "rgb(93, 161, 68)"\n
Action.c(35):             },\n
Action.c(35):             {\n
Action.c(35):               "fill": "rgb(102, 102, 102)"\n
Action.c(35):             }\n
Action.c(35):           ],\n
Action.c(35):           "width": 1902,\n
Action.c(35):           "isMulticolor": true,\n
Action.c(35):           "grid": 32,\n
Action.c(35):           "tags": [\n
Action.c(35):             "schedule_icon"\n
Action.c(35):           ],\n
Action.c(35):           "defaultCode": 59814\n
Action.c(35):         },\n
Action.c(35):         {\n
Action.c(35):           "paths": [\n
Action.c(35):             "M807.768 389.349h-32.663c29.070-66.307 52.262-134.574 65.327-206.433 5.226-29.724
Action.c(35):      4.9-60.754 5.226-91.131 0-9.799-4.9-20.905-10.452-29.397-11.106-17.312-34.623-18.945-55.8
Action.c(35):     55-5.226-29.070 18.618-50.955 44.749-70.553 72.513-44.749 62.061-80.352 128.367-110.076 19
Action.c(35):     7.941-4.246-17.965-15.025-32.663-33.97-40.829-15.678-6.859-32.663-6.859-48.995-4.246-14.69
Action.c(35):     9 2.286-29.070 6.533-45.076 10.126-0.653-5.879-3.593-13.392-1.307-17.312 4.573-6.859 12.41
Action.c(35):     2-5.226 20.251-2.613 16.332 5.553 33.317 6.859 49.975 2.94 18.945-4.246 35.277-13.065 45.7
Action.c(35):     29-30.050 6.206-10.126 4.9-15.678-6.206-19.925-13.392-5.226-16.332-10.126-28.744-12.085-7.
Action.c(35):     839-1.307-9.146-3.266-24.824-1.633-15.025 4.246-38.216 15.678-49.648 34.95-3.593 5.879-10.
Action.c(35):     126 9.799-15.352 15.025-3.266-3.92-4.573-6.206-6.206-7.839-4.9-4.246-9.472-9.472-15.025-12
Action.c(35):     .412-3.266-1.633-6.859-0.327-12.739 1.633s1.633 8.493 3.593 12.085c2.286 3.92 6.533 6.859 
Action.c(35):     9.472 10.452 5.553 7.186 10.126 15.025 10.779 23.844-16.658-2.94-32.337-6.533-48.015-8.166
Action.c(35):     -0.98 0-1.96 0-2.94-0.327 0-13.392 0-26.784 0.327-40.176 0.327-31.357-3.92-59.448-22.538-8
Action.c(35):     5.252-22.538-30.704-33.317-65-28.091-103.217 1.96-13.719-4.246-20.251-18.945-19.925-65.327
Action.c(35):      0.327-130.981 0.327-196.307 0-13.392 0-19.925 5.553-17.965 18.618 5.226 38.543-5.879 72.1
Action.c(35):     86-29.070 102.89-6.533 8.819-12.085 18.292-16.658 28.417-3.593 8.166-7.186 17.312-7.186 26
Action.c(35):     .131-0.98 60.427-0.98 120.528-0.98 180.629h-45.729c2.286 14.699 3.266 24.498 5.226 34.297 
Action.c(35):     38.543 184.549 77.412 368.771 115.955 553.319 4.246 19.925 10.126 28.744 26.457 28.744h533
Action.c(35):     .068c14.699 0 21.558-7.186 25.478-26.131 38.87-186.508 77.739-373.344 117.589-559.525 3.59
Action.c(35):     3-16.658 3.266-25.804-2.286-30.377l-30.050-0.327zM566.058 238.117c-12.739 23.191-43.116 30
Action.c(35):     .704-73.166 17.965 13.392-27.111 45.729-34.95 73.166-17.965zM666.988 366.484c1.633 0.327 3
Action.c(35):     .593 1.633 4.9 0.98 4.573-1.96 8.819-4.573 13.392-6.859-2.613-4.573-4.246-11.759-8.166-13.
Action.c(35):     392-20.251-7.513-40.829-5.879-60.754 3.266-1.307-0.98-2.613-2.286-3.92-3.266 20.578-39.849
Action.c(35):      39.849-80.679 62.387-119.222 12.085-20.578 32.010-32.010 58.468-26.784 3.92 0.98 9.472-4.
Action.c(35):     573 14.045-7.186-3.266-4.573-6.206-12.085-10.126-13.065-10.779-2.613-22.211-1.96-34.95-2.9
Action.c(35):     4 3.266-5.226 6.859-10.779 10.452-16.332 20.578-29.397 40.503-59.121 69.9-80.352 8.166-5.8
Action.c(35):     79 20.578-11.759 29.724-10.126 12.085 2.286 13.065 17.312 12.739 28.091-0.653 25.804-0.327
Action.c(35):      52.262-5.553 77.086-15.352 73.819-37.89 144.373-67.613 212.313h-150.905c14.372-19.598 38.
Action.c(35):     87-28.091 65.98-22.211zM398.494 296.584c1.96 0.327 4.246 0.653 6.206 0.98 15.025 2.94 29.7
Action.c(35):     24 7.513 44.422 12.085 10.126 2.94 18.945 2.94 29.070-0.98 17.965-7.186 37.236-12.085 56.8
Action.c(35):     34-10.779 30.377 2.286 45.729 18.618 46.709 48.995 0 2.613 0 4.9 0 7.513-0.327 5.879-0.98 
Action.c(35):     11.759-1.96 17.312-2.286 5.879-4.573 11.759-6.859 17.638h-225.378c-3.92-16.332-5.879-33.31
Action.c(35):     7-2.94-50.302 3.92-21.885 14.699-35.93 31.357-40.829 7.186-1.96 14.699-2.613 22.538-1.633z
Action.c(35):     M337.414 130.654c12.739 22.864 24.498 43.442 35.603 64.020 2.613 4.573 3.92 10.452 3.92 15
Action.c(35):     .678 0 23.844 0 48.015 0 71.86-31.030 5.553-50.302 29.724-51.282 66.307-0.327 14.045 0.653
Action.c(35):      27.764 2.94 41.156h-29.397c0-58.468 0-116.935 0.327-175.403 0-8.819 2.94-18.292 6.859-26.
Action.c(35):     131 8.819-18.945 19.598-36.91 31.030-57.488zM138.82 56.181c61.734 0 123.468 0 187.162 0 0 
Action.c(35):     13.719 0 26.131 0 40.176-62.387 0-124.121 0-187.162 0 0-13.065 0-26.131 0-40.176zM130.981 
Action.c(35):     121.181c0.98-1.633 4.573-2.94 6.859-2.94 59.121 0 118.242 0 180.302 0-12.739 23.191-23.844
Action.c(35):      44.422-35.93 65-1.307 2.613-6.206 4.246-9.799 4.246-59.121 0.327-118.568 0.327-181.282 0.
Action.c(35):     327 14.372-23.844 26.784-45.402 39.849-66.633zM84.925 211.333c63.041 0 126.081 0 190.101 0
Action.c(35):      0 59.448 0 118.568 0 178.016h-190.101c0-59.121 0-118.568 0-178.016zM693.772 976.638h-521.
Action.c(35):     309c-0.653-0.327-1.307-0.327-1.633-0.653l-122.488-561.159 766.938 1.307-121.508 560.505z",
Action.c(35):     \n
Action.c(35):             "M568.344 237.463c-27.764-16.985-60.101-9.146-73.166 17.965 30.050 12.739 60.427 5
Action.c(35):     .226 73.166-17.965z",\n
Action.c(35):             "M442.917 566.058c-0.98 0-1.96 0-2.94 0-7.513 0.327-14.699 0.98-21.558 2.286-32.33
Action.c(35):     7 6.533-60.101 26.457-77.412 53.241-6.859 10.779-12.085 22.538-15.352 35.277-2.613 9.799-3
Action.c(35):     .92 19.925-3.92 30.377 0 66.96 54.548 121.508 121.508 121.508s121.508-54.548 121.508-121.5
Action.c(35):     08-54.548-121.181-121.835-121.181z"\n
Action.c(35):           ],\n
Action.c(35):           "attrs": [\n
Action.c(35):             {\n
Action.c(35):               "fill": "rgb(128, 130, 133)"\n
Action.c(35):             },\n
Action.c(35):             {\n
Action.c(35):               "fill": "rgb(93, 161, 68)"\n
Action.c(35):             },\n
Action.c(35):             {\n
Action.c(35):               "fill": "rgb(93, 161, 68)"\n
Action.c(35):             }\n
Action.c(35):           ],\n
Action.c(35):           "width": 872,\n
Action.c(35):           "isMulticolor": true,\n
Action.c(35):           "grid": 32,\n
Action.c(35):           "tags": [\n
Action.c(35):             "deliver_icon"\n
Action.c(35):           ],\n
Action.c(35):           "defaultCode": 59818\n
Action.c(35):         },\n
Action.c(35):         {\n
Action.c(35):           "paths": [\n
Action.c(35):             "M73.31 240.754c-18.274 0-32.511 2.337-45.048-0.85-8.287-2.125-19.762-12.537-19.76
Action.c(35):     2-19.549 0-7.437 9.137-18.274 18.274-22.099 3.187-1.275 10.412-0.85 15.937-0.85 228.004 0 
Action.c(35):     456.008 0 684.012 0 7.225 0 16.149-1.487 21.037 2.125 7.012 5.1 15.512 14.662 15.087 21.88
Action.c(35):     7-0.425 6.8-10.837 15.724-18.487 18.274-9.775 3.187-21.249 0.85-36.336 0.85 0 12.325 0 22.
Action.c(35):     737 0 33.149 0 184.656 0 369.099 0 553.755 0 73.735-34.424 108.371-107.521 108.371-141.095
Action.c(35):      0-282.19 0.212-423.284 0-68.21 0-103.484-35.486-103.484-103.696 0-186.356 0-372.711 0-559
Action.c(35):     .067-0.425-9.775-0.425-19.549-0.425-32.299zM663.188 243.091c-184.443 0-364.637 0-546.317 0
Action.c(35):      0 11.050 0 20.187 0 29.111 0 185.506 0 370.799 0 556.305 0 50.148 14.662 65.023 64.173 65
Action.c(35):     .023 138.332 0 276.877 0 415.21 0 52.911 0 67.148-14.237 67.148-67.998 0-183.593 0-367.187
Action.c(35):      0-550.78-0.212-9.775-0.212-19.549-0.212-31.661z",\n
Action.c(35):             "M385.461 43.136c36.124 0 72.247-0.637 108.371 0.212 43.773 0.85 67.785 25.712 68.
Action.c(35):     422 69.91 0.212 15.299 2.125 31.236-1.062 45.898-1.912 8.075-12.962 19.762-19.762 19.762-7
Action.c(35):     .437 0-19.124-10.837-21.037-18.699-3.612-14.449-1.7-30.386-1.275-45.898 0.425-17.637-6.8-2
Action.c(35):     7.624-25.287-27.624-72.247 0-144.707 0-216.955 0-18.274 0-25.712 9.987-25.287 27.624 0.425
Action.c(35):      14.449 2.55 29.749-1.062 43.136-2.55 8.925-14.024 15.299-21.462 22.949-7.012-7.862-18.487
Action.c(35):     -15.087-19.762-24.012-2.975-18.487-1.912-37.824-0.212-56.735 2.762-31.874 28.261-55.035 62
Action.c(35):     .473-56.098 38.036-1.062 75.86-0.212 113.896-0.212 0-0 0-0 0-0.212z",\n
Action.c(35):             "M258.603 574.366c0 65.235-0.212 130.258 0.212 195.493 0 15.512-0.85 31.449-20.187
Action.c(35):      32.086-20.612 0.637-23.374-15.299-23.374-32.299 0.212-129.408 0.212-258.816 0-388.223 0-1
Action.c(35):     6.149 0.85-33.149 22.099-33.149 22.312 0 21.249 17.637 21.249 33.361 0 64.173 0 128.345 0 
Action.c(35):     192.73z",\n
Action.c(35):             "M556.517 574.154c0 64.173 0 128.133 0 192.305 0 16.787 0.637 35.486-22.312 35.274
Action.c(35):     -21.037-0.212-21.249-17.637-21.249-33.786 0.212-128.983 0.212-258.178 0-387.161 0-16.362 0
Action.c(35):     .85-33.149 22.312-32.511 21.674 0.425 21.249 17.849 21.249 33.786 0 63.96 0 127.92 0 192.0
Action.c(35):     93z",\n
Action.c(35):             "M364.637 573.941c0-64.173 0-128.345 0-192.73 0-15.512-1.062-33.361 21.462-33.149 
Action.c(35):     21.887 0.212 21.887 17.849 21.887 33.574 0 129.408 0 258.603 0 388.011 0 16.574-2.55 32.93
Action.c(35):     6-23.587 32.086-19.762-0.85-19.974-17.212-19.974-32.299 0.212-65.235 0.212-130.258 0.212-1
Action.c(35):     95.493z"\n
Action.c(35):           ],\n
Action.c(35):           "width": 770,\n
Action.c(35):           "grid": 32,\n
Action.c(35):           "tags": [\n
Action.c(35):             "trash-can-closed"\n
Action.c(35):           ],\n
Action.c(35):           "defaultCode": 59821\n
Action.c(35):         },\n
Action.c(35):         {\n
Action.c(35):           "paths": [\n
Action.c(35):             "M108.584 1016.138c-30.174-259.878-60.135-518.056-90.309-778.147 245.641 0 489.37 
Action.c(35):     0 735.436 0-28.261 259.665-56.31 518.056-84.572 778.147-186.781 0-372.074 0-560.554 0zM522
Action.c(35):     .731 878.655c-0.212 0-0.425 0-0.637 0 0 4.25 0 8.5 0 12.75-0.212 25.499 12.325 41.861 33.3
Action.c(35):     61 43.561 21.674 1.7 37.611-14.449 39.524-40.799 8.287-107.521 16.362-214.83 24.437-322.35
Action.c(35):     1 5.312-69.060 10.2-138.12 15.299-207.392 1.7-22.524-7.225-39.099-30.174-43.986-19.124-4.0
Action.c(35):     37-33.361 5.312-40.586 23.374-2.762 7.012-3.4 15.087-3.825 22.737-12.325 170.844-24.862 34
Action.c(35):     1.475-37.399 512.106zM254.991 895.017c-3.612-37.611-6.8-70.76-9.987-103.909-13.812-144.707
Action.c(35):     -27.624-289.414-41.436-434.122-1.7-17.849-10.412-30.599-28.899-34.849-26.349-6.162-46.111 
Action.c(35):     12.962-43.561 44.198 6.587 77.56 14.024 155.119 21.462 232.466 9.562 99.659 18.912 199.318
Action.c(35):      29.111 298.764 2.55 25.287 19.337 39.524 39.949 37.399 21.037-2.125 33.999-19.762 33.361-
Action.c(35):     39.949zM421.372 629.614c-0.425 0-0.85 0-1.275 0 0-89.034 0.212-178.281-0.212-267.315 0-27.
Action.c(35):     411-17.212-45.048-39.949-42.711-20.824 2.125-32.936 17.849-32.936 44.411 0 107.096 0.425 2
Action.c(35):     14.192 0.637 321.288 0.212 69.485 0 138.757 0.425 208.242 0.212 27.836 16.574 44.411 40.16
Action.c(35):     1 42.286 21.462-1.912 32.936-16.362 32.936-43.986 0.212-87.334 0.212-174.881 0.212-262.215
Action.c(35):     z",\n
Action.c(35):             "M62.473 230.129c-27.624 0.637-51.211-19.762-53.761-46.111s14.874-49.723 43.136-55
Action.c(35):     .035c41.223-7.65 82.659-14.237 123.883-21.249 9.35-1.487 18.487-4.462 27.836-4.462 22.524-
Action.c(35):     0.212 36.761-10.2 43.986-31.449 7.225-21.462 21.249-31.236 45.048-34.211 54.186-7.012 108.
Action.c(35):     159-16.574 161.707-27.624 23.374-4.887 39.949 3.825 55.46 17.424 18.062 15.724 36.549 20.1
Action.c(35):     87 60.985 14.662 43.986-10.2 89.034-16.362 133.87-23.799 29.536-4.887 54.823 11.687 60.135
Action.c(35):      38.461 5.95 30.174-11.050 55.885-43.348 61.41-217.38 37.399-434.759 74.372-652.351 111.55
Action.c(35):     8-2.337 0-5.1 0.212-6.587 0.425z"\n
Action.c(35):           ],\n
Action.c(35):           "width": 770,\n
Action.c(35):           "grid": 32,\n
Action.c(35):           "tags": [\n
Action.c(35):             "trash-can-open"\n
Action.c(35):           ],\n
Action.c(35):           "defaultCode": 59822\n
Action.c(35):         },\n
Action.c(35):         {\n
Action.c(35):           "paths": [\n
Action.c(35):             "M175.514 841.318c33.997 0 66.355 0 110.387 0-19.251-1
Action.c(35): t=8817ms: 12288-byte DECODED response body for "https://stage.peapod.com/shop/images/icons/PeapodIcons.json" (RelFrameId=1, Internal ID=3)
Action.c(35):     3.722-29.696-21.299-39.936-28.672-109.978-78.029-176.333-181.658-186.573-318.054-4.096-54.
Action.c(35):     067 2.048-59.597 55.091-59.597 214.426-0.205 428.851 0 643.482 0 54.067 0 108.134 0.614 16
Action.c(35):     2.202-0.205 32.358-0.614 45.466 13.312 43.827 45.875-6.349 130.048-60.211 234.906-162.816 
Action.c(35):     314.778-9.011 6.963-18.432 13.312-27.648 19.866-9.011 6.144-18.022 12.288-36.659 24.781 43
Action.c(35):     .418 0 76.39 0 111.206 0 0 23.142 0 41.574 0 62.259-224.051 0-446.669 0-672.154 0-0.41-18.
Action.c(35):     842-0.41-37.069-0.41-61.030zM124.928 499.712c11.264 184.115 189.85 334.438 392.192 331.162
Action.c(35):      199.066-3.072 373.76-155.034 379.29-331.162-257.229 0-514.253 0-771.482 0z",\n
Action.c(35):             "M740.352 941.261c0 19.046 0 35.43 0 55.296-151.757 0-302.899 0-456.499 0 0-17.613
Action.c(35):      0-34.611 0-55.296 150.323 0 301.67 0 456.499 0z",\n
Action.c(35):             "M676.864 52.224c-23.347 41.37-13.926 79.462 2.048 117.76 9.011 21.914 17.613 44.6
Action.c(35):     46 21.504 67.994 8.806 51.61-15.36 72.090-72.294 61.235 25.805-39.117 13.107-77.21-1.843-1
Action.c(35):     15.507-8.192-20.89-17.408-42.189-20.685-64.102-8.192-54.272 10.035-72.090 71.27-67.379z",\n
Action.c(35):             "M534.938 29.696c-23.347 41.37-13.926 79.462 2.048 117.76 9.011 21.914 17.613 44.6
Action.c(35):     46 21.504 67.994 8.806 51.61-15.36 72.090-72.294 61.235 25.805-39.117 13.107-77.21-1.843-1
Action.c(35):     15.507-8.192-20.89-17.408-42.189-20.685-64.102-8.192-54.272 10.035-72.090 71.27-67.379z",\n
Action.c(35):             "M393.626 55.501c-25.395 42.394-11.469 82.125 5.325 122.675 8.192 19.661 15.565 40
Action.c(35):     .346 18.227 61.235 6.963 53.248-11.674 70.246-70.042 63.078 27.238-48.128 7.168-91.75-10.8
Action.c(35):     54-135.987-5.734-13.926-10.035-28.672-12.698-43.418-9.83-56.115 10.24-75.981 70.042-67.584
Action.c(35):     z"\n
Action.c(35):           ],\n
Action.c(35):           "grid": 32,\n
Action.c(35):           "tags": [\n
Action.c(35):             "coffee"\n
Action.c(35):           ],\n
Action.c(35):           "defaultCode": 59823\n
Action.c(35):         },\n
Action.c(35):         {\n
Action.c(35):           "paths": [\n
Action.c(35):             "M14.071 995.019c4.62-54.812 8.61-104.794 13.231-154.776 9.45-103.324 17.431-207.0
Action.c(35):     68 29.611-309.972 17.641-149.526 155.406-236.469 298.422-190.687 4.2 1.26 8.19 2.73 13.231
Action.c(35):      4.2 15.331-21.211 18.691-38.642 1.26-62.792-42.212-58.592-72.663-123.695-83.793-195.518-3
Action.c(35):     .36-21.841 0.63-53.132 16.171-66.153 18.061-15.331 38.011-0.21 53.972 11.55 68.673 50.822 
Action.c(35):     85.473 121.805 77.073 202.028-1.89 17.011-5.46 33.811-8.4 51.452 27.091-18.271 51.662-38.0
Action.c(35):     11 78.753-52.712 37.591-20.371 77.703-22.051 114.034 3.57 11.55 8.19 26.251 25.201 24.571 
Action.c(35):     35.701-1.89 12.6-18.481 29.191-31.501 32.551-49.772 12.18-100.804 19.531-151.206 28.981-14
Action.c(35):     .491 2.73-29.401 4.62-43.472 9.030-19.321 5.88-21.001 15.331-6.72 28.561 118.025 110.884 1
Action.c(35):     07.104 271.961-24.991 365.414-114.664 81.063-229.539 161.916-344.413 242.979-7.14 4.83-14.
Action.c(35):     491 9.030-25.831 16.591zM51.032 932.856c79.173-55.862 154.566-109.204 232.689-164.226-21.6
Action.c(35):     31-15.961-28.561-20.791-48.092-34.651 0-28.981-0.63-13.441-0.21-36.331 19.951 13.441 42.84
Action.c(35):     2 32.551 61.322 42.422 5.67 3.15 15.331 7.35 18.691 4.83 35.911-25.201 75.813-45.782 103.9
Action.c(35):     54-83.163-24.151-14.281-45.362-27.091-67.833-40.532-0.21-16.591 0.21-15.121-0.42-30.031 23
Action.c(35):     .941 13.021 62.162 30.451 85.683 43.262 18.901-38.011 27.301-74.973 20.371-114.034-1.89-10
Action.c(35):     .080-10.080-21.631-18.901-27.511-25.831-17.011-53.342-31.711-81.273-47.882 0.63-24.571 0.8
Action.c(35):     4-16.591 0-35.701 20.791 11.34 55.652 32.551 77.913 44.522-44.942-101.224-200.558-131.255-
Action.c(35):     268.6-54.602 43.472 25.411 102.484 61.112 147.216 87.153-22.891 10.5-9.030 3.57-31.711 14.
Action.c(35):     911-48.512-27.931-139.445-80.433-148.056-80.013s-43.892 85.053-43.472 92.614c0.42 7.56 82.
Action.c(35):     113 49.142 114.244 67.833-23.521 9.24-13.441 4.2-36.751 14.911-28.561-15.961-54.602-30.241
Action.c(35):     -82.743-45.992-4.2 48.092-7.35 91.564-12.39 134.825-1.89 15.751 3.78 23.521 16.801 30.661 
Action.c(35):     31.711 17.221 62.792 36.121 94.924 55.022-22.471 9.24-12.18 4.62-32.131 14.701-33.391-19.1
Action.c(35):     11-49.562-26.881-84.213-46.412-5.25 54.182-10.080 103.534-14.701 153.096-1.050 11.55-1.26 
Action.c(35):     22.891-2.31 40.322zM394.605 266.71c28.981-103.324-11.34-202.028-82.113-220.299 5.88 80.433
Action.c(35):      38.011 149.316 82.113 220.299zM462.438 300.732c27.721-3.99 51.872-6.51 75.813-10.92s47.67
Action.c(35):     2-10.71 74.973-17.011c-43.682-40.322-105.634-27.511-150.786 27.931z",\n
Action.c(35):             "M461.808 234.999c6.3-50.192 16.171-94.084 42.842-132.305 20.371-29.191 46.622-38.
Action.c(35):     852 74.133-29.401 29.821 10.5 40.112 34.861 20.161 59.012-18.061 21.841-40.532 40.532-63.4
Action.c(35):     22 57.542-21.841 16.591-46.832 28.981-73.713 45.152zM582.143 110.674c-37.591-40.952-89.043
Action.c(35):      32.971-91.984 83.793 24.991-22.051 68.043-62.372 91.984-83.793z"\n
Action.c(35):           ],\n
Action.c(35):           "width": 655,\n
Action.c(35):           "grid": 32,\n
Action.c(35):           "tags": [\n
Action.c(35):             "carrot"\n
Action.c(35):           ],\n
Action.c(35):           "defaultCode": 59824\n
Action.c(35):         },\n
Action.c(35):         {\n
Action.c(35):           "paths": [\n
Action.c(35):             "M0 402.366h1024v219.493h-1024v-219.493z"\n
Action.c(35):           ],\n
Action.c(35):           "grid": 32,\n
Action.c(35):           "tags": [\n
Action.c(35):             "minus"\n
Action.c(35):           ],\n
Action.c(35):           "defaultCode": 59825\n
Action.c(35):         },\n
Action.c(35):         {\n
Action.c(35):           "paths": [\n
Action.c(35):             "M1024 402.366h-402.366v-402.366h-219.267v402.366h-402.366v219.267h402.366v402.366
Action.c(35):     h219.267v-402.366h402.366z"\n
Action.c(35):           ],\n
Action.c(35):           "grid": 32,\n
Action.c(35):           "tags": [\n
Action.c(35):             "plus"\n
Action.c(35):           ],\n
Action.c(35):           "defaultCode": 59826\n
Action.c(35):         },\n
Action.c(35):         {\n
Action.c(35):           "paths": [\n
Action.c(35):             "M676.231 676.231l-56.585-170.836-326.43-326.43-114.251 114.251 326.43 326.43 170.
Action.c(35):     836 56.585zM27.626 27.626c-31.563 31.563-31.563 82.687 0 114.251l84.084 84.084 114.251-114
Action.c(35):     .251-84.084-84.084c-31.563-31.563-82.687-31.563-114.251 0zM956.555 194.461h-450.207l63.508
Action.c(35):      63.508h386.699v698.586h-698.586v-386.699l-63.508-63.508v450.207c0 35.056 28.452 63.508 63
Action.c(35):     .508 63.508h698.586c35.056 0 63.508-28.452 63.508-63.508v-698.586c0-35.056-28.452-63.508-6
Action.c(35):     3.508-63.508z"\n
Action.c(35):           ],\n
Action.c(35):           "grid": 32,\n
Action.c(35):           "tags": [\n
Action.c(35):             "icon_pencil-edit"\n
Action.c(35):           ],\n
Action.c(35):           "defaultCode": 59827\n
Action.c(35):         },\n
Action.c(35):         {\n
Action.c(35):           "paths": [\n
Action.c(35):             "M251.182 1024v-1023.783h-81.742c-93.544 0-169.44 75.896-169.44 169.44v684.904c0 9
Action.c(35):     3.49 75.896 169.44 169.44 169.44h81.742z",\n
Action.c(35):             "M1002.022 0.217h218.81v1023.783h-218.81v-1023.783z",\n
Action.c(35):             "M566.675 0.217h160.724v1023.783h-160.724v-1023.783z",\n
Action.c(35):             "M819.103 0.217h91.487v1023.783h-91.487v-1023.783z",\n
Action.c(35):             "M342.236 0.217h136.472v1023.783h-136.472v-1023.783z",\n
Action.c(35):             "M1310.423 0.217v1023.783h68.642c93.76 0 169.71-75.95 169.71-169.656v-684.688c0-93
Action.c(35):     .76-75.95-169.656-169.71-169.656h-68.642v0.217z"\n
Action.c(35):           ],\n
Action.c(35):           "width": 1549,\n
Action.c(35):           "grid": 32,\n
Action.c(35):           "tags": [\n
Action.c(35):             "barcode"\n
Action.c(35):           ],\n
Action.c(35):           "defaultCode": 59828\n
Action.c(35):         },\n
Action.c(35):         {\n
Action.c(35):           "paths": [\n
Action.c(35):             "M967.476 0h-910.962c-0.003-0-0.007-0-0.010-0-31.206 0-56.504 25.298-56.504 56.504
Action.c(35):      0 0.004 0 0.007 0 0.011l-0 910.961c0 31.212 25.302 56.514 56.514 56.514 0 0 0 0 0 0h490.4
Action.c(35):     3v-396.54h-133.446v-154.541h133.446v-113.97c0-132.259 80.762-204.317 198.767-204.317 0.999
Action.c(35):     -0.003 2.182-0.005 3.365-0.005 40.823 0 81.123 2.234 120.787 6.585l-4.898 137.802h-81.837c
Action.c(35):     -64.163 0-76.594 30.494-76.594 75.233v98.672h153.035l-19.896 154.541h-133.119v396.54h260.9
Action.c(35):     23c31.209-0.006 56.508-25.305 56.514-56.513l0-910.962c0-31.212-25.302-56.514-56.514-56.514
Action.c(35):      0 0 0 0 0 0z"\n
Action.c(35):           ],\n
Action.c(35):           "grid": 32,\n
Action.c(35):           "tags": [\n
Action.c(35):             "social-facebook"\n
Action.c(35):           ],\n
Action.c(35):           "defaultCode": 59829\n
Action.c(35):         },\n
Action.c(35):         {\n
Action.c(35):           "paths": [\n
Action.c(35):             "M512 92.252c136.714 0 152.904 0.522 206.848 2.98 34.243 0.421 66.859 6.851 97.016
Action.c(35):      18.281 21.137 8.016 40.801 21.065 56.886 37.612 16.62 16.158 29.67 35.822 37.972 57.815 1
Action.c(35):     1.166 29.313 17.614 61.945 18.044 96.027 2.47 54.17 2.982 70.369 2.982 207.032s-0.522 152.
Action.c(35):     904-2.98 206.848c-0.421 34.243-6.851 66.859-18.281 97.016-16.957 42.834-51.738 77.614-95.3
Action.c(35):     7 94.82-29.37 11.203-62.002 17.652-96.084 18.082-54.17 2.47-70.359 2.982-207.032 2.982s-15
Action.c(35):     2.914-0.522-206.848-2.98c-34.243-0.421-66.859-6.851-97.016-18.281-21.137-8.016-40.801-21.0
Action.c(35):     65-56.886-37.612-16.62-16.158-29.669-35.822-37.972-57.815-11.166-29.313-17.614-61.945-18.0
Action.c(35):     44-96.027-2.459-54.129-2.982-70.318-2.982-207.032s0.522-152.904 2.98-206.848c0.421-34.243 
Action.c(35):     6.851-66.859 18.281-97.016 8.016-21.137 21.065-40.801 37.612-56.886 16.158-16.62 35.822-29
Action.c(35):     .669 57.815-37.972 29.313-11.166 61.945-17.614 96.027-18.044 54.129-2.459 70.318-2.982 207
Action.c(35):     .032-2.982zM512 0c-139.049 0-156.488 0.594-211.098 3.072-44.878 0.93-87.462 9.582-126.858 
Action.c(35):     24.675-32.914 12.71-63.166 32.797-88.075 58.151-25.427 24.981-45.514 55.233-58.509 89.005-
Action.c(35):     14.807 38.538-23.459 81.121-24.382 125.605-2.485 55.005-3.078 72.443-3.078 211.492s0.594 1
Action.c(35):     56.488 3.072 211.098c0.93 44.878 9.582 87.462 24.675 126.858 12.71 32.914 32.797 63.166 58
Action.c(35):     .151 88.075 24.981 25.427 55.233 45.514 89.005 58.509 38.538 14.807 81.121 23.459 125.605 
Action.c(35):     24.382 55.005 2.495 72.443 3.078 211.492 3.078s156.488-0.584 211.098-3.072c44.877-0.926 87
Action.c(35):     .461-9.575 126.858-24.664 66.402-26.322 119.98-79.903 146.547-147.11 14.844-38.594 23.496-
Action.c(35):     81.178 24.419-125.661 2.495-55.005 3.078-72.443 3.078-211.492s-0.594-156.488-3.072-211.098
Action.c(35):     c-0.926-44.877-9.575-87.461-24.664-126.858-12.71-32.914-32.797-63.166-58.151-88.074-24.981
Action.c(35):     -25.427-55.233-45.514-89.005-58.509-38.541-14.808-81.128-23.461-125.616-24.382-55.004-2.48
Action.c(35):     5-72.443-3.078-211.492-3.078v0z",\n
Action.c(35):             "M512 249.078c-145.208 0-262.922 117.714-262.922 262.922s117.714 262.922 262.922 2
Action.c(35):     62.922c145.208 0 262.922-117.714 262.922-262.922s-117.714-262.922-262.922-262.922c0 0 0 0 
Action.c(35):     0 0zM512 682.66c-94.258-0-170.67-76.412-170.67-170.67s76.412-170.67 170.67-170.67c94.258 0
Action.c(35):      170.67 76.412 170.67 170.67 0 0.004-0 0.007-0 0.011 0 94.258-76.412 170.67-170.67 170.67s
Action.c(35):     -170.67-76.412-170.67-170.67c0-94.258 76.412-170.67 170.67-170.67s170.67 76.412 170.67 170
Action.c(35):     .67c0 94.258-76.412 170.67-170.67 170.67z",\n
Action.c(35):             "M846.746 238.694c0 33.932-27.508 61.44-61.44 61.44s-61.44-27.508-61.44-61.44c0-33
Action.c(35):     .932 27.508-61.44 61.44-61.44s61.44 27.508 61.44 61.44z"\n
Action.c(35):           ],\n
Action.c(35):           "grid": 32,\n
Action.c(35):           "tags": [\n
Action.c(35):             "social-instagram"\n
Action.c(35):           ],\n
Action.c(35):           "defaultCode": 59830\n
Action.c(35):         },\n
Action.c(35):         {\n
Action.c(35):           "paths": [\n
Action.c(35):             "M512 0c-282.755 0.020-511.965 229.243-511.965 512 0 215.605 133.267 400.083 321.9
Action.c(35):     21 475.556-1.024-39.291-5.069-101.427 5.233-145.654 9.298-39.936 60.037-254.495 60.037-254
Action.c(35):     .495-9.715-21.739-15.373-47.11-15.373-73.803 0-0.776 0.005-1.552 0.014-2.326-0.001-71.071 
Action.c(35):     41.266-124.227 92.64-124.227 43.684 0 64.778 32.768 64.778 72.12 0 43.93-27.965 109.568-42
Action.c(35):     .404 170.476-12.063 50.964 25.6 92.518 75.776 92.518 91.003 0 160.952-95.949 160.952-234.4
Action.c(35):     96 0-122.583-88.064-208.302-213.862-208.302-145.674 0-231.188 109.271-231.188 222.208 0.07
Action.c(35):     3 43.926 14.354 84.503 38.492 117.394 2.174 2.182 3.748 5.873 3.748 9.932 0 1.495-0.213 2.
Action.c(35):     939-0.612 4.305-3.864 16.060-12.496 50.846-14.196 57.952-2.232 9.37-7.424 11.356-17.121 6.
Action.c(35):     851-63.857-29.737-103.834-123.228-103.834-198.298 0-161.516 117.35-309.832 338.299-309.832
Action.c(35):      177.613 0 315.638 126.566 315.638 295.711 0 176.456-111.258 318.464-265.687 318.464-51.87
Action.c(35):     6 0-100.659-26.952-117.35-58.788 0 0-25.672 97.761-31.898 121.713-11.561 44.472-42.762 100
Action.c(35):     .219-63.642 134.226 45.279 14.525 97.365 22.897 151.407 22.897 282.798 0 512.051-229.253 5
Action.c(35):     12.051-512.051 0-282.729-229.142-511.94-511.845-512.051z"\n
Action.c(35):           ],\n
Action.c(35):           "grid": 32,\n
Action.c(35):           "tags": [\n
Action.c(35):             "social-pinterest"\n
Action.c(35):           ],\n
Action.c(35):           "defaultCode": 59831\n
Action.c(35):         },\n
Action.c(35):         {\n
Action.c(35):           "paths": [\n
Action.c(35):             "M1024 195.789c-35.134 16.006-75.89 27.655-118.631 32.883 41.412-26.112 74.068-66.
Action.c(35):     507 89.913-114.543-37.975 21.704-82.669 39.393-130.282 49.039-41.143-40.321-95.523-65.709-
Action.c(35):     155.833-65.709-116.139 0-210.289 94.149-210.289 210.289 0 16.842 1.98 33.221 5.72 48.918-1
Action.c(35):     75.301-10.454-329.246-93.617-432.462-219.869-18.725 29.21-29.289 65.648-29.289 104.554 0 7
Action.c(35):     2.591 36.776 136.593 92.713 174.39-34.356-0.656-66.981-10.26-95.46-26.344 1.044 1.423 1.04
Action.c(35):     4 2.293 1.044 3.184 0.020 101.321 71.718 185.89 167.145 205.76-15.19 4.913-34.201 7.601-53
Action.c(35):     .841 7.601-14.031 0-27.742-1.372-41.005-3.989 28.979 84.35 106.046 144.35 197.378 146.126-
Action.c(35):     70.71 56.065-161.421 89.931-260.041 89.931-0.234 0-0.468-0-0.703-0.001-0.009 0-0.062 0-0.1
Action.c(35):     15 0-17.607 0-34.966-1.064-52.015-3.131 92.912 59.387 204.104 94.585 323.518 94.585 0.201 
Action.c(35):     0 0.402-0 0.603-0 386.396 0 597.708-320.123 597.708-597.739q0-13.66-0.604-27.177c41.28-30.
Action.c(35):     074 76.063-66.109 103.865-107.249z"\n
Action.c(35):           ],\n
Action.c(35):           "grid": 32,\n
Action.c(35):           "tags": [\n
Action.c(35):             "social-twitter"\n
Action.c(35):           ],\n
Action.c(35):           "defaultCode": 59832\n
Action.c(35):         },\n
Action.c(35):         {\n
Action.c(35):           "paths": [\n
Action.c(35):             "M1013.76 308.972s-10.004-70.564-40.704-101.642c-38.912-40.786-82.586-40.96-102.60
Action.c(35):     5-43.377-143.278-10.353-358.226-10.353-358.226-10.353h-0.451s-214.938 0-358.236 10.363c-20
Action.c(35):     .019 2.386-63.652 2.591-102.605 43.377-30.7 31.068-40.694 101.632-40.694 101.632-6.044 49.
Action.c(35):     239-9.75 106.767-10.236 165.063l-0.004 78.363c0.49 58.965 4.197 116.489 10.955 173.076s9.2
Action.c(35):     79 63.212 39.979 94.29c38.912 40.786 90.112 39.496 112.906 43.766 81.92 7.854 348.16 10.24
Action.c(35):      348.16 10.24s215.173-0.328 358.461-10.68c20.019-2.386 63.662-2.591 102.605-43.377 30.72-3
Action.c(35):     1.078 
Action.c(35): t=8857ms: 10822-byte DECODED response body for "https://stage.peapod.com/shop/images/icons/PeapodIcons.json" (RelFrameId=1, Internal ID=3)
Action.c(35):     40.704-101.642 40.704-101.642 6.039-49.233 9.745-106.76 10.236-165.055l0.004-78.309c-0.498
Action.c(35):     -58.978-4.209-116.505-10.966-173.096zM406.282 646.533v-287.744l276.685 144.384z"\n
Action.c(35):           ],\n
Action.c(35):           "grid": 32,\n
Action.c(35):           "tags": [\n
Action.c(35):             "social-youtube"\n
Action.c(35):           ],\n
Action.c(35):           "defaultCode": 59833\n
Action.c(35):         },\n
Action.c(35):         {\n
Action.c(35):           "paths": [\n
Action.c(35):             "M705.272 335.682l-166.146-335.682-166.146 335.682-372.98 54.252 267.868 261.086-6
Action.c(35):     1.033 372.98 332.291-176.318 332.291 176.318-64.424-369.589 267.868-261.086-369.589-57.642
Action.c(35):     z"\n
Action.c(35):           ],\n
Action.c(35):           "width": 1075,\n
Action.c(35):           "grid": 32,\n
Action.c(35):           "tags": [\n
Action.c(35):             "icon_star"\n
Action.c(35):           ],\n
Action.c(35):           "defaultCode": 59834\n
Action.c(35):         },\n
Action.c(35):         {\n
Action.c(35):           "paths": [\n
Action.c(35):             "M832 0h-768c-35.328 0-64 28.672-64 64v896c0 35.328 28.672 64 64 64h768c35.328 0 6
Action.c(35):     4-28.672 64-64v-896c0-35.328-28.672-64-64-64zM64 64h128v896h-128v-896zM832 960h-576v-896h5
Action.c(35):     76v896zM443.584 343.488c-0.032 53.504 43.328 96.928 96.832 96.96s96.928-43.328 96.96-96.83
Action.c(35):     2c0-0.032 0-0.096 0-0.128 0.032-53.504-43.328-96.928-96.832-96.96s-96.928 43.328-96.96 96.
Action.c(35):     832c0 0.032 0 0.096 0 0.128zM542.464 479.104c-87.488 0-158.464 95.168-158.464 212.544s316.
Action.c(35):     992 117.376 316.992 0-70.976-212.544-158.528-212.544zM960 64h64v192h-64v-192zM960 320h64v1
Action.c(35):     92h-64v-192zM960 576h64v192h-64v-192z"\n
Action.c(35):           ],\n
Action.c(35):           "grid": 32,\n
Action.c(35):           "tags": [\n
Action.c(35):             "icon_contacts_alt"\n
Action.c(35):           ],\n
Action.c(35):           "defaultCode": 59835\n
Action.c(35):         },\n
Action.c(35):         {\n
Action.c(35):           "paths": [\n
Action.c(35):             "M300.8 83.2c-60.8 0-108.8 3.2-137.6 3.2h-25.6c-64 0-99.2-3.2-105.6-3.2-19.2 0-25.
Action.c(35):     6 6.4-25.6 16 0 19.2 22.4 12.8 57.6 19.2 28.8 6.4 32 16 32 51.2v499.2c0 54.4 0 67.2-41.6 7
Action.c(35):     6.8-28.8 3.2-54.4-3.2-54.4 16 0 9.6 9.6 19.2 28.8 19.2s60.8-6.4 124.8-6.4c70.4 0 112 6.4 1
Action.c(35):     31.2 6.4s28.8-6.4 28.8-19.2c0-22.4-25.6-12.8-51.2-19.2-41.6-9.6-41.6-25.6-41.6-76.8v-166.4
Action.c(35):     c0-16 3.2-22.4 12.8-22.4 6.4 0 44.8 25.6 128 12.8 96-16 179.2-96 179.2-204.8 0-131.2-83.2-
Action.c(35):     201.6-240-201.6v0zM291.2 454.4c-41.6 0-70.4-12.8-70.4-41.6v-243.2c0-41.6 9.6-54.4 64-54.4 
Action.c(35):     67.2 0 124.8 70.4 124.8 166.4 0 89.6-48 172.8-118.4 172.8v0z",\n
Action.c(35):             "M684.8 496h294.4c32 0 48-3.2 48-25.6 0-89.6-76.8-198.4-211.2-198.4-160 0-268.8 10
Action.c(35):     5.6-268.8 265.6s99.2 265.6 252.8 265.6c80 0 140.8-25.6 188.8-70.4 25.6-22.4 35.2-38.4 35.2
Action.c(35):     -51.2 0-9.6-3.2-12.8-12.8-12.8s-54.4 64-156.8 64c-118.4 0-185.6-99.2-185.6-211.2v-9.6c0-12
Action.c(35):     .8 3.2-16 16-16v0zM678.4 451.2l3.2-19.2c12.8-57.6 32-128 134.4-128 80 0 89.6 60.8 89.6 99.
Action.c(35):     2 0 64-32 57.6-118.4 57.6h-89.6c-12.8 0-19.2-3.2-19.2-9.6v0 0z",\n
Action.c(35):             "M1574.4 720c0-9.6-6.4-16-16-16-16 0-32 25.6-54.4 25.6-28.8 0-35.2-25.6-35.2-73.6v
Action.c(35):     -256c0-92.8-22.4-128-134.4-128-147.2 0-249.6 89.6-249.6 153.6 0 9.6 9.6 19.2 25.6 19.2 54.
Action.c(35):     4 0 70.4-28.8 92.8-67.2 25.6-48 48-73.6 96-73.6 44.8 0 54.4 25.6 54.4 89.6v48c0 16 0 22.4-
Action.c(35):     16 25.6l-35.2 12.8c-140.8 54.4-217.6 102.4-217.6 198.4 0 54.4 25.6 118.4 96 118.4 51.2 0 8
Action.c(35):     9.6-25.6 137.6-57.6l28.8-19.2h6.4c19.2 48 54.4 76.8 92.8 76.8 60.8 3.2 128-54.4 128-76.8v0
Action.c(35):     zM1356.8 630.4c0 54.4-48 96-96 96-51.2 0-64-41.6-64-86.4 0-48 38.4-99.2 92.8-118.4l44.8-19
Action.c(35):     .2c6.4-3.2 12.8-3.2 12.8-3.2 3.2 0 6.4 3.2 6.4 12.8v118.4h3.2z",\n
Action.c(35):             "M1929.6 272c-60.8 0-108.8 19.2-153.6 64l-16 12.8c-3.2 3.2-6.4 6.4-9.6 6.4s-6.4-3.
Action.c(35):     2-6.4-6.4v-54.4c0-16-3.2-22.4-12.8-22.4-12.8 0-38.4 32-96 60.8-35.2 19.2-64 19.2-64 38.4s2
Action.c(35):     2.4 9.6 38.4 19.2c19.2 6.4 22.4 19.2 22.4 51.2v499.2c0 28.8-6.4 38.4-28.8 48-28.8 9.6-51.2
Action.c(35):      0-51.2 25.6 0 9.6 6.4 16 22.4 16 19.2 0 57.6-6.4 115.2-6.4 48 0 89.6 6.4 124.8 6.4 19.2 0
Action.c(35):      28.8-6.4 28.8-16 0-25.6-25.6-16-60.8-25.6-28.8-6.4-32-16-32-48v-156.8l6.4-3.2c38.4 16 76.
Action.c(35):     8 25.6 118.4 25.6 166.4 0 281.6-118.4 281.6-278.4-0-150.4-99.2-256-227.2-256v0zM1859.2 768
Action.c(35):     c-70.4 0-112-35.2-112-102.4v-204.8c0-73.6 35.2-108.8 112-108.8 108.8 0 182.4 80 182.4 208-
Action.c(35):     0 121.6-76.8 208-182.4 208z",\n
Action.c(35):             "M3376 704c-6.4 0-22.4 22.4-41.6 22.4-9.6 0-19.2-12.8-19.2-44.8v-572.8c0-28.8 3.2-
Action.c(35):     54.4 3.2-73.6 0-16-3.2-22.4-16-22.4-9.6 0-38.4 22.4-99.2 38.4-38.4 9.6-64 12.8-64 28.8 0 9
Action.c(35):     .6 19.2 9.6 41.6 19.2 19.2 9.6 22.4 16 22.4 41.6v131.2c0 9.6-3.2 16-9.6 16h-3.2l-19.2-6.4c
Action.c(35):     -22.4-6.4-54.4-12.8-92.8-12.8-160 0-281.6 118.4-281.6 272 0 150.4 108.8 256 252.8 256 92.8
Action.c(35):      0 144-51.2 150.4-51.2 9.6 0 12.8 48 32 48 9.6 0 51.2-22.4 121.6-41.6 22.4-6.4 35.2-6.4 35
Action.c(35):     .2-32-0-9.6-6.4-16-12.8-16v0zM3206.4 640c0 76.8-6.4 108.8-86.4 108.8-121.6 0-195.2-80-195.
Action.c(35):     2-208 0-144 76.8-236.8 172.8-236.8s108.8 54.4 108.8 166.4v169.6z",\n
Action.c(35):             "M2755.2 528c0 153.6-124.8 278.4-278.4 278.4s-278.4-124.8-278.4-278.4c0-153.6 124.
Action.c(35):     8-278.4 278.4-278.4s278.4 124.8 278.4 278.4z",\n
Action.c(35):             "M3456 128c-35.2 0-64-28.8-64-64s28.8-64 64-64c35.2 0 64 28.8 64 64s-28.8 64-64 64
Action.c(35):     zM3456 9.6c-28.8 0-54.4 25.6-54.4 54.4s25.6 54.4 54.4 54.4c28.8 0 54.4-25.6 54.4-54.4s-25.
Action.c(35):     6-54.4-54.4-54.4zM3472 102.4l-19.2-28.8h-12.8v28.8h-9.6v-73.6h28.8c12.8 0 22.4 9.6 22.4 22
Action.c(35):     .4 0 16-16 22.4-19.2 22.4l19.2 28.8h-9.6zM3462.4 35.2h-19.2v28.8h19.2c6.4 0 12.8-6.4 12.8-
Action.c(35):     12.8-0-9.6-6.4-16-12.8-16z"\n
Action.c(35):           ],\n
Action.c(35):           "attrs": [\n
Action.c(35):             {\n
Action.c(35):               "fill": "rgb(51, 51, 51)"\n
Action.c(35):             },\n
Action.c(35):             {\n
Action.c(35):               "fill": "rgb(51, 51, 51)"\n
Action.c(35):             },\n
Action.c(35):             {\n
Action.c(35):               "fill": "rgb(54, 54, 54)"\n
Action.c(35):             },\n
Action.c(35):             {\n
Action.c(35):               "fill": "rgb(51, 51, 51)"\n
Action.c(35):             },\n
Action.c(35):             {\n
Action.c(35):               "fill": "rgb(51, 51, 51)"\n
Action.c(35):             },\n
Action.c(35):             {\n
Action.c(35):               "fill": "rgb(94, 160, 0)"\n
Action.c(35):             },\n
Action.c(35):             {\n
Action.c(35):               "fill": "rgb(51, 51, 51)"\n
Action.c(35):             }\n
Action.c(35):           ],\n
Action.c(35):           "isMulticolor": true,\n
Action.c(35):           "width": 3520,\n
Action.c(35):           "grid": 32,\n
Action.c(35):           "tags": [\n
Action.c(35):             "peapod-logo-2c"\n
Action.c(35):           ],\n
Action.c(35):           "defaultCode": 59648\n
Action.c(35):         },\n
Action.c(35):         {\n
Action.c(35):           "paths": [\n
Action.c(35):             "M3633.096 780.274v-506.74h266.521c96.438 0 145.534 61.37 145.534 129.753 0 63.123
Action.c(35):     -40.329 106.959-87.671 115.726 54.356 8.767 98.192 61.37 98.192 124.493 0 75.397-50.849 13
Action.c(35):     6.767-147.288 136.767h-275.288zM3934.685 420.822c0-31.562-22.795-56.11-59.616-56.11h-135.0
Action.c(35):     14v110.466h135.014c36.822 1.753 59.616-21.041 59.616-54.356zM3945.205 627.726c0-31.562-22.
Action.c(35):     795-59.616-64.877-59.616h-138.521v117.479h138.521c40.329 1.753 64.877-21.041 64.877-57.863
Action.c(35):     z",\n
Action.c(35):             "M4378.301 780.274v-45.589c-24.548 28.055-68.384 56.11-129.753 56.11-80.658 0-119.
Action.c(35):     233-43.836-119.233-115.726v-261.26h96.438v222.685c0 50.849 26.301 68.384 68.384 68.384 36.
Action.c(35):     822 0 66.63-21.041 84.164-42.082v-248.986h96.438v368.219l-96.438-1.753z",\n
Action.c(35):             "M4536.109 732.932l42.082-68.384c26.301 24.548 80.658 50.849 126.247 50.849 42.082
Action.c(35):      0 61.37-17.534 61.37-40.329 0-24.548-33.315-31.562-73.644-40.329-63.123-12.274-143.781-28
Action.c(35):     .055-143.781-115.726 0-61.37 54.356-115.726 150.795-115.726 63.123 0 112.219 21.041 149.04
Action.c(35):     1 50.849l-38.575 66.63c-22.795-22.795-63.123-42.082-108.712-42.082-35.068 0-57.863 15.781-
Action.c(35):     57.863 36.822s28.055 28.055 70.137 35.068c63.123 12.274 147.288 29.808 147.288 120.986 0 6
Action.c(35):     6.63-57.863 117.479-159.562 117.479-64.877-0-126.247-21.041-164.822-56.11z",\n
Action.c(35):             "M4916.603 315.616c0-31.562 26.301-57.863 57.863-57.863s57.863 24.548 57.863 57.86
Action.c(35):     3c0 31.562-26.301 57.863-57.863 57.863s-57.863-26.301-57.863-57.863zM4927.123 780.274v-368
Action.c(35):     .219h96.438v368.219h-96.438z",\n
Action.c(35):             "M5363.726 780.274v-220.932c0-50.849-26.301-68.384-68.384-68.384-38.575 0-68.384 2
Action.c(35):     1.041-84.164 43.836v247.233h-96.438v-368.219h96.438v47.342c22.795-28.055 68.384-57.863 128
Action.c(35):     -57.863 80.658 0 119.233 45.589 119.233 117.479v259.507h-94.685z",\n
Action.c(35):             "M5528.548 596.164c0-106.959 78.904-192.877 189.37-192.877 108.712 0 184.11 82.411
Action.c(35):      184.11 201.644v21.041h-273.534c5.26 45.589 43.836 85.918 105.205 85.918 31.562 0 75.397-1
Action.c(35):     4.027 98.192-36.822l42.082 63.123c-36.822 33.315-94.685 50.849-150.795 50.849-110.466 0-19
Action.c(35):     4.63-73.644-194.63-192.877zM5717.918 480.438c-59.616 0-85.918 45.589-91.178 80.658h180.603
Action.c(35):     c-0-33.315-24.548-80.658-89.425-80.658z",\n
Action.c(35):             "M5937.096 732.932l42.082-68.384c26.301 24.548 80.658 50.849 126.247 50.849 42.082
Action.c(35):      0 61.37-17.534 61.37-40.329 0-24.548-33.315-31.562-73.644-40.329-63.123-12.274-143.781-28
Action.c(35):     .055-143.781-115.726 0-61.37 54.356-115.726 150.795-115.726 63.123 0 112.219 21.041 149.04
Action.c(35):     1 50.849l-38.575 66.63c-22.795-22.795-63.123-42.082-108.712-42.082-35.068 0-57.863 15.781-
Action.c(35):     57.863 36.822s28.055 28.055 70.137 35.068c63.123 12.274 147.288 29.808 147.288 120.986 0 6
Action.c(35):     6.63-57.863 117.479-159.562 117.479-64.877-0-126.247-21.041-164.822-56.11z",\n
Action.c(35):             "M6296.548 732.932l42.082-68.384c26.301 24.548 80.658 50.849 126.247 50.849 42.082
Action.c(35):      0 61.37-17.534 61.37-40.329 0-24.548-33.315-31.562-73.644-40.329-63.123-12.274-143.781-28
Action.c(35):     .055-143.781-115.726 0-61.37 54.356-115.726 150.795-115.726 63.123 0 112.219 21.041 149.04
Action.c(35):     1 50.849l-38.575 66.63c-22.795-22.795-63.123-42.082-108.712-42.082-35.068 0-57.863 15.781-
Action.c(35):     57.863 36.822s28.055 28.055 70.137 35.068c63.123 12.274 147.288 29.808 147.288 120.986 0 6
Action.c(35):     6.63-57.863 117.479-159.562 117.479-64.877-0-126.247-21.041-164.822-56.11z",\n
Action.c(35):             "M6880.438 780.274v-506.74h199.89c159.562 0 270.027 101.699 270.027 254.247s-110.4
Action.c(35):     66 254.247-270.027 254.247l-199.89-1.753zM7239.89 527.781c0-89.425-54.356-159.562-159.562-
Action.c(35):     159.562h-92.932v317.37h92.932c101.699 0 159.562-71.89 159.562-157.808z",\n
Action.c(35):             "M7397.698 596.164c0-106.959 78.904-192.877 189.37-192.877 108.712 0 184.11 82.411
Action.c(35):      184.11 201.644v21.041h-273.534c5.26 45.589 43.836 85.918 105.205 85.918 31.562 0 75.397-1
Action.c(35):     4.027 98.192-36.822l42.082 63.123c-36.822 33.315-94.685 50.849-150.795 50.849-110.466 0-19
Action.c(35):     4.63-73.644-194.63-192.877zM7587.068 480.438c-59.616 0-85.918 45.589-91.178 80.658h180.603
Action.c(35):     c0-33.315-24.548-80.658-89.425-80.658z",\n
Action.c(35):             "M7837.808 780.274v-506.74h96.438v506.74h-96.438z",\n
Action.c(35):             "M8016.657 315.616c0-31.562 26.301-57.863 57.863-57.863s57.863 24.548 57.863 57.86
Action.c(35):     3c0 31.562-26.301 57.863-57.863 57.863s-57.863-26.301-57.863-57.863zM8027.178 780.274v-368
Action.c(35):     .219h96.438v368.219h-96.438z",\n
Action.c(35):             "M8311.233 780.274l-147.288-368.219h103.452l96.438 256 96.438-256h103.452l-147.288
Action.c(35):      368.219h-105.205z",\n
Action.c(35):             "M8577.753 596.164c0-106.959 78.904-192.877 189.37-192.877 108.712 0 184.11 82.411
Action.c(35):      184.11 201.644v21.041h-271.781c5.26 45.589 43.836 85.918 105.205 85.918 31.562 0 75.397-1
Action.c(35):     4.027 98.192-36.822l42.082 63.123c-36.822 33.315-94.685 50.849-150.795 50.849-112.219 0-19
Action.c(35):     6.384-73.644-196.384-192.877zM8768.876 480.438c-59.616 0-85.918 45.589-91.178 80.658h180.6
Action.c(35):     03c-1.753-33.315-26.301-80.658-89.425-80.658z",\n
Action.c(35):             "M9019.616 780.274v-368.219h96.438v50.849c26.301-33.315 71.89-59.616 117.479-59.61
Action.c(35):     6v94.685c-7.014-1.753-15.781-1.753-26.301-1.753-31.562 0-75.397 17.534-91.178 42.082v241.9
Action.c(35):     73h-96.438z",\n
Action.c(35):             "M9289.644 838.137c8.767 3.507 21.041 5.26 29.808 5.26 24.548 0 42.082-7.014 50.84
Action.c(35):     9-26.301l14.027-31.562-149.041-373.479h103.452l96.438 256 96.438-256h103.452l-171.836 429.
Action.c(35):     589c-28.055 68.384-75.397 87.671-138.521 89.425-12.274 0-35.068-1.753-47.342-5.26l12.274-8
Action.c(35):     7.671z",\n
Action.c(35):             "M299.836 82.411c-61.37 0-105.205 3.507-136.767 3.507h-26.301c-64.877 0-99.945-3.5
Action.c(35):     07-106.959-3.507-17.534 0-26.301 5.26-26.301 15.781 0 19.288 22.795 14.027 57.863 19.288 2
Action.c(35):     9.808 5.26 33.315 15.781 33.315 50.849v497.973c0 52.603 0 68.384-40.329 75.397-28.055 5.26
Action.c(35):     -52.603-1.753-52.603 19.288 0 10.521 10.521 17.534 28.055 17.534 19.288 0 61.37-7.014 126.
Action.c(35):     247-7.014 
Action.c(35): t=8889ms: 7610-byte ENCODED response body received for "https://stage.peapod.com/shop/images/icons/PeapodIcons.json" (RelFrameId=1, Internal ID=3)
Action.c(35): t=8890ms: 12288-byte DECODED response body for "https://stage.peapod.com/shop/images/icons/PeapodIcons.json" (RelFrameId=1, Internal ID=3)
Action.c(35):     70.137 0 112.219 7.014 129.753 7.014 19.288 0 28.055-7.014 28.055-17.534 0-21.041-24.548-1
Action.c(35):     4.027-52.603-19.288-42.082-8.767-42.082-24.548-42.082-77.151v-166.575c0-14.027 3.507-22.79
Action.c(35):     5 14.027-22.795 7.014 0 45.589 26.301 126.247 14.027 96.438-15.781 180.603-94.685 180.603-
Action.c(35):     205.151-0-129.753-82.411-201.644-240.219-201.644v0zM291.068 452.384c-40.329 0-71.89-12.274
Action.c(35):     -71.89-42.082v-241.973c0-42.082 10.521-54.356 64.877-54.356 68.384 0 126.247 70.137 126.24
Action.c(35):     7 164.822-0 91.178-50.849 173.589-119.233 173.589v0z",\n
Action.c(35):             "M683.836 496.219h294.575c33.315 0 45.589-5.26 45.589-24.548 0-91.178-77.151-198.1
Action.c(35):     37-212.164-198.137-159.562 0-266.521 105.205-266.521 264.767s99.945 263.014 252.493 263.01
Action.c(35):     4c78.904 0 138.521-24.548 189.37-70.137 24.548-21.041 35.068-38.575 35.068-49.096 0-8.767-
Action.c(35):     3.507-12.274-10.521-12.274-8.767 0-54.356 64.877-157.808 64.877-117.479 0-184.11-98.192-18
Action.c(35):     4.11-210.411v-8.767c0-17.534 1.753-19.288 14.027-19.288v0zM678.575 448.877l3.507-17.534c14
Action.c(35):     .027-57.863 31.562-128 133.26-128 80.658 0 89.425 59.616 89.425 99.945 0 63.123-31.562 57.
Action.c(35):     863-119.233 57.863h-89.425c-10.521 0-15.781-3.507-15.781-8.767l-1.753-3.507z",\n
Action.c(35):             "M1571.068 720.658c0-10.521-5.26-15.781-15.781-15.781-15.781 0-33.315 24.548-54.35
Action.c(35):     6 24.548-28.055 0-33.315-24.548-33.315-73.644v-257.753c0-91.178-22.795-126.247-133.26-126.
Action.c(35):     247-147.288 0-250.74 87.671-250.74 154.301 0 10.521 10.521 19.288 26.301 19.288 54.356 0 7
Action.c(35):     1.89-28.055 92.932-66.63 26.301-45.589 49.096-71.89 96.438-71.89 45.589 0 54.356 24.548 54
Action.c(35):     .356 87.671v47.342c0 15.781-1.753 21.041-15.781 26.301l-35.068 14.027c-142.027 54.356-219.
Action.c(35):     178 103.452-219.178 196.384 0 54.356 26.301 119.233 96.438 119.233 49.096 0 91.178-26.301 
Action.c(35):     138.521-57.863l29.808-19.288h7.014c19.288 49.096 52.603 77.151 94.685 77.151 56.11 0 120.9
Action.c(35):     86-56.11 120.986-77.151v0zM1357.151 631.233c0 54.356-49.096 96.438-96.438 96.438-52.603 0-
Action.c(35):     63.123-42.082-63.123-87.671 0-47.342 38.575-98.192 91.178-119.233l45.589-17.534c7.014-3.50
Action.c(35):     7 12.274-5.26 14.027-5.26 3.507 0 7.014 5.26 7.014 14.027v119.233h1.753z",\n
Action.c(35):             "M1927.014 273.534c-59.616 0-106.959 19.288-154.301 63.123l-14.027 14.027c-3.507 3
Action.c(35):     .507-7.014 5.26-10.521 5.26s-5.26-1.753-5.26-7.014v-54.356c0-15.781-3.507-22.795-14.027-22
Action.c(35):     .795-12.274 0-36.822 31.562-96.438 61.37-36.822 15.781-64.877 17.534-64.877 35.068s22.795 
Action.c(35):     10.521 38.575 17.534c17.534 7.014 22.795 19.288 22.795 49.096v499.726c0 29.808-5.26 40.329
Action.c(35):     -28.055 47.342-29.808 10.521-52.603 0-52.603 24.548 0 10.521 7.014 15.781 22.795 15.781 19
Action.c(35):     .288 0 57.863-7.014 113.973-7.014 47.342 0 89.425 7.014 124.493 7.014 19.288 0 28.055-7.01
Action.c(35):     4 28.055-15.781 0-24.548-26.301-14.027-61.37-24.548-28.055-7.014-33.315-15.781-33.315-47.3
Action.c(35):     42v-157.808l7.014-3.507c36.822 15.781 75.397 24.548 119.233 24.548 166.575 0 282.301-117.4
Action.c(35):     79 282.301-277.041 1.753-145.534-96.438-247.233-224.438-247.233v0zM1855.123 766.247c-71.89
Action.c(35):      0-112.219-35.068-112.219-103.452v-205.151c0-73.644 35.068-108.712 112.219-108.712 108.712
Action.c(35):      0 182.356 78.904 182.356 206.904 0 122.74-73.644 210.411-182.356 210.411z",\n
Action.c(35):             "M3371.836 703.123c-7.014 0-22.795 21.041-42.082 21.041-10.521 0-17.534-14.027-17.
Action.c(35):     534-43.836v-571.616c0-28.055 5.26-54.356 5.26-75.397 0-14.027-5.26-21.041-17.534-21.041-8.
Action.c(35):     767 0-38.575 22.795-99.945 40.329-38.575 10.521-63.123 12.274-63.123 28.055 0 10.521 19.28
Action.c(35):     8 10.521 40.329 19.288 19.288 8.767 21.041 15.781 21.041 43.836v129.753c0 10.521-5.26 15.7
Action.c(35):     81-10.521 15.781h-3.507l-17.534-5.26c-21.041-7.014-54.356-12.274-92.932-12.274-159.562 0-2
Action.c(35):     82.301 117.479-282.301 271.781 0 150.795 108.712 254.247 252.493 254.247 92.932 0 142.027-
Action.c(35):     49.096 150.795-49.096 10.521 0 14.027 47.342 33.315 47.342 10.521 0 49.096-22.795 120.986-
Action.c(35):     43.836 21.041-5.26 35.068-7.014 35.068-33.315-0-8.767-7.014-15.781-12.274-15.781v0zM3200 6
Action.c(35):     40c0 77.151-5.26 108.712-85.918 108.712-120.986 0-194.63-78.904-194.63-206.904 0-142.027 7
Action.c(35):     7.151-236.712 173.589-236.712 94.685 0 108.712 54.356 108.712 164.822v170.082z",\n
Action.c(35):             "M2751.123 526.027c0 154.301-124.493 278.795-278.795 278.795s-278.795-124.493-278.
Action.c(35):     795-278.795c0-154.301 124.493-278.795 278.795-278.795s278.795 126.247 278.795 278.795z",\n
Action.c(35):             "M3450.74 128c-35.068 0-63.123-28.055-63.123-64.877 0-35.068 28.055-64.877 63.123-
Action.c(35):     64.877s64.877 28.055 64.877 64.877c0 36.822-28.055 64.877-64.877 64.877zM3450.74 10.521c-2
Action.c(35):     9.808 0-54.356 24.548-54.356 54.356s24.548 54.356 54.356 54.356c29.808 0 54.356-24.548 54.
Action.c(35):     356-54.356 0-31.562-24.548-54.356-54.356-54.356zM3468.274 101.699l-19.288-29.808h-12.274v2
Action.c(35):     9.808h-10.521v-73.644h29.808c12.274 0 24.548 8.767 24.548 22.795 0 15.781-14.027 21.041-19
Action.c(35):     .288 21.041l19.288 29.808h-12.274zM3456 36.822h-19.288v26.301h19.288c7.014 0 14.027-5.26 1
Action.c(35):     4.027-12.274 0-8.767-7.014-14.027-14.027-14.027z"\n
Action.c(35):           ],\n
Action.c(35):           "attrs": [\n
Action.c(35):             {\n
Action.c(35):               "fill": "rgb(99, 167, 10)"\n
Action.c(35):             },\n
Action.c(35):             {\n
Action.c(35):               "fill": "rgb(99, 167, 10)"\n
Action.c(35):             },\n
Action.c(35):             {\n
Action.c(35):               "fill": "rgb(99, 167, 10)"\n
Action.c(35):             },\n
Action.c(35):             {\n
Action.c(35):               "fill": "rgb(99, 167, 10)"\n
Action.c(35):             },\n
Action.c(35):             {\n
Action.c(35):               "fill": "rgb(99, 167, 10)"\n
Action.c(35):             },\n
Action.c(35):             {\n
Action.c(35):               "fill": "rgb(99, 167, 10)"\n
Action.c(35):             },\n
Action.c(35):             {\n
Action.c(35):               "fill": "rgb(99, 167, 10)"\n
Action.c(35):             },\n
Action.c(35):             {\n
Action.c(35):               "fill": "rgb(99, 167, 10)"\n
Action.c(35):             },\n
Action.c(35):             {\n
Action.c(35):               "fill": "rgb(99, 167, 10)"\n
Action.c(35):             },\n
Action.c(35):             {\n
Action.c(35):               "fill": "rgb(99, 167, 10)"\n
Action.c(35):             },\n
Action.c(35):             {\n
Action.c(35):               "fill": "rgb(99, 167, 10)"\n
Action.c(35):             },\n
Action.c(35):             {\n
Action.c(35):               "fill": "rgb(99, 167, 10)"\n
Action.c(35):             },\n
Action.c(35):             {\n
Action.c(35):               "fill": "rgb(99, 167, 10)"\n
Action.c(35):             },\n
Action.c(35):             {\n
Action.c(35):               "fill": "rgb(99, 167, 10)"\n
Action.c(35):             },\n
Action.c(35):             {\n
Action.c(35):               "fill": "rgb(99, 167, 10)"\n
Action.c(35):             },\n
Action.c(35):             {\n
Action.c(35):               "fill": "rgb(99, 167, 10)"\n
Action.c(35):             },\n
Action.c(35):             {\n
Action.c(35):               "fill": "rgb(51, 51, 51)"\n
Action.c(35):             },\n
Action.c(35):             {\n
Action.c(35):               "fill": "rgb(51, 51, 51)"\n
Action.c(35):             },\n
Action.c(35):             {\n
Action.c(35):               "fill": "rgb(54, 54, 54)"\n
Action.c(35):             },\n
Action.c(35):             {\n
Action.c(35):               "fill": "rgb(51, 51, 51)"\n
Action.c(35):             },\n
Action.c(35):             {\n
Action.c(35):               "fill": "rgb(51, 51, 51)"\n
Action.c(35):             },\n
Action.c(35):             {\n
Action.c(35):               "fill": "rgb(94, 160, 0)"\n
Action.c(35):             },\n
Action.c(35):             {\n
Action.c(35):               "fill": "rgb(51, 51, 51)"\n
Action.c(35):             }\n
Action.c(35):           ],\n
Action.c(35):           "isMulticolor": true,\n
Action.c(35):           "width": 9635,\n
Action.c(35):           "grid": 32,\n
Action.c(35):           "tags": [\n
Action.c(35):             "peapod-logo-business-2c"\n
Action.c(35):           ],\n
Action.c(35):           "defaultCode": 59836\n
Action.c(35):         },\n
Action.c(35):         {\n
Action.c(35):           "paths": [\n
Action.c(35):             "M6097.455 816.977c-20.841 0-37.514-16.673-37.514-37.514s16.673-37.514 37.514-37.5
Action.c(35):     14c20.841 0 37.514 16.673 37.514 37.514 0 20.147-16.673 37.514-37.514 37.514zM6097.455 746
Action.c(35):     .811c-18.062 0-31.957 14.589-31.957 31.957s13.894 31.957 31.957 31.957c17.368 0 31.957-14.
Action.c(35):     589 31.957-31.957s-14.589-31.957-31.957-31.957zM6107.181 800.999l-11.115-17.368h-7.642v17.
Action.c(35):     368h-6.252v-43.767h17.368c6.947 0 13.894 4.863 13.894 13.199 0 9.726-8.336 12.505-11.115 1
Action.c(35):     2.505l11.81 17.368h-6.947zM6100.234 762.79h-11.81v15.284h11.81c3.474 0 7.642-2.779 7.642-7
Action.c(35):     .642 0.695-4.863-3.474-7.642-7.642-7.642z",\n
Action.c(35):             "M300.114 83.365c-61.134 0-106.29 3.474-136.858 3.474h-25.704c-65.303 0-100.733-3.
Action.c(35):     474-106.985-3.474-17.368 0-26.399 5.558-26.399 15.284 0 20.147 22.231 13.199 57.661 20.147
Action.c(35):      29.872 5.558 33.346 15.284 33.346 50.714v498.801c0 52.798 0 68.776-40.988 76.418-28.483 5
Action.c(35):     .558-52.798-2.084-52.798 18.757 0 11.115 9.726 17.368 28.483 17.368s61.829-7.642 125.742-7
Action.c(35):     .642c69.471 0 112.543 7.642 130.605 7.642 18.757 0 28.483-6.947 28.483-17.368 0-20.841-24.
Action.c(35):     315-13.199-52.103-18.757-42.377-9.031-42.377-24.315-42.377-77.807v-166.035c0-14.589 3.474-
Action.c(35):     23.62 13.199-22.231 7.642 0.695 45.851 26.399 127.132 13.199 97.259-15.978 180.624-95.87 1
Action.c(35):     80.624-204.939 0-132.689-81.976-203.55-241.064-203.55v0zM292.472 453.645c-40.988 0-72.25-1
Action.c(35):     2.505-72.25-41.682v-242.453c0-42.377 9.726-54.187 63.913-54.187 68.776 0 125.742 69.471 12
Action.c(35):     5.742 166.035 0.695 88.923-48.63 172.288-117.406 172.288v0z",\n
Action.c(35):             "M686.372 496.022h295.251c33.346 0 46.545-4.168 46.545-24.315 0-90.312-76.418-198.
Action.c(35):     687-212.581-198.687-159.088 0-267.463 106.29-267.463 264.684 0 159.088 99.343 263.989 252.
Action.c(35):     179 263.989 79.891 0 139.636-25.704 188.961-69.471 24.315-20.841 35.43-38.904 35.43-50.019
Action.c(35):      0-9.031-3.474-12.505-11.115-12.505-9.031 0-55.577 64.608-158.393 64.608-117.406 0-184.792
Action.c(35):     -97.954-184.792-211.191v-9.031c0-15.284 2.084-17.368 15.978-18.062v0zM680.814 450.171l2.77
Action.c(35):     9-18.062c14.589-58.355 31.957-127.132 133.384-127.132 79.891 0 89.617 60.44 89.617 100.038
Action.c(35):      0 62.524-31.957 57.661-119.49 57.661h-89.617c-11.115 0-16.673-3.474-16.673-9.031l0-3.474z
Action.c(35):     ",\n
Action.c(35):             "M1574.904 721.107c0-9.726-5.558-16.673-15.284-16.673-16.673 0-33.346 24.315-54.18
Action.c(35):     7 24.315-27.788 0-34.041-25.704-34.041-72.944v-256.347c0-91.701-22.231-127.132-134.079-127
Action.c(35):     .132-147.973 0-251.484 88.228-251.484 154.92 0 11.115 11.115 20.147 26.399 20.147 54.187 0
Action.c(35):      71.555-27.788 93.786-67.387 25.704-46.545 48.63-72.944 96.564-72.944 45.156 0 55.577 25.7
Action.c(35):     04 55.577 88.228v47.935c0 15.284-1.389 20.841-15.284 26.399l-35.43 14.589c-141.72 55.577-2
Action.c(35):     18.833 104.206-218.833 196.602 0 54.187 27.094 119.49 97.259 119.49 50.019 0 90.312-25.704
Action.c(35):      138.247-57.661l29.872-20.147h7.642c20.147 48.63 53.493 77.807 94.48 77.807 53.493-0.695 1
Action.c(35):     18.795-58.355 118.795-79.197v0zM1358.849 631.49c0 54.882-48.63 97.259-96.564 97.259-52.103
Action.c(35):      0-63.218-40.988-63.218-87.533 0-47.935 38.904-97.954 91.701-118.795l46.545-18.062c6.252-3
Action.c(35):     .474 12.505-4.168 14.589-4.168 3.474 0 6.947 4.168 6.947 13.199v118.1h0z",\n
Action.c(35):             "M1930.594 273.020c-59.745 0-106.985 20.147-154.92 63.218l-14.589 13.199c-4.168 4.
Action.c(35):     168-7.642 5.558-9.726 5.558-3.474 0-5.558-2.084-5.558-7.642v-54.187c0-15.284-4.168-22.925-
Action.c(35):     13.894-22.925-12.505 0-37.514 31.262-97.259 61.134-36.82 18.757-63.218 20.147-63.218 37.51
Action.c(35):     4s22.231 11.115 38.904 18.062c17.368 7.642 22.231 20.147 22.231 50.019v500.19c0 29.872-5.5
Action.c(35):     58 39.598-29.178 47.24-29.872 9.726-52.103 0-52.103 24.315 0 9.726 7.642 16.673 22.925 16.
Action.c(35):     673 18.757 0 58.355-7.642 115.322-7.642 47.24 0 89.617 7.642 125.047 7.642 18.757 0 27.788
Action.c(35):     -7.642 27.788-16.673 0-24.315-25.704-14.589-61.829-24.315-27.788-7.642-33.346-16.673-33.34
Action.c(35):     6-47.24v-157.004l7.642-3.474c37.514 16.673 76.418 25.009 119.49 25.009 166.73 0 282.052-11
Action.c(35):     7.406 282.052-277.189 0-148.668-98.649-251.484-225.78-251.484v0zM1859.039 767.653c-72.25 0
Action.c(35):     -111.848-35.43-111.848-104.206v-205.634c0-74.334 35.43-109.764 111.848-109.764 108.374 0 1
Action.c(35):     82.014 79.891 182.014 207.023 0 125.047-73.639 212.581-182.014 212.581z",\n
Action.c(35):             "M3377.672 703.739c-7.642 0-22.231 20.841-41.682 20.841-11.115 0-17.368-14.589-17.
Action.c(35):     368-44.461v-571.745c0-28.483 4.168-54.187 4.168-75.028 0-14.589-4.168-20.841-16.673-20.841
Action.c(35):     -9.031 0-38.904 22.231-100.733 39.598-38.904 11.115-63.218 12.505-63.218 28.483 0 11.115 1
Action.c(35):     8.757 9.726 40.988 20.147 18.757 9.031 20.841 15.284 20.841 43.072v130.605c0 11.115-4.863 
Action.c(35):     16.673-10.421 16.673h-3.474l-17.368-5.558c-20.841-6.252-54.187-12.505-93.091-12.505-160.47
Action.c(35):     8 0-282.052 117.406-282.052 272.326 0 150.057 108.374 255.653 253.569 255.653 93.091 0 142
Action.c(35):     .415-50.019 150.057-50.019 11.115 0 13.199 47.935 33.346 47.935 11.115 0 50.019-22.925 120
Action.c(35):     .879-43.072 20.841-5.558 34.041-7.642 34.041-33.346 0-11.115-6.252-18.757-11.81-18.757v0zM
Action.c(35):     3206.079 640.521c0 77.113-5.558 109.069-86.144 109.069-121.574 0-195.908-78.502-195.908-20
Action.c(35):     7.718 0-142.415 77.113-236.896 173.677-236.896 95.175 0 108.374 54.187 108.374 166.035v169
Action.c(35):     .509z",\n
Action.c(35):             "M2755.908 527.284c0 154.225-125.047 278.578-278.578 278.578s-278.578-124.353-278.
Action.c(35):     578-278.578c0-153.531 124.353-278.578 278.578-278.578s278.578 125.047 278.578 278.578z",\n
Action.c(35):             "M3457.563 128.521c-35.43 0-63.913-28.483-63.913-63.913s28.483-63.913 63.913-63.91
Action.c(35):     3c35.43 0 63.913 28.483 63.913 63.913 0 34.735-28.483 63.913-63.913 63.913zM3457.563 9.726
Action.c(35):     c-30.567 0-54.187 24.315-54.187 54.187s24.315 54.187 54.187 54.187c29.872 0 54.187-24.315 
Action.c(35):     54.187-54.187s-24.315-54.187-54.187-54.187zM3474.931 100.733l-18.757-29.178h-12.505v29.178
Action.c(35):     h-10.421v-72.944h29.872c12.505 0 23.62 9.031 23.62 22.231 0 15.978-14.589 21.536-18.757 21
Action.c(35):     .536l19.452 29.178h-12.505zM3462.426 36.82h-19.452v25.704h19.452c6.252 0 13.199-4.863 13.1
Action.c(35):     99-12.505 0.695-8.336-6.252-13.199-13.199-13.199z",\n
Action.c(35):             "M5005.373 332.071l17.368 36.125 176.456 378.616c1.389 2.084-1.389 2.779-5.558 2.7
Action.c(35):     79h-287.609v-124.353h98.649l-75.028-175.761-120.185 300.114h-141.026c0 0 171.593-397.373 1
Action.c(35):     88.266-420.993 18.757-27.788 56.271-43.767 88.923-36.82 24.315 4.863 47.935 19.452 59.745 
Action.c(35):     40.293z",\n
Action.c(35):             "M5411.083 334.155l144.499 216.054v-248.011h546.735v125.047h-136.858v320.261h-137.
Action.c(35):     552v-324.429h-147.278c0.695 106.985 0.695 324.429 0.695 324.429h-145.889l-166.035-251.484v
Action.c(35):     251.484h-12
Action.c(35): t=8926ms: 12288-byte DECODED response body for "https://stage.peapod.com/shop/images/icons/PeapodIcons.json" (RelFrameId=1, Internal ID=3)
Action.c(35):     5.047v-352.217c0-21.536 9.726-63.218 35.43-85.449 20.147-16.673 54.882-27.788 89.617-12.50
Action.c(35):     5 15.284 7.642 32.651 20.841 41.682 36.82z",\n
Action.c(35):             "M4430.155 357.775v141.026l-263.294 0.695c-23.62 0-50.019 29.872-61.134 54.187-6.9
Action.c(35):     47 18.757-9.726 44.461-2.084 63.218 0 0 2.084 5.558 4.863 5.558h116.711v-106.29h143.11l60.
Action.c(35):     44 60.44v243.148h-270.936c-24.315 0-96.564-27.094-127.826-54.882-31.262-27.094-109.069-93.
Action.c(35):     786-131.3-182.014-24.315-97.259 15.284-191.739 75.723-239.674 40.293-31.957 73.639-46.545 
Action.c(35):     127.132-47.24h268.157l60.44 61.829z",\n
Action.c(35):             "M4361.379 427.246h-248.706c-31.957 0-73.639 45.156-79.197 87.533-5.558 37.514 27.
Action.c(35):     788 115.322 71.555 115.322h128.521v-105.596h125.742v226.475l-272.326-0.695c-75.723-6.947-1
Action.c(35):     50.752-72.944-175.066-149.362-25.704-78.502-12.505-172.982 54.187-239.674 47.935-45.156 95
Action.c(35):     .175-59.050 154.225-56.966h240.369l0.695 122.963z",\n
Action.c(35):             "M4464.196 302.198h139.636v451.56h-139.636v-451.56z",\n
Action.c(35):             "M5006.068 319.566l67.387 70.166 161.867 338.323v-311.229c0 0-1.389-9.726 1.389-40
Action.c(35):     .293 2.779-29.872 22.231-64.608 48.63-79.197 23.62-17.368 65.303-18.062 90.312-4.863 38.90
Action.c(35):     4 21.536 64.608 56.966 97.954 84.754l72.944 111.153v-193.824h561.324l59.050 62.524v141.026
Action.c(35):     h-135.468v323.039h-154.225l-58.355-59.745v-265.379h-70.86v325.123c0 0-166.035 0-166.035 0s
Action.c(35):     -56.966-72.25-56.966-72.25l-88.228-132.689v203.55h-142.415l-26.399-23.62c0.695 8.336 6.252
Action.c(35):      16.673 6.947 25.704h-323.039l-53.493-53.493c0 0-24.315 53.493-23.62 53.493s-164.646 0-164
Action.c(35):     .646 0l-35.43-31.957v31.262h-159.783l-59.050-59.050v-467.539h155.615l63.913 65.997v352.217
Action.c(35):     l135.468-306.366c22.925-39.598 29.872-91.701 76.418-111.848 38.904-22.925 89.617-9.031 118
Action.c(35):     .795 25.009zM4987.311 614.817l-15.284-31.262-13.199 31.262h28.483z",\n
Action.c(35):             "M4429.46 358.469v141.72h-262.6c-23.62 0-50.019 29.872-61.134 54.187-6.947 18.757-
Action.c(35):     9.726 44.461-2.084 63.218 0 0 2.084 5.558 4.863 5.558h116.711v-105.596h143.11l60.44 60.44v
Action.c(35):     243.148h-270.936c-24.315 0-96.564-27.094-127.826-54.882-31.262-27.094-109.069-93.786-131.3
Action.c(35):     -182.014-24.315-97.259 15.284-191.739 75.723-239.674 40.293-31.957 73.639-46.545 127.132-4
Action.c(35):     6.545h268.157l59.745 60.44z",\n
Action.c(35):             "M5005.373 332.765l17.368 36.125 176.456 378.616c1.389 2.084-1.389 2.779-5.558 2.7
Action.c(35):     79h-287.609v-123.658h99.343l-75.028-175.761-120.185 299.419h-141.72c0 0 171.593-397.373 18
Action.c(35):     8.961-420.993 18.757-27.788 56.271-43.767 88.923-36.82 23.62 5.558 46.545 19.452 59.050 40
Action.c(35):     .293z",\n
Action.c(35):             "M5410.388 334.849l144.499 216.054v-248.011h546.735v125.047h-136.858v320.261h-137.
Action.c(35):     552v-324.429h-147.278c0.695 106.985 0.695 324.429 0.695 324.429h-145.889l-166.035-251.484v
Action.c(35):     251.484h-125.047v-351.522c0-22.231 9.726-63.218 35.43-85.449 20.147-16.673 54.882-27.094 8
Action.c(35):     9.617-12.505 15.284 6.947 33.346 20.841 41.682 36.125z",\n
Action.c(35):             "M4360.684 428.635h-248.706c-31.957 0-73.639 45.851-79.197 87.533-5.558 37.514 27.
Action.c(35):     788 115.322 71.555 115.322h128.521v-105.596h125.742v226.475l-272.326-0.695c-75.723-6.947-1
Action.c(35):     50.752-72.944-175.066-149.362-25.704-78.502-12.505-172.982 54.187-239.674 47.935-45.156 95
Action.c(35):     .175-59.050 154.225-56.966h240.369l0.695 122.963z",\n
Action.c(35):             "M4464.196 302.893h139.636v451.56h-139.636v-451.56z",\n
Action.c(35):             "M3514.529 539.788h34.735v77.113h0.695c6.252-15.284 20.841-25.009 39.598-25.009 26
Action.c(35):     .399 0 53.493 11.81 53.493 88.923 0 59.745-15.978 93.786-56.966 93.786-25.009 0-33.346-14.
Action.c(35):     589-38.209-25.704h-0.695v21.536h-32.651l-0-230.643zM3577.053 746.811c24.315 0 29.178-25.00
Action.c(35):     9 29.178-63.913 0-46.545-6.947-63.218-27.094-63.218-27.094 0-31.957 23.62-31.957 65.303 0.
Action.c(35):     695 37.514 5.558 61.829 29.872 61.829z",\n
Action.c(35):             "M3689.596 596.754l29.872 130.605h0.695l27.788-130.605h36.82l-47.935 179.929c-13.8
Action.c(35):     94 47.24-25.009 53.493-60.44 52.798-4.863 0-9.031-0.695-13.894-1.389v-27.788c4.168 0.695 7
Action.c(35):     .642 1.389 11.115 1.389 11.81 0 19.452-2.779 23.62-13.894l4.863-13.894-49.324-177.845 36.8
Action.c(35):     2 0.695z",\n
Action.c(35):             "M2755.213 527.284c0 154.225-125.047 278.578-278.578 278.578s-278.578-124.353-278.
Action.c(35):     578-278.578c0-153.531 124.353-278.578 278.578-278.578s278.578 125.047 278.578 278.578z"\n
Action.c(35):           ],\n
Action.c(35):           "attrs": [\n
Action.c(35):             {\n
Action.c(35):               "fill": "rgb(51, 51, 51)"\n
Action.c(35):             },\n
Action.c(35):             {\n
Action.c(35):               "fill": "rgb(51, 51, 51)"\n
Action.c(35):             },\n
Action.c(35):             {\n
Action.c(35):               "fill": "rgb(51, 51, 51)"\n
Action.c(35):             },\n
Action.c(35):             {\n
Action.c(35):               "fill": "rgb(54, 54, 54)"\n
Action.c(35):             },\n
Action.c(35):             {\n
Action.c(35):               "fill": "rgb(51, 51, 51)"\n
Action.c(35):             },\n
Action.c(35):             {\n
Action.c(35):               "fill": "rgb(51, 51, 51)"\n
Action.c(35):             },\n
Action.c(35):             {\n
Action.c(35):               "fill": "rgb(94, 160, 0)"\n
Action.c(35):             },\n
Action.c(35):             {\n
Action.c(35):               "fill": "rgb(51, 51, 51)"\n
Action.c(35):             },\n
Action.c(35):             {\n
Action.c(35):               "fill": "rgb(255, 255, 255)"\n
Action.c(35):             },\n
Action.c(35):             {\n
Action.c(35):               "fill": "rgb(255, 255, 255)"\n
Action.c(35):             },\n
Action.c(35):             {\n
Action.c(35):               "fill": "rgb(255, 255, 255)"\n
Action.c(35):             },\n
Action.c(35):             {\n
Action.c(35):               "fill": "rgb(255, 255, 255)"\n
Action.c(35):             },\n
Action.c(35):             {\n
Action.c(35):               "fill": "rgb(255, 255, 255)"\n
Action.c(35):             },\n
Action.c(35):             {\n
Action.c(35):               "fill": "rgb(51, 51, 51)"\n
Action.c(35):             },\n
Action.c(35):             {\n
Action.c(35):               "fill": "rgb(51, 51, 51)"\n
Action.c(35):             },\n
Action.c(35):             {\n
Action.c(35):               "fill": "rgb(239, 62, 66)"\n
Action.c(35):             },\n
Action.c(35):             {\n
Action.c(35):               "fill": "rgb(239, 62, 66)"\n
Action.c(35):             },\n
Action.c(35):             {\n
Action.c(35):               "fill": "rgb(239, 62, 66)"\n
Action.c(35):             },\n
Action.c(35):             {\n
Action.c(35):               "fill": "rgb(239, 62, 66)"\n
Action.c(35):             },\n
Action.c(35):             {\n
Action.c(35):               "fill": "rgb(51, 51, 51)"\n
Action.c(35):             },\n
Action.c(35):             {\n
Action.c(35):               "fill": "rgb(51, 51, 51)"\n
Action.c(35):             },\n
Action.c(35):             {\n
Action.c(35):               "fill": "rgb(94, 161, 0)"\n
Action.c(35):             }\n
Action.c(35):           ],\n
Action.c(35):           "isMulticolor": true,\n
Action.c(35):           "width": 6168,\n
Action.c(35):           "grid": 32,\n
Action.c(35):           "tags": [\n
Action.c(35):             "peapod-logo-giant-carlisle"\n
Action.c(35):           ],\n
Action.c(35):           "defaultCode": 59859\n
Action.c(35):         },\n
Action.c(35):         {\n
Action.c(35):           "paths": [\n
Action.c(35):             "M3883.419 706.518c-0.695-2.084-1.389-4.168-1.389-6.947 0-9.031 7.642-16.673 16.67
Action.c(35):     3-16.673v0h639.826c9.031 0 16.673 7.642 16.673 16.673 0 2.779-0.695 4.863-1.389 6.947v0c-6
Action.c(35):     0.44 124.353-187.571 209.802-334.849 209.802-147.973 0-275.104-86.144-335.544-209.802v0z",
Action.c(35):     \n
Action.c(35):             "M3959.837 277.883c0.695-1.389 1.389-2.779 2.779-4.168 4.863-4.863 13.199-4.863 18
Action.c(35):     .062 0v0l340.407 340.407c4.863 4.863 4.863 13.199 0 18.062-1.389 1.389-2.779 2.084-4.168 2
Action.c(35):     .779v0c-97.954 34.041-211.886 11.81-289.693-66.692-79.891-78.502-102.122-192.434-67.387-29
Action.c(35):     0.388v0z",\n
Action.c(35):             "M6000.196 475.18c20.841 0 39.598 14.589 39.598 38.209s-18.757 38.209-39.598 38.20
Action.c(35):     9-38.904-15.284-38.904-38.209c-0.695-23.62 18.062-38.209 38.904-38.209zM6000.196 543.262c1
Action.c(35):     5.978 0 29.178-12.505 29.178-29.872s-13.199-29.872-29.178-29.872-28.483 12.505-28.483 29.8
Action.c(35):     72c-0.695 17.368 11.81 29.872 28.483 29.872zM5984.912 491.853h15.978c10.421 0 16.673 3.474
Action.c(35):      16.673 12.505 0 7.642-4.863 11.115-11.115 11.115l11.115 18.757h-8.336l-10.421-18.062h-5.5
Action.c(35):     58v18.062h-8.336v-42.377zM5993.248 509.221h7.642c4.863 0 8.336-0.695 8.336-6.252 0-4.863-4
Action.c(35):     .863-5.558-9.031-5.558h-6.947v11.81h-0z",\n
Action.c(35):             "M5065.118 741.254c-48.63 24.315-102.122 37.514-156.309 37.514-134.079 0-223.696-8
Action.c(35):     5.449-223.696-209.802 0-118.1 89.617-213.97 234.117-213.97 43.767 0 82.67 8.336 124.353 21
Action.c(35):     .536v69.471c-20.147-11.115-61.134-34.735-118.795-34.735-93.091 0-161.172 63.913-161.172 15
Action.c(35):     5.615 0 86.839 59.050 156.309 152.836 156.309 42.377 0 65.997-11.81 78.502-18.062l1.389-92
Action.c(35):     .396h-103.512l34.041-55.577h142.415l-4.168 184.098z",\n
Action.c(35):             "M5187.387 392.51c0 20.841-16.673 34.041-36.125 34.041-18.757 0-35.43-13.894-35.43
Action.c(35):     -34.041s16.673-34.041 35.43-34.041c18.757-0.695 36.125 12.505 36.125 34.041zM5185.303 769.
Action.c(35):     737h-66.692v-283.441h66.692v283.441z",\n
Action.c(35):             "M5458.323 769.737c-3.474-12.505-4.863-16.673-4.863-73.639v-113.932c-0.695-24.315-
Action.c(35):     0.695-52.798-23.62-75.723-24.315-24.315-59.745-26.399-80.586-26.399-26.399 0-53.493 5.558-
Action.c(35):     69.471 9.031l-34.735 59.745c24.315-9.726 52.798-20.147 84.060-20.147 50.714 0 59.745 27.09
Action.c(35):     4 59.745 69.471-14.589-2.084-22.231-2.084-36.125-2.084-25.704 0-52.798 4.168-74.334 13.894
Action.c(35):     -29.872 12.505-55.577 39.598-55.577 81.976 0 36.125 18.062 54.882 27.788 62.524 15.284 13.
Action.c(35):     199 38.209 22.231 72.25 22.231 15.978 0 39.598-3.474 69.471-13.199 0.695 2.084 0.695 4.168
Action.c(35):      1.389 6.252l64.608 0zM5290.898 689.151c0-18.062 10.421-36.125 34.041-43.767 6.947-2.084 1
Action.c(35):     8.757-4.863 45.156-4.863 5.558 0 11.81 0.695 18.062 1.389v74.334c-10.421 4.863-29.872 13.1
Action.c(35):     99-50.019 13.199-35.43-0-47.24-20.841-47.24-40.293z",\n
Action.c(35):             "M5910.578 772.516c-8.336 1.389-18.062 4.168-34.041 4.168s-38.904-2.084-56.271-21.
Action.c(35):     536c-17.368-19.452-17.368-39.598-16.673-64.608l1.389-154.92h-36.82v-48.63h37.514v-53.493l6
Action.c(35):     5.997-20.841v73.639h63.218v48.63h-64.608v123.658c0 30.567 0 43.072 6.947 53.493 4.863 7.64
Action.c(35):     2 15.978 15.284 34.735 15.284 12.505 0 25.704-3.474 37.514-7.642l-38.904 52.798z",\n
Action.c(35):             "M5748.711 769.737h-66.692v-143.11c-0.695-44.461-0.695-66.692-19.452-82.67-7.642-6
Action.c(35):     .252-20.147-11.81-38.904-11.81-18.062 0-34.041 4.863-52.798 17.368v220.223h-68.081v-282.05
Action.c(35):     2h68.081v52.798l-15.978-31.957c0 0 24.315-12.505 38.904-18.062 11.81-4.168 36.125-9.726 56
Action.c(35):     .271-9.726 17.368 0 47.24 2.084 70.86 23.62 26.399 24.315 27.094 53.493 27.094 77.807l0.69
Action.c(35):     5 187.571z",\n
Action.c(35):             "M4310.665 184.792c1.389-0.695 2.779-0.695 3.474-0.695 5.558 0 9.726 4.168 9.726 9
Action.c(35):     .726v0 359.164c0 5.558-4.168 9.726-9.726 9.726-1.389 0-2.779 0-3.474-0.695v0c-69.471-34.04
Action.c(35):     1-118.1-105.596-118.1-188.266 0-83.365 48.63-154.92 118.1-188.961v0z",\n
Action.c(35):             "M4553.118 384.868c0.695 0.695 2.084 0.695 2.779 1.389 2.779 2.779 2.779 7.642 0 1
Action.c(35):     0.421v0l-193.129 192.434c-2.779 2.779-7.642 2.779-10.421 0-0.695-0.695-1.389-1.389-1.389-2
Action.c(35):     .779v0c-19.452-55.577-6.947-119.49 37.514-163.951 45.156-43.767 109.069-56.966 164.646-37.
Action.c(35):     514v0z",\n
Action.c(35):             "M3514.529 539.788h34.735v77.113h0.695c6.252-15.284 20.841-25.009 39.598-25.009 26
Action.c(35):     .399 0 53.493 11.81 53.493 88.923 0 59.745-15.978 93.786-56.966 93.786-25.009 0-33.346-14.
Action.c(35):     589-38.209-25.704h-0.695v21.536h-32.651v-230.643zM3577.053 746.811c24.315 0 29.178-25.009 
Action.c(35):     29.178-63.913 0-46.545-6.947-63.218-27.094-63.218-27.094 0-31.957 23.62-31.957 65.303 0.69
Action.c(35):     5 37.514 5.558 61.829 29.872 61.829z",\n
Action.c(35):             "M3689.596 596.754l29.872 130.605h0.695l27.788-130.605h36.82l-47.935 179.929c-13.8
Action.c(35):     94 47.24-25.009 53.493-60.44 52.798-4.863 0-9.031-0.695-13.894-1.389v-27.788c4.168 0.695 7
Action.c(35):     .642 1.389 11.115 1.389 11.81 0 19.452-2.779 23.62-13.894l4.863-13.894-49.324-177.845 36.8
Action.c(35):     2 0.695z",\n
Action.c(35):             "M2755.213 527.284c0 154.225-125.047 278.578-278.578 278.578s-278.578-124.353-278.
Action.c(35):     578-278.578c0-153.531 124.353-278.578 278.578-278.578s278.578 125.047 278.578 278.578z",\n
Action.c(35):             "M299.419 83.365c-61.134 0-106.29 3.474-136.858 3.474h-25.704c-65.303 0-100.038-3.
Action.c(35):     474-106.985-3.474-17.368 0-26.399 5.558-26.399 15.284 0 20.147 22.231 13.199 57.661 20.147
Action.c(35):      29.872 5.558 33.346 15.284 33.346 50.714v498.801c0 52.798 0 68.776-40.988 76.418-28.483 5
Action.c(35):     .558-52.798-2.084-52.798 18.757 0 11.115 9.726 17.368 28.483 17.368s61.829-7.642 125.742-7
Action.c(35):     .642c69.471 0 112.543 7.642 130.605 7.642 18.757 0 28.483-6.947 28.483-17.368 0-20.841-24.
Action.c(35):     315-13.199-52.103-18.757-42.377-9.031-42.377-24.315-42.377-77.807v-166.035c0-14.589 3.474-
Action.c(35):     23.62 13.199-22.231 7.642 0.695 45.851 26.399 127.132 13.199 97.259-15.978 180.624-95.87 1
Action.c(35):     80.624-204.939 0-132.689-81.281-203.55-241.064-203.55v0zM291.777 453.645c-40.988 0-72.25-1
Action.c(35):     2.505-72.25-41.682v-242.453c0-42.377 9.726-54.187 63.913-54.187 68.776 0 125.742 69.471 12
Action.c(35):     5.742 166.035 1.389 88.923-48.63 172.288-117.406 172.288v0z",\n
Action.c(35):             "M685.677 496.022h295.251c33.346 0 46.545-4.168 46.545-24.315 0-90.312-76.418-198.
Action.c(35):     687-212.581-198.687-159.088 0-267.463 106.29-267.463 264.684 0 159.088 99.343 263.989 252.
Action.c(35):     179 263.989 79.891 0 139.636-25.704 188.961-69.471 24.315-20.841 35.43-38.904 35.43-50.019
Action.c(35):      0-9.031-3.474-12.505-11.115-12.505-9.031 0-55.577 64.608-158.393 64.608-117.406 0-184.792
Action.c(35):     -97.954-184.792-211.191v-9.031c0.695-15.284 2.779-17.368 15.978-18.062v0zM680.119 450.171l
Action.c(35):     2.779-18.062c14.589-58.355 31.957-127.132 133.384-127.132 79.891 0 89.617 60.44 89.617 100
Action.c(35):     .038 0 62.524-31.957 57.661-119.49 57.661h-89.617c-11.115 0-16.673-3.474-16.673-9.031l0-3.
Action.c(35):     474z",\n
Action.c(35):             "M1574.209 721.107c0-9.726-5.558-16.673-15.284-16.673-16.673 0-33.346 24.315-54.18
Action.c(35):     7 24.315-27.788 0-34.041-25.704-34.041-72.944v-256.347c0-91.701-22.231-127.132-134.079-127
Action.c(35):     .132-147.973 0-251.484 88.228-251.484 154.92 0 11.115 11.115 20.147 26.399 20.147 54.187 0
Action.c(35):      71.555-27.788 93.786-67.387 25.704-46.545 48.63-72.944 96.564-72.944 45.156 0 55.577 25.7
Action.c(35):     04 55.577 88.228v47.935c0 15.284-1.389 20.841-15.284 26.399l-35.43 14.589c-141.72 55.577-2
Action.c(35):     18.833 104.206-218.833 196.602 0 54.187 27.094 119.49 97.259 119.49 50.019 0 90.312-25.704
Action.c(35):      138.247-57.661l29.872-20.147h7.642c20.147 48.63 53.493 77.807 94.48 77.807 53.493-0.695 1
Action.c(35):     18.795-58.355 118.795-79.197v0zM1358.849 631.49c0 54.88
Action.c(35): t=8959ms: 8981-byte DECODED response body for "https://stage.peapod.com/shop/images/icons/PeapodIcons.json" (RelFrameId=1, Internal ID=3)
Action.c(35):     2-48.63 97.259-96.564 97.259-52.103 0-63.218-40.988-63.218-87.533 0-47.935 38.904-97.954 9
Action.c(35):     1.701-118.795l46.545-18.062c6.252-3.474 12.505-4.168 14.589-4.168 3.474 0 6.947 4.168 6.94
Action.c(35):     7 13.199v118.1h0z",\n
Action.c(35):             "M1930.594 273.020c-59.745 0-106.985 20.147-154.92 63.218l-14.589 13.199c-4.168 4.
Action.c(35):     168-7.642 5.558-9.726 5.558-3.474 0-5.558-2.084-5.558-7.642v-54.187c0-15.284-4.168-22.925-
Action.c(35):     13.894-22.925-12.505 0-37.514 31.262-97.259 61.134-36.82 18.757-63.218 20.147-63.218 37.51
Action.c(35):     4s22.231 11.115 38.904 18.062c17.368 7.642 22.231 20.147 22.231 50.019v500.19c0 29.872-5.5
Action.c(35):     58 39.598-29.178 47.24-29.872 9.726-52.103 0-52.103 24.315 0 9.726 7.642 16.673 22.925 16.
Action.c(35):     673 18.757 0 58.355-7.642 115.322-7.642 47.24 0 89.617 7.642 125.047 7.642 18.757 0 27.788
Action.c(35):     -7.642 27.788-16.673 0-24.315-25.704-14.589-61.829-24.315-27.788-7.642-33.346-16.673-33.34
Action.c(35):     6-47.24v-157.004l7.642-3.474c37.514 16.673 76.418 25.009 119.49 25.009 166.73 0 282.052-11
Action.c(35):     7.406 282.052-277.189-0.695-148.668-98.649-251.484-225.78-251.484v0zM1858.345 767.653c-72.
Action.c(35):     25 0-111.848-35.43-111.848-104.206v-205.634c0-74.334 35.43-109.764 111.848-109.764 108.374
Action.c(35):      0 182.014 79.891 182.014 207.023 0.695 125.047-73.639 212.581-182.014 212.581z",\n
Action.c(35):             "M3376.977 703.739c-7.642 0-22.231 20.841-41.682 20.841-11.115 0-17.368-14.589-17.
Action.c(35):     368-44.461v-571.745c0-28.483 4.168-54.187 4.168-75.028 0-14.589-4.168-20.841-16.673-20.841
Action.c(35):     -9.031 0-38.904 22.231-100.733 39.598-38.904 11.115-63.218 12.505-63.218 28.483 0 11.115 1
Action.c(35):     8.757 9.726 40.988 20.147 18.757 9.031 20.841 15.284 20.841 43.072v130.605c0 11.115-4.863 
Action.c(35):     16.673-10.421 16.673h-3.474l-17.368-5.558c-20.841-6.252-54.187-12.505-93.091-12.505-160.47
Action.c(35):     8 0-282.052 117.406-282.052 272.326 0 150.057 108.374 255.653 253.569 255.653 93.091 0 142
Action.c(35):     .415-50.019 150.057-50.019 11.115 0 13.199 47.935 33.346 47.935 11.115 0 50.019-22.925 120
Action.c(35):     .879-43.072 20.841-5.558 34.041-7.642 34.041-33.346 0.695-11.115-6.252-18.757-11.81-18.757
Action.c(35):     v0zM3206.079 640.521c0 77.113-5.558 109.069-86.144 109.069-121.574 0-195.908-78.502-195.90
Action.c(35):     8-207.718 0-142.415 77.113-236.896 173.677-236.896 95.175 0 108.374 54.187 108.374 166.035
Action.c(35):     v169.509z",\n
Action.c(35):             "M3456.868 128.521c-35.43 0-63.913-28.483-63.913-63.913s28.483-63.913 63.913-63.91
Action.c(35):     3c35.43 0 63.913 28.483 63.913 63.913 0 34.735-28.483 63.913-63.913 63.913zM3456.868 9.726
Action.c(35):     c-30.567 0-54.187 24.315-54.187 54.187s24.315 54.187 54.187 54.187c29.872 0 54.187-24.315 
Action.c(35):     54.187-54.187s-24.315-54.187-54.187-54.187zM3474.236 100.733l-18.757-29.178h-12.505v29.178
Action.c(35):     h-10.421v-72.944h29.872c12.505 0 23.62 9.031 23.62 22.231 0 15.978-14.589 21.536-18.757 21
Action.c(35):     .536l19.452 29.178h-12.505zM3462.426 36.82h-19.452v25.704h19.452c6.252 0 13.199-4.863 13.1
Action.c(35):     99-12.505 0-8.336-6.947-13.199-13.199-13.199z"\n
Action.c(35):           ],\n
Action.c(35):           "attrs": [\n
Action.c(35):             {\n
Action.c(35):               "fill": "rgb(253, 185, 19)"\n
Action.c(35):             },\n
Action.c(35):             {\n
Action.c(35):               "fill": "rgb(238, 49, 36)"\n
Action.c(35):             },\n
Action.c(35):             {\n
Action.c(35):               "fill": "rgb(120, 29, 126)"\n
Action.c(35):             },\n
Action.c(35):             {\n
Action.c(35):               "fill": "rgb(120, 29, 126)"\n
Action.c(35):             },\n
Action.c(35):             {\n
Action.c(35):               "fill": "rgb(120, 29, 126)"\n
Action.c(35):             },\n
Action.c(35):             {\n
Action.c(35):               "fill": "rgb(120, 29, 126)"\n
Action.c(35):             },\n
Action.c(35):             {\n
Action.c(35):               "fill": "rgb(120, 29, 126)"\n
Action.c(35):             },\n
Action.c(35):             {\n
Action.c(35):               "fill": "rgb(120, 29, 126)"\n
Action.c(35):             },\n
Action.c(35):             {\n
Action.c(35):               "fill": "rgb(120, 29, 126)"\n
Action.c(35):             },\n
Action.c(35):             {\n
Action.c(35):               "fill": "rgb(141, 198, 63)"\n
Action.c(35):             },\n
Action.c(35):             {\n
Action.c(35):               "fill": "rgb(51, 51, 51)"\n
Action.c(35):             },\n
Action.c(35):             {\n
Action.c(35):               "fill": "rgb(51, 51, 51)"\n
Action.c(35):             },\n
Action.c(35):             {\n
Action.c(35):               "fill": "rgb(94, 161, 0)"\n
Action.c(35):             },\n
Action.c(35):             {\n
Action.c(35):               "fill": "rgb(51, 51, 51)"\n
Action.c(35):             },\n
Action.c(35):             {\n
Action.c(35):               "fill": "rgb(51, 51, 51)"\n
Action.c(35):             },\n
Action.c(35):             {\n
Action.c(35):               "fill": "rgb(54, 54, 54)"\n
Action.c(35):             },\n
Action.c(35):             {\n
Action.c(35):               "fill": "rgb(51, 51, 51)"\n
Action.c(35):             },\n
Action.c(35):             {\n
Action.c(35):               "fill": "rgb(51, 51, 51)"\n
Action.c(35):             },\n
Action.c(35):             {\n
Action.c(35):               "fill": "rgb(94, 160, 0)"\n
Action.c(35):             },\n
Action.c(35):             {\n
Action.c(35):               "fill": "rgb(51, 51, 51)"\n
Action.c(35):             }\n
Action.c(35):           ],\n
Action.c(35):           "width": 6039,\n
Action.c(35):           "grid": 32,\n
Action.c(35):           "tags": [\n
Action.c(35):             "peapod-logo-giant-landover"\n
Action.c(35):           ],\n
Action.c(35):           "defaultCode": 59881\n
Action.c(35):         },\n
Action.c(35):         {\n
Action.c(35):           "paths": [\n
Action.c(35):             "M4689.281 699.571c26.399 18.062 56.271 30.567 88.228 30.567 45.851 0 63.913-28.48
Action.c(35):     3 63.913-50.714 0-32.651-28.483-43.767-51.408-53.493l-20.841-8.336c-19.452-9.031-41.682-18
Action.c(35):     .757-57.661-37.514-8.336-9.726-20.147-27.788-20.147-54.882 0-49.324 40.988-95.87 117.406-9
Action.c(35):     5.87 41.682 0 70.166 12.505 81.281 17.368v55.577c-10.421-8.336-36.125-27.788-77.807-27.788
Action.c(35):     s-57.661 25.009-57.661 45.851c0 29.872 29.872 43.072 54.187 52.798l23.62 9.726c19.452 9.03
Action.c(35):     1 40.293 18.757 55.577 37.514 10.421 12.505 18.757 31.957 18.757 54.882 0 55.577-46.545 10
Action.c(35):     0.038-124.353 100.038-20.841 0-54.187-3.474-93.091-18.757v-56.966h-0z",\n
Action.c(35):             "M5035.941 766.958c-6.252 1.389-14.589 3.474-27.788 3.474s-31.957-2.084-45.851-18.
Action.c(35):     062c-13.894-15.978-13.894-31.957-13.199-52.798l0.695-126.437h-29.872v-39.598h30.567v-43.07
Action.c(35):     2l54.187-16.673v60.44h52.103v39.598h-52.798l-0.695 100.733c0 25.009 0 34.735 5.558 43.072 
Action.c(35):     4.168 6.252 13.199 12.505 28.483 12.505 10.421 0 20.841-2.779 30.567-6.252l-31.957 43.072z
Action.c(35):     ",\n
Action.c(35):             "M5190.166 770.431c-75.723 0-114.627-52.798-114.627-118.795 0-68.776 43.767-122.96
Action.c(35):     3 117.406-122.963 66.692 0 112.543 46.545 112.543 118.795 0 68.776-38.904 122.963-115.322 
Action.c(35):     122.963zM5190.861 568.271c-18.757 0.695-33.346 8.336-43.767 26.399-10.421 16.673-12.505 36
Action.c(35):     .125-12.505 56.271 0 18.062 2.084 39.598 13.199 56.271 10.421 16.673 27.094 24.315 43.767 
Action.c(35):     24.315 38.904 0 56.271-39.598 56.271-81.976s-15.978-80.586-56.271-80.586l-0.695-0.695z",\n
Action.c(35):             "M5789.699 748.201l-45.851-35.43c0 0 36.125 13.199 29.178 20.841s-13.199 14.589-28
Action.c(35):     .483 23.62c-21.536 13.199-38.209 15.978-58.355 16.673-53.493 0.695-92.396-25.009-96.564-70
Action.c(35):     .166-1.389-18.062 2.779-35.43 12.505-49.324 11.81-16.673 27.094-24.315 38.209-30.567-6.947
Action.c(35):     -6.947-27.094-25.704-28.483-48.63-3.474-38.209 24.315-66.692 68.081-70.166 40.293-3.474 72
Action.c(35):     .944 20.147 75.723 54.882 1.389 13.894-2.779 29.178-11.115 41.682-11.115 15.978-19.452 22.
Action.c(35):     925-33.346 29.872l104.901 83.365-26.399 33.346zM5665.346 648.163c-14.589 5.558-31.262 20.8
Action.c(35):     41-29.178 45.156 2.084 20.841 19.452 46.545 59.745 43.072 15.978-1.389 31.957-10.421 49.32
Action.c(35):     4-23.62l-79.891-64.608zM5713.976 562.714c-1.389-18.757-15.284-28.483-31.262-27.094-18.757 
Action.c(35):     1.389-29.178 18.062-27.788 35.43 1.389 14.589 14.589 25.704 25.704 35.43 33.346-11.81 34.0
Action.c(35):     41-29.872 33.346-43.767z",\n
Action.c(35):             "M5827.908 697.487c26.399 18.062 56.271 30.567 88.228 30.567 46.545 0 63.913-28.48
Action.c(35):     3 63.913-50.714 0-32.651-28.483-43.767-51.408-53.493l-20.841-8.336c-19.452-9.031-41.682-18
Action.c(35):     .757-57.661-37.514-8.336-9.726-20.147-27.788-20.147-54.882 0-49.324 40.988-95.87 117.406-9
Action.c(35):     5.87 41.682 0 70.166 12.505 81.281 17.368v55.577c-10.421-8.336-36.125-27.788-77.807-27.788
Action.c(35):     s-57.661 25.009-57.661 45.851c0 29.872 29.872 43.072 54.187 52.798l23.62 9.726c19.452 9.03
Action.c(35):     1 40.988 18.757 55.577 37.514 10.421 12.505 18.757 31.957 18.757 54.187 0 55.577-46.545 10
Action.c(35):     0.038-124.353 100.038-20.841 0-54.187-3.474-93.091-18.757v-56.271h-0z",\n
Action.c(35):             "M6273.216 764.874h-54.882v-116.711c-0.695-36.125-0.695-54.882-15.978-67.387-6.252
Action.c(35):     -4.863-16.673-9.726-31.957-9.726s-27.788 4.168-43.072 13.894v179.929h-55.577v-329.292h55.5
Action.c(35):     77v142.415l-13.199-26.399c0 0 20.147-10.421 31.957-14.589 9.726-3.474 29.178-8.336 45.851-
Action.c(35):     8.336 13.894 0 38.904 2.084 57.661 19.452 21.536 19.452 22.231 43.072 22.231 63.218l1.389 
Action.c(35):     153.531z",\n
Action.c(35):             "M6419.8 770.431c-75.723 0-114.627-52.798-114.627-118.795 0-68.776 43.767-122.963 
Action.c(35):     117.406-122.963 66.692 0 112.543 46.545 112.543 118.795 0 68.776-38.904 122.963-115.322 12
Action.c(35):     2.963zM6420.494 568.271c-18.757 0.695-33.346 8.336-43.767 26.399-10.421 16.673-12.505 36.1
Action.c(35):     25-12.505 56.271 0 18.062 2.084 39.598 13.199 56.271s27.094 24.315 43.767 24.315c38.904 0 
Action.c(35):     56.271-39.598 56.271-81.976s-15.978-80.586-56.271-80.586l-0.695-0.695z",\n
Action.c(35):             "M6622.654 545.346c6.252-2.779 22.925-9.031 27.788-11.115 4.168-1.389 18.062-5.558
Action.c(35):      36.125-5.558 67.387 0 106.985 47.24 106.985 116.016 0 75.723-45.851 125.742-111.848 125.7
Action.c(35):     42-27.788 0-45.156-9.031-57.661-15.284v106.985h-54.882v-327.902h54.882v38.904c0 0-6.947-25
Action.c(35):     .009-1.389-27.788zM6624.044 714.855c5.558 3.474 20.841 13.894 45.156 13.894 44.461 0 66.69
Action.c(35):     2-36.82 66.692-81.976 0-23.62-6.252-42.377-15.978-54.187-9.031-11.115-25.009-22.925-50.714
Action.c(35):     -22.925-15.978 0-31.262 4.168-45.156 11.115v134.079z",\n
Action.c(35):             "M5393.715 545.346c6.252-2.779 22.925-9.031 27.788-11.115 4.168-1.389 18.062-5.558
Action.c(35):      36.125-5.558 67.387 0 106.985 47.24 106.985 116.016 0 75.723-45.851 125.742-111.848 125.7
Action.c(35):     42-27.788 0-45.156-9.031-57.661-15.284v106.985h-54.882v-327.902h54.882v38.904c0 0-7.642-25
Action.c(35):     .009-1.389-27.788zM5395.105 714.855c5.558 3.474 20.841 13.894 45.156 13.894 44.461 0 66.69
Action.c(35):     2-36.82 66.692-81.976 0-23.62-6.252-42.377-15.978-54.187-9.031-11.115-25.009-22.925-50.714
Action.c(35):     -22.925-15.978 0-31.262 4.168-45.156 11.115v134.079 0z",\n
Action.c(35):             "M6836.625 518.947c18.757 0 35.43 13.199 35.43 34.735 0 20.841-16.673 34.735-35.43
Action.c(35):      34.735s-35.43-13.894-35.43-34.735 16.673-34.735 35.43-34.735zM6836.625 580.776c14.589 0 2
Action.c(35):     5.704-11.115 25.704-27.094s-11.81-27.094-25.704-27.094c-14.589 0-26.399 11.115-2
Action.c(35): t=8985ms: 3687-byte ENCODED response body received for "https://stage.peapod.com/shop/images/icons/PeapodIcons.json" (RelFrameId=1, Internal ID=3)
Action.c(35): t=8986ms: 12288-byte DECODED response body for "https://stage.peapod.com/shop/images/icons/PeapodIcons.json" (RelFrameId=1, Internal ID=3)
Action.c(35):     6.399 27.094s11.81 27.094 26.399 27.094zM6822.73 534.231h14.589c9.726 0 15.284 2.779 15.28
Action.c(35):     4 11.115 0 6.947-4.168 9.726-10.421 10.421l10.421 16.673h-8.336l-9.726-16.673h-4.863v16.67
Action.c(35):     3h-7.642l0.695-38.209zM6830.372 550.209h6.947c4.168 0 7.642-0.695 7.642-5.558 0-4.168-4.16
Action.c(35):     8-4.863-7.642-4.863h-6.252l-0.695 10.421z",\n
Action.c(35):             "M3883.419 706.518c-0.695-2.084-1.389-4.168-1.389-6.947 0-9.031 7.642-16.673 16.67
Action.c(35):     3-16.673v0h642.605c9.031 0 16.673 7.642 16.673 16.673 0 2.084-0.695 4.863-1.389 6.947v0c-6
Action.c(35):     0.44 125.047-188.961 211.191-336.934 211.191-147.278 0-275.799-86.144-336.239-211.191v0z",
Action.c(35):     \n
Action.c(35):             "M3959.837 276.494c0.695-1.389 1.389-2.779 2.779-4.168 4.863-4.863 13.199-4.863 18
Action.c(35):     .062 0v0l341.796 341.796c4.863 4.863 4.863 13.199 0 18.062-1.389 1.389-2.779 2.084-4.168 2
Action.c(35):     .779v0c-98.649 34.041-212.581 11.81-291.777-66.692-78.502-79.197-100.733-193.129-66.692-29
Action.c(35):     1.777v0z",\n
Action.c(35):             "M4312.749 183.403c1.389-0.695 2.779-0.695 4.168-0.695 5.558 0 9.726 4.168 9.726 9
Action.c(35):     .726v0 360.554c0 5.558-4.168 9.726-9.726 9.726-1.389 0-2.779 0-4.168-0.695v0c-70.166-34.04
Action.c(35):     1-118.795-105.596-118.795-188.961 0.695-84.060 48.63-155.615 118.795-189.655v0z",\n
Action.c(35):             "M4556.592 384.174c0.695 0 1.389 0.695 2.779 1.389 2.779 2.779 2.779 7.642 0 10.42
Action.c(35):     1v0l-193.824 193.824c-2.779 2.779-7.642 2.779-10.421 0-0.695-0.695-1.389-1.389-1.389-2.779
Action.c(35):     v0c-19.452-55.577-6.947-120.185 37.514-164.646 45.156-45.156 109.764-57.661 165.341-38.209
Action.c(35):     v0z",\n
Action.c(35):             "M3514.529 539.788h34.735v77.113h0.695c6.252-15.284 20.841-25.009 39.598-25.009 26
Action.c(35):     .399 0 53.493 11.81 53.493 88.923 0 59.745-15.978 93.786-56.966 93.786-25.009 0-33.346-14.
Action.c(35):     589-38.209-25.704h-0.695v21.536h-32.651v-230.643h-0zM3577.053 746.811c24.315 0 29.178-25.0
Action.c(35):     09 29.178-63.913 0-46.545-6.947-63.218-27.094-63.218-27.094 0-31.957 23.62-31.957 65.303 0
Action.c(35):     .695 37.514 5.558 61.829 29.872 61.829z",\n
Action.c(35):             "M3689.596 596.754l29.872 130.605h0.695l27.788-130.605h36.82l-47.935 179.929c-13.8
Action.c(35):     94 47.24-25.009 53.493-60.44 52.798-4.863 0-9.031-0.695-13.894-1.389v-27.788c4.168 0.695 7
Action.c(35):     .642 1.389 11.115 1.389 11.81 0 19.452-2.779 23.62-13.894l4.863-13.894-49.324-177.845 36.8
Action.c(35):     2 0.695z",\n
Action.c(35):             "M299.419 82.67c-61.134 0-106.29 3.474-136.858 3.474h-25.704c-65.303 0-100.733-3.4
Action.c(35):     74-106.985-3.474-17.368 0-26.399 5.558-26.399 15.284 0 20.147 22.231 13.199 57.661 20.147 
Action.c(35):     29.872 5.558 33.346 15.284 33.346 50.714v498.801c0 52.798 0 68.776-40.988 76.418-28.483 5.
Action.c(35):     558-52.798-2.084-52.798 18.757 0 11.115 9.726 17.368 28.483 17.368s61.829-7.642 125.742-7.
Action.c(35):     642c69.471 0 112.543 7.642 130.605 7.642 18.757 0 28.483-6.947 28.483-17.368 0-20.841-24.3
Action.c(35):     15-13.199-52.103-18.757-42.377-9.031-42.377-24.315-42.377-77.807v-165.341c0-14.589 3.474-2
Action.c(35):     3.62 13.199-22.231 7.642 0.695 45.851 26.399 127.132 13.199 97.259-15.978 180.624-95.87 18
Action.c(35):     0.624-204.939-0-133.384-81.281-204.244-241.064-204.244v0zM291.777 452.95c-40.988 0-72.25-1
Action.c(35):     2.505-72.25-41.682v-242.453c0-42.377 9.726-54.187 63.913-54.187 68.776 0 125.742 69.471 12
Action.c(35):     5.742 166.035 1.389 89.617-48.63 172.288-117.406 172.288v0z",\n
Action.c(35):             "M685.677 496.022h295.251c33.346 0 46.545-4.168 46.545-24.315 0-90.312-76.418-198.
Action.c(35):     687-212.581-198.687-159.088 0-267.463 106.29-267.463 264.684 0 159.088 99.343 263.989 252.
Action.c(35):     179 263.989 79.891 0 139.636-25.704 188.961-69.471 24.315-20.841 35.43-38.904 35.43-50.019
Action.c(35):      0-9.031-3.474-12.505-11.115-12.505-9.031 0-55.577 64.608-158.393 64.608-117.406 0-184.792
Action.c(35):     -97.954-184.792-211.191v-9.031c0.695-15.978 2.779-18.062 15.978-18.062v0zM680.119 449.476l
Action.c(35):     2.779-18.062c14.589-58.355 31.957-127.132 133.384-127.132 79.891 0 89.617 60.44 89.617 100
Action.c(35):     .038 0 62.524-31.957 57.661-119.49 57.661h-89.617c-11.115 0-16.673-3.474-16.673-9.031v-3.4
Action.c(35):     74z",\n
Action.c(35):             "M1574.209 721.107c0-9.726-5.558-16.673-15.284-16.673-16.673 0-33.346 24.315-54.18
Action.c(35):     7 24.315-27.788 0-34.041-25.704-34.041-72.944v-256.347c0-91.701-22.231-127.132-134.079-127
Action.c(35):     .132-147.973 0-251.484 88.228-251.484 154.92 0 11.115 11.115 20.147 26.399 20.147 54.187 0
Action.c(35):      71.555-27.788 93.786-67.387 25.704-46.545 48.63-72.944 96.564-72.944 45.156 0 55.577 25.7
Action.c(35):     04 55.577 88.228v47.935c0 15.284-1.389 20.841-15.284 26.399l-35.43 14.589c-141.72 55.577-2
Action.c(35):     18.833 104.206-218.833 196.602 0 54.187 27.094 119.49 97.259 119.49 50.019 0 90.312-25.704
Action.c(35):      138.247-57.661l29.872-20.147h7.642c20.147 48.63 53.493 77.807 94.48 77.807 53.493-0.695 1
Action.c(35):     18.795-58.355 118.795-79.197v0zM1358.849 631.49c0 54.882-48.63 97.259-96.564 97.259-52.103
Action.c(35):      0-63.218-40.988-63.218-87.533 0-47.935 38.904-97.954 91.701-118.795l46.545-18.062c6.252-3
Action.c(35):     .474 12.505-4.168 14.589-4.168 3.474 0 6.947 4.168 6.947 13.199v118.1h0z",\n
Action.c(35):             "M1930.594 273.020c-59.745 0-106.985 20.147-154.92 63.218l-14.589 13.199c-4.168 4.
Action.c(35):     168-7.642 5.558-9.726 5.558-3.474 0-5.558-2.084-5.558-7.642v-54.187c0-15.284-4.168-22.925-
Action.c(35):     13.894-22.925-12.505 0-37.514 31.262-97.259 61.134-36.82 18.757-63.218 20.147-63.218 37.51
Action.c(35):     4s22.231 11.115 38.904 18.062c17.368 7.642 22.231 20.147 22.231 50.019v500.19c0 29.872-5.5
Action.c(35):     58 39.598-29.178 47.24-29.872 9.726-52.103 0-52.103 24.315 0 9.726 7.642 16.673 22.925 16.
Action.c(35):     673 18.757 0 58.355-7.642 115.322-7.642 47.24 0 89.617 7.642 125.047 7.642 18.757 0 27.788
Action.c(35):     -7.642 27.788-16.673 0-24.315-25.704-14.589-61.829-24.315-27.788-7.642-33.346-16.673-33.34
Action.c(35):     6-47.24v-157.004l7.642-3.474c37.514 16.673 76.418 25.009 119.49 25.009 166.73 0 282.052-11
Action.c(35):     7.406 282.052-277.189-0.695-148.668-98.649-251.484-225.78-251.484v0zM1858.345 767.653c-72.
Action.c(35):     25 0-111.848-35.43-111.848-104.206v-205.634c0-74.334 35.43-109.764 111.848-109.764 108.374
Action.c(35):      0 182.014 79.891 182.014 207.023 0.695 125.047-73.639 212.581-182.014 212.581z",\n
Action.c(35):             "M3376.977 703.045c-7.642 0-22.231 20.841-41.682 20.841-11.115 0-17.368-14.589-17.
Action.c(35):     368-44.461v-571.050c0-28.483 4.168-54.187 4.168-75.028 0-14.589-4.168-20.841-16.673-20.841
Action.c(35):     -9.031 0-38.904 22.231-100.733 39.598-38.904 11.115-63.218 12.505-63.218 28.483 0 11.115 1
Action.c(35):     8.757 9.726 40.988 20.147 18.757 9.031 20.841 15.284 20.841 43.072v130.605c0 11.115-4.863 
Action.c(35):     16.673-10.421 16.673h-3.474l-17.368-5.558c-20.841-6.252-54.187-12.505-93.091-12.505-160.47
Action.c(35):     8 0-282.052 117.406-282.052 272.326 0 150.057 108.374 255.653 253.569 255.653 93.091 0 142
Action.c(35):     .415-50.019 150.057-50.019 11.115 0 13.199 47.935 33.346 47.935 11.115 0 50.019-22.925 120
Action.c(35):     .879-43.072 20.841-5.558 34.041-7.642 34.041-33.346 0.695-11.81-6.252-19.452-11.81-19.452v
Action.c(35):     0zM3206.079 640.521c0 77.113-5.558 109.069-86.144 109.069-121.574 0-195.908-78.502-195.908
Action.c(35):     -207.718 0-142.415 77.113-236.896 173.677-236.896 95.175 0 108.374 54.187 108.374 166.035v
Action.c(35):     169.509z",\n
Action.c(35):             "M2755.213 527.284c0 154.225-125.047 278.578-278.578 278.578s-278.578-125.047-278.
Action.c(35):     578-278.578c0-153.531 124.353-278.578 278.578-278.578s278.578 124.353 278.578 278.578z",\n
Action.c(35):             "M3456.869 127.826c-35.43 0-63.913-28.483-63.913-63.913s28.483-63.913 63.913-63.91
Action.c(35):     3c35.43 0 63.913 28.483 63.913 63.913s-28.483 63.913-63.913 63.913zM3456.869 9.726c-30.567
Action.c(35):      0-54.187 24.315-54.187 54.187s24.315 54.187 54.187 54.187c29.872 0 54.187-24.315 54.187-5
Action.c(35):     4.187-0-30.567-24.315-54.187-54.187-54.187zM3474.236 100.733l-18.757-29.178h-12.505v29.178
Action.c(35):     h-10.421v-73.639h29.872c12.505 0 23.62 9.031 23.62 22.231 0 15.978-14.589 21.536-18.757 21
Action.c(35):     .536l19.452 29.178h-12.505zM3462.426 36.125h-19.452v26.399h19.452c6.252 0 13.199-4.863 13.
Action.c(35):     199-12.505 0-8.336-6.947-13.894-13.199-13.894z"\n
Action.c(35):           ],\n
Action.c(35):           "attrs": [\n
Action.c(35):             {\n
Action.c(35):               "fill": "rgb(120, 29, 126)"\n
Action.c(35):             },\n
Action.c(35):             {\n
Action.c(35):               "fill": "rgb(120, 29, 126)"\n
Action.c(35):             },\n
Action.c(35):             {\n
Action.c(35):               "fill": "rgb(120, 29, 126)"\n
Action.c(35):             },\n
Action.c(35):             {\n
Action.c(35):               "fill": "rgb(120, 29, 126)"\n
Action.c(35):             },\n
Action.c(35):             {\n
Action.c(35):               "fill": "rgb(120, 29, 126)"\n
Action.c(35):             },\n
Action.c(35):             {\n
Action.c(35):               "fill": "rgb(120, 29, 126)"\n
Action.c(35):             },\n
Action.c(35):             {\n
Action.c(35):               "fill": "rgb(120, 29, 126)"\n
Action.c(35):             },\n
Action.c(35):             {\n
Action.c(35):               "fill": "rgb(120, 29, 126)"\n
Action.c(35):             },\n
Action.c(35):             {\n
Action.c(35):               "fill": "rgb(120, 29, 126)"\n
Action.c(35):             },\n
Action.c(35):             {\n
Action.c(35):               "fill": "rgb(120, 29, 126)"\n
Action.c(35):             },\n
Action.c(35):             {\n
Action.c(35):               "fill": "rgb(253, 185, 19)"\n
Action.c(35):             },\n
Action.c(35):             {\n
Action.c(35):               "fill": "rgb(238, 49, 36)"\n
Action.c(35):             },\n
Action.c(35):             {\n
Action.c(35):               "fill": "rgb(120, 29, 126)"\n
Action.c(35):             },\n
Action.c(35):             {\n
Action.c(35):               "fill": "rgb(141, 198, 63)"\n
Action.c(35):             },\n
Action.c(35):             {\n
Action.c(35):               "fill": "rgb(51, 51, 51)"\n
Action.c(35):             },\n
Action.c(35):             {\n
Action.c(35):               "fill": "rgb(51, 51, 51)"\n
Action.c(35):             },\n
Action.c(35):             {\n
Action.c(35):               "fill": "rgb(51, 51, 51)"\n
Action.c(35):             },\n
Action.c(35):             {\n
Action.c(35):               "fill": "rgb(51, 51, 51)"\n
Action.c(35):             },\n
Action.c(35):             {\n
Action.c(35):               "fill": "rgb(54, 54, 54)"\n
Action.c(35):             },\n
Action.c(35):             {\n
Action.c(35):               "fill": "rgb(51, 51, 51)"\n
Action.c(35):             },\n
Action.c(35):             {\n
Action.c(35):               "fill": "rgb(51, 51, 51)"\n
Action.c(35):             },\n
Action.c(35):             {\n
Action.c(35):               "fill": "rgb(94, 160, 0)"\n
Action.c(35):             },\n
Action.c(35):             {\n
Action.c(35):               "fill": "rgb(51, 51, 51)"\n
Action.c(35):             }\n
Action.c(35):           ],\n
Action.c(35):           "isMulticolor": true,\n
Action.c(35):           "width": 6872,\n
Action.c(35):           "grid": 32,\n
Action.c(35):           "tags": [\n
Action.c(35):             "peapod-logo-stopnshop"\n
Action.c(35):           ],\n
Action.c(35):           "defaultCode": 59901\n
Action.c(35):         },\n
Action.c(35):         {\n
Action.c(35):           "paths": [\n
Action.c(35):             "M398.222 568.889h910.222c34.133 0 56.889-22.756 56.889-56.889s-22.756-56.889-56.8
Action.c(35):     89-56.889h-910.222c-34.133 0-56.889 22.756-56.889 56.889s22.756 56.889 56.889 56.889zM398.
Action.c(35):     222 113.778h910.222c34.133 0 56.889-22.756 56.889-56.889s-22.756-56.889-56.889-56.889h-910
Action.c(35):     .222c-34.133 0-56.889 22.756-56.889 56.889s22.756 56.889 56.889 56.889zM398.222 1024h910.2
Action.c(35):     22c34.133 0 56.889-22.756 56.889-56.889s-22.756-56.889-56.889-56.889h-910.222c-34.133 0-56
Action.c(35):     .889 22.756-56.889 56.889s22.756 56.889 56.889 56.889zM0 56.889c0 34.133 22.756 56.889 56.
Action.c(35):     889 56.889s56.889-22.756 56.889-56.889-22.756-56.889-56.889-56.889-56.889 22.756-56.889 56
Action.c(35):     .889zM0 512c0 34.133 22.756 56.889 56.889 56.889s56.889-22.756 56.889-56.889-22.756-56.889
Action.c(35):     -56.889-56.889-56.889 22.756-56.889 56.889zM0 967.111c0 34.133 22.756 56.889 56.889 56.889
Action.c(35):     s56.889-22.756 56.889-56.889-22.756-56.889-56.889-56.889-56.889 22.756-56.889 56.889z"\n
Action.c(35):           ],\n
Action.c(35):           "width": 1365,\n
Action.c(35):           "grid": 32,\n
Action.c(35):           "tags": [\n
Action.c(35):             "icon_ul"\n
Action.c(35):           ],\n
Action.c(35):           "defaultCode": 59924\n
Action.c(35):         },\n
Action.c(35):         {\n
Action.c(35):           "paths": [\n
Action.c(35):             "M85.333 426.667h256c46.933 0 85.333-38.4 85.333-85.333v-256c0-46.933-38.4-85.333-
Action.c(35):     85.333-85.333h-256c-46.933 0-85.333 38.4-85.333 85.333v256c0 46.933 38.4 85.333 85.333 85.
Action.c(35):     333zM682.667 426.667h256c46.933 0 85.333-38.4 85.333-85.333v-256c0-46.933-38.4-85.333-85.3
Action.c(35):     33-85.333h-256c-46.933 0-85.333 38.4-85.333 85.333v256c0 46.933 38.4 85.333 85.333 85.333z
Action.c(35):     M0 938.667c0 46.933 38.4 85.333 85.333 85.333h256c46.933 0 85.333-38.4 85.333-85.333v-256c
Action.c(35):     0-46.933-38.4-85.333-85.333-85.333h-256c-46.933 0-85.333 38.4-85.333 85.333v256zM597.333 9
Action.c(35):     38.667c0 46.933 38.4 85.333 85.333 85.333h256c46.933 0 85.333-38.4 85.333-85.333v-256c0-46
Action.c(35):     .933-38.4-85.333-85.333-85.333h-256c-46.933 0-85.333 38.4-85.333 85.333v256z"\n
Action.c(35):           ],\n
Action.c(35):           "grid": 32,\n
Action.c(35):           "tags": [\n
Action.c(35):             "icon_grid-2x2"\n
Action.c(35):           ],\n
Action.c(35):           "defaultCode": 59925\n
Action.c(35):         },\n
Action.c(35):         {\n
Action.c(35):           "paths": [\n
Action.c(35):             "M56.889 568.889h398.222v398.222c0 34.133 22.756 56.889 56.889 56.889s56.889-22.75
Action.c(35):     6 56.889-56.889v-398.222h398.222c34.133 0 56.889-22.756 56.889-56.889s-22.756-56.889-56.88
Action.c(35):     9-56.889h-398.222v-398.222c0-34.133-22.756-56.889-56.889-56.889s-56.889 22.756-56.889 56.8
Action.c(35):     89v398.222h-398.222c-34.133 0-56.889 22.756-56.889 56.889s22.756 56.889 56.889 56.889z"\n
Action.c(35):           ],\n
Action.c(35):           "grid": 32,\n
Action.c(35):           "tags": [\n
Action.c(35):             "icon_plus"\n
Action.c(35):           ],\n
Action.c(35):           "defaultCode": 59926\n
Action.c(35):         },\n
Action.c(35):         {\n
Action.c(35):           "paths": [\n
Action.c(35):             "M1078.613 925.013l-474.453-887.467c-10.24-23.893-34.133-37.547-61.44-37.547v0c-23
Action.c(35):     .893 0-47.787 13.653-61.44 37.547l-474.453 887.467c-10.24 20.48-10.24 47.787 0 68.267 13.6
Action.c(35):     53 20.48 34.133 34.133 58.027 34.133h948.907c23.893 0 47.787-13.653 58.027-34.133 17.067-2
Action.c(35):     3.893 17.067-47.787 6.827-68.267zM68.267 955.733l474.453-887.467 474.453 887.467h-948.907z
Action.c(35):     M474.453 409.6v204.8c0 37.547 30.72 68.267 68.267 68.267s68.267-30.72 68.267-68.267v-204.8
Action.c(35):     c0-37.547-30.72-68.267-68.267-68.267s-68.267 30.72-68.267 68.267zM474.453 819.2c0 37.547 3
Action.c(35):     0.72 68.267 68.267 68.267s68.267-30.72 68.267-68.267-30.72-68.267-68.267-68.267-68.267 30.
Action.c(35):     72-68.267 68.267z"\n
Action.c(35):           ],\n
Action.c(35):           "width": 1085,\n
Action.c(35):           "grid": 32,\n
Action.c(35):           "tags": [\n
Action.c(35):             "icon_error-triangle_alt"\n
Action.c(35):           ],\n
Action.c(35):           "defaultCode": 59927\n
Action.c(35):         },\n
Action.c(35):         {\n
Action.c(35):           "paths": [\n
Action.c(35):             "M512 0c-283.733 0-512 228.267-512 512s228.267 512 512 512 512-228.267 512-512-228
Action.c(35):     .267-512-512-512zM512 960c-247.467 0-448-200.533-448-448s200.533-448 448-448 448 200.533 4
Action.c(35):     48 448-200.533 448-448 448zM736 309.333c-21.333-12.8-49.067-8.533-61.867 12.8l-215.467 328
Action.c(35):     .533-102.4-96c-19.2-17.067-46.933-14.933-64 2.133s-14.933 46.933 2.133 64l142.933 132.267c
Action.c(35):     0 0 2.133 0 2.133 0 2.133 0 2.133 2.133 4.267 4.2
Action.c(35): t=9030ms: 6024-byte DECODED response body for "https://stage.peapod.com/shop/images/icons/PeapodIcons.json" (RelFrameId=1, Internal ID=3)
Action.c(35):     67s4.267 2.133 6.4 2.133c2.133 2.133 4.267 2.133 6.4 2.133s4.267 0 8.533 2.133c4.267 0 6.4
Action.c(35):      0 10.667 0 2.133 0 2.133 0 4.267 0 4.267-2.133 8.533-2.133 12.8-4.267 0 0 2.133 0 2.133-2
Action.c(35):     .133 2.133-2.133 6.4-2.133 8.533-6.4 2.133-2.133 2.133-4.267 4.267-6.4 0 0 0 0 0 0l245.333
Action.c(35):     -375.467c10.667-19.2 4.267-46.933-17.067-59.733z"\n
Action.c(35):           ],\n
Action.c(35):           "attrs": [\n
Action.c(35):             {\n
Action.c(35):               "fill": "rgb(81, 81, 81)"\n
Action.c(35):             }\n
Action.c(35):           ],\n
Action.c(35):           "tags": [\n
Action.c(35):             "icon_check_circle"\n
Action.c(35):           ],\n
Action.c(35):           "grid": 32,\n
Action.c(35):           "defaultCode": 59928\n
Action.c(35):         },\n
Action.c(35):         {\n
Action.c(35):           "paths": [\n
Action.c(35):             "M890.88 993.28c0 0 0-10.24 0 0l716.8-798.72c40.96-40.96 40.96-112.64 0-163.84 0 0
Action.c(35):      0 0 0 0-20.48-20.48-40.96-30.72-71.68-30.72h-1433.6c-30.72 0-51.2 10.24-71.68 40.96v0c-40
Action.c(35):     .96 40.96-40.96 112.64 0 163.84l716.8 798.72c40.96 30.72 102.4 30.72 143.36-10.24z"\n
Action.c(35):           ],\n
Action.c(35):           "width": 1638,\n
Action.c(35):           "tags": [\n
Action.c(35):             "arrow_triangle-down"\n
Action.c(35):           ],\n
Action.c(35):           "grid": 32,\n
Action.c(35):           "defaultCode": 59929\n
Action.c(35):         },\n
Action.c(35):         {\n
Action.c(35):           "paths": [\n
Action.c(35):             "M1094.621 380.567c7.847 31.387 11.77 62.774 11.77 94.161 0 255.019-215.785 462.95
Action.c(35):     8-498.268 510.038 58.851 23.54 125.548 39.234 200.092 39.234 66.697 0 129.471-11.77 188.32
Action.c(35):     2-35.31 74.544 23.54 153.011 31.387 219.709 31.387-35.31-39.234-58.851-82.391-74.544-117.7
Action.c(35):     01 74.544-66.697 117.701-153.011 117.701-247.172-7.847-105.931-66.697-207.939-164.782-274.
Action.c(35):     636zM54.927 914.146c7.847 11.77 19.617 19.617 35.31 19.617 0 0 0 0 0 0 43.157 0 125.548-31
Action.c(35):     .387 211.862-86.314 47.080 7.847 153.011 23.54 188.322 23.54 274.636 0 490.421-192.245 490
Action.c(35):     .421-439.418 3.923-235.402-215.785-431.571-490.421-431.571s-490.421 196.169-490.421 435.49
Action.c(35):     4c0 113.778 51.004 219.709 137.318 302.1-19.617 47.080-47.080 94.161-78.467 133.395-7.847 
Action.c(35):     15.693-11.77 31.387-3.923 43.157zM78.467 439.418c0-200.092 184.398-360.95 411.954-360.95s4
Action.c(35):     11.954 160.858 411.954 360.95c0 204.015-176.552 360.95-411.954 360.95-31.387 0-153.011-19.
Action.c(35):     617-188.322-23.54-11.77-3.923-19.617 0-31.387 3.923-35.31 23.54-66.697 39.234-94.161 51.00
Action.c(35):     4 15.693-27.464 27.464-58.851 39.234-86.314 3.923-15.693 0-31.387-11.77-43.157-78.467-74.5
Action.c(35):     44-125.548-164.782-125.548-262.866z"\n
Action.c(35):           ],\n
Action.c(35):           "width": 1252,\n
Action.c(35):           "tags": [\n
Action.c(35):             "icon_chat_alt"\n
Action.c(35):           ],\n
Action.c(35):           "grid": 32,\n
Action.c(35):           "defaultCode": 59930\n
Action.c(35):         },\n
Action.c(35):         {\n
Action.c(35):           "paths": [\n
Action.c(35):             "M866.462 945.231h-787.692v-787.692h581.002l49.152-78.769h-630.154c-43.497 0.016-7
Action.c(35):     8.753 35.273-78.769 78.768l-0 787.694c0.016 43.497 35.273 78.753 78.768 78.769l787.694 0c4
Action.c(35):     3.497-0.016 78.753-35.273 78.769-78.768l0-520.115-78.769 126.267v393.846zM999.030 8.98c-8.
Action.c(35):     495-5.628-18.925-8.98-30.137-8.98-19.216 0-36.133 9.844-45.984 24.764l-428.317 617.914-165
Action.c(35):     .652-189.046c-9.802-9.097-22.976-14.678-37.455-14.678-30.445 0-55.126 24.681-55.126 55.126
Action.c(35):      0 15.967 6.788 30.349 17.636 40.416l199.164 227.281c1.541 2.029 3.115 3.828 4.804 5.513l5
Action.c(35):     .042 5.751c0.63 0.551 1.418 0.709 2.048 1.26 1.575 1.26 2.521 2.993 4.175 4.175 3.097 1.92
Action.c(35):      6.666 3.601 10.429 4.858 1.229 0.42 1.938 0.971 2.804 1.208 5.039 1.775 10.85 2.836 16.89
Action.c(35):     9 2.914 0.273 0 0.509-0.157 0.745-0.157 0.29 0.006 0.632 0.009 0.974 0.009 15.695 0 29.844
Action.c(35):     -6.625 39.801-17.23 2.075-2.235 2.863-4.913 4.517-7.355l0.236-0.236 469.386-677.179c5.625-
Action.c(35):     8.504 8.974-18.941 8.974-30.16 0-19.231-9.839-36.164-24.759-46.039z"\n
Action.c(35):           ],\n
Action.c(35):           "tags": [\n
Action.c(35):             "icon_box-checked"\n
Action.c(35):           ],\n
Action.c(35):           "grid": 32,\n
Action.c(35):           "defaultCode": 59931\n
Action.c(35):         },\n
Action.c(35):         {\n
Action.c(35):           "paths": [\n
Action.c(35):             "M393.756 163.923c-128.995 0-233.566 104.571-233.566 233.566s104.571 233.566 233.5
Action.c(35):     66 233.566c128.995 0 233.566-104.571 233.566-233.566 0-0.006 0-0.014 0-0.021 0-128.983-104
Action.c(35):     .561-233.545-233.545-233.545-0.007 0-0.015 0-0.022 0l0.001-0zM393.756 566.040c-93.065 0-16
Action.c(35):     8.509-75.444-168.509-168.509s75.444-168.509 168.509-168.509c93.065 0 168.509 75.444 168.50
Action.c(35):     9 168.509s-75.444 168.509-168.509 168.509z",\n
Action.c(35):             "M784.59 435.926l-40.527-88.798 13.95-96.583c0.217-1.384 0.341-2.979 0.341-4.604 0
Action.c(35):     -0.009-0-0.017-0-0.026 0-0.007 0-0.018 0-0.028 0-11.367-5.838-21.371-14.68-27.176l-82.436-
Action.c(35):     52.953-40.527-88.947c-5.254-11.294-16.497-18.988-29.54-19.005l-97.695-0-82.1-52.643c-4.989
Action.c(35):     -3.263-11.098-5.204-17.661-5.204s-12.673 1.941-17.786 5.281l-81.847 52.609h-97.628c-13.014
Action.c(35):      0.024-24.23 7.698-29.395 18.763l-40.739 89.147-82.1 52.75c-9.038 5.864-14.932 15.905-14.9
Action.c(35):     32 27.323 0 1.709 0.132 3.387 0.387 5.025l13.841 96.273-40.527 88.776c-1.885 3.956-2.986 8
Action.c(35):     .598-2.986 13.497 0 0.002 0 0.003 0 0.005-0 0.019-0 0.041-0 0.063 0 8.157 3.014 15.609 7.9
Action.c(35):     89 21.305l63.958 73.679 13.907 96.669c1.787 12.666 10.71 22.861 22.509 26.475l25.356 7.568
Action.c(35):     v316.349c-0 0.012-0 0.026-0 0.040 0 17.93 14.535 32.465 32.465 32.465 6.124 0 11.853-1.696
Action.c(35):      16.741-4.644l210.831-123.122 211.169 123.139c4.674 2.801 10.313 4.458 16.338 4.458 0.030 
Action.c(35):     0 0.061-0 0.091-0 17.937 0 32.481-14.544 32.481-32.486 0 0 0 0 0 0l-0-316.285 24.892-7.423
Action.c(35):     c12.073-3.56 21.086-13.658 23.014-26.097l13.973-97.021 63.991-73.739c4.917-5.667 7.914-13.
Action.c(35):     116 7.914-21.265 0-5.028-1.141-9.789-3.178-14.040zM588.949 934.754l-178.662-104.219c-4.71-
Action.c(35):     2.815-10.389-4.48-16.456-4.48s-11.747 1.665-16.605 4.562l-178.62 104.137v-240.669l3.711 1.
Action.c(35):     088 63.991 73.781c5.957 6.9 14.716 11.241 24.488 11.241 0.015 0 0.029-0 0.044-0-0.001 0 0 
Action.c(35):     0 0.002 0 3.361 0 6.604-0.507 9.656-1.448l93.28-27.433 93.661 27.516c2.736 0.853 5.881 1.3
Action.c(35):     44 9.141 1.344 0.033 0 0.067-0 0.1-0 0.011 0 0.031 0 0.050 0 9.747 0 18.484-4.324 24.398-1
Action.c(35):     1.158l64.025-73.886 3.711-1.088v240.669zM660.405 509.216c-4.009 4.42-6.742 10.066-7.577 16
Action.c(35):     .311l-12.495 85.604-82.74 24.295c-6.233 1.655-11.497 5.134-15.338 9.824l-56.588 65.322-82.
Action.c(35):     74-24.316c-2.696-0.839-5.796-1.323-9.009-1.323-0.057 0-0.115 0-0.172 0 0.008-0 0.007-0 0.0
Action.c(35):     07-0-3.347 0-6.575 0.507-9.613 1.448l-82.318 24.191-56.525-65.206c-3.831-4.722-9.025-8.202
Action.c(35):     -14.981-9.849l-83.138-24.386-12.286-85.321c-0.827-6.486-3.589-12.211-7.68-16.705l-56.61-65
Action.c(35):     .182 35.835-78.474c1.845-3.911 2.923-8.495 2.923-13.331 0-0.052-0-0.105-0-0.157-0.002-1.69
Action.c(35):     5-0.134-3.365-0.386-4.996l-12.071-85.031 72.523-46.649c5.305-3.13 9.432-7.766 11.852-13.31
Action.c(35):     7l36.077-78.872h86.387c0.021 0 0.045 0 0.070 0 6.55 0 12.645-1.95 17.735-5.301l72.231-46.6
Action.c(35):     59 72.523 46.649c4.975 3.236 1
Action.c(35): t=9047ms: 12282-byte ENCODED response body received for "https://stage.peapod.com/shop/images/icons/PeapodIcons.json" (RelFrameId=1, Internal ID=3)
Action.c(35): t=9048ms: 12288-byte DECODED response body for "https://stage.peapod.com/shop/images/icons/PeapodIcons.json" (RelFrameId=1, Internal ID=3)
Action.c(35):     1.061 5.161 17.597 5.162l86.388 0 35.792 78.645c2.418 5.839 6.526 10.574 11.71 13.708l72.8
Action.c(35):     43 46.806-12.329 85.321c-0.217 1.379-0.341 2.969-0.341 4.589 0 0.014 0 0.028 0 0.042-0 0.0
Action.c(35):     12-0 0.028-0 0.044 0 4.962 1.117 9.663 3.113 13.865l35.666 78.086z"\n
Action.c(35):           ],\n
Action.c(35):           "width": 788,\n
Action.c(35):           "tags": [\n
Action.c(35):             "vip_ribbon"\n
Action.c(35):           ],\n
Action.c(35):           "grid": 32,\n
Action.c(35):           "defaultCode": 59932\n
Action.c(35):         },\n
Action.c(35):         {\n
Action.c(35):           "paths": [\n
Action.c(35):             "M468.838 690.15l-11.75-47.898h-88.73l-11.75 47.898h-82.15l92.467-313.165h91.571l9
Action.c(35):     2.493 313.165h-82.15zM412.979 455.859l-29.568 120.32h58.675z",\n
Action.c(35):             "M804.992 690.15v-185.83l-63.386 185.933h-29.568l-62.925-185.933v185.933h-76.083v-
Action.c(35):     313.267h100.941l53.069 156.339 53.53-156.339h100.070v313.165h-75.648z",\n
Action.c(35):             "M931.686 690.15v-313.165h188.749v66.202h-112.64v54.938h109.389v66.227h-109.414v59
Action.c(35):     .622h112.64v66.202h-188.723z",\n
Action.c(35):             "M1328.23 690.15l-51.661-101.888-51.2 101.888h-86.835l90.598-160.102-85.453-153.06
Action.c(35):     2h86.886l46.080 95.77 45.542-95.77h87.322l-84.966 152.602 90.624 160.563h-86.938z"\n
Action.c(35):           ],\n
Action.c(35):           "width": 1690,\n
Action.c(35):           "attrs": [\n
Action.c(35):             {\n
Action.c(35):               "fill": "rgb(170, 170, 170)"\n
Action.c(35):             },\n
Action.c(35):             {\n
Action.c(35):               "fill": "rgb(170, 170, 170)"\n
Action.c(35):             },\n
Action.c(35):             {\n
Action.c(35):               "fill": "rgb(170, 170, 170)"\n
Action.c(35):             },\n
Action.c(35):             {\n
Action.c(35):               "fill": "rgb(170, 170, 170)"\n
Action.c(35):             }\n
Action.c(35):           ],\n
Action.c(35):           "tags": [\n
Action.c(35):             "cc_amex_bw"\n
Action.c(35):           ],\n
Action.c(35):           "grid": 32,\n
Action.c(35):           "defaultCode": 59933\n
Action.c(35):         },\n
Action.c(35):         {\n
Action.c(35):           "paths": [\n
Action.c(35):             "M352.102 510.131c0.138 1.962 0.216 4.253 0.216 6.561 0 27.174-10.89 51.805-28.544
Action.c(35):      69.767-19.909 16.637-45.799 26.748-74.050 26.748-2.764 0-5.506-0.097-8.222-0.287l-56.799 
Action.c(35):     0.021v-201.702h63.309c1.968-0.13 4.267-0.204 6.583-0.204 26.893 0 51.459 9.961 70.211 26.3
Action.c(35):     95 16.929 17.143 27.463 40.867 27.463 67.051 0 1.988-0.061 3.961-0.18 5.919zM307.686 511.2
Action.c(35):     58q0-64.973-57.344-64.973h-22.81v131.302h18.227q61.952 0.026 61.926-66.33z",\n
Action.c(35):             "M388.275 612.915v-201.702h42.752v201.702h-42.752z",\n
Action.c(35):             "M600.883 556.902c0.031 0.674 0.049 1.464 0.049 2.258 0 16.488-7.667 31.185-19.63 
Action.c(35):     40.72-13.902 10.032-31.149 15.997-49.788 15.997-1.758 0-3.504-0.053-5.237-0.158-0.488 0.02
Action.c(35):     6-1.345 0.035-2.203 0.035-19.859 0-38.671-4.483-55.479-12.492l0.78-39.396c9.55 4.556 21.02
Action.c(35):     0 8.913 32.871 12.377 9.414 2.632 18.307 3.969 27.49 4.108 0.751 0.044 1.534 0.069 2.323 0
Action.c(35):     .069 7.153 0 13.833-2.026 19.497-5.535 4.445-3.341 7.394-8.772 7.394-14.891 0-0.349-0.010-
Action.c(35):     0.696-0.029-1.040 0.003-0.028 0.004-0.118 0.004-0.208 0-3.87-1.259-7.445-3.389-10.339-2.62
Action.c(35):     8-3.519-5.866-6.489-9.571-8.775-7.275-4.46-15.84-9.015-24.678-13.078-12.173-5.377-21.302-1
Action.c(35):     0.969-29.593-17.569-5.747-4.94-10.689-11.124-14.325-18.099-3.64-7.23-5.678-15.36-5.678-23.
Action.c(35):     967 0-0.432 0.005-0.863 0.015-1.292-0.039-0.683-0.061-1.558-0.061-2.437 0-15.792 7.023-29.
Action.c(35):     944 18.117-39.502 12.601-9.722 28.526-15.548 45.813-15.548 1.559 0 3.107 0.047 4.642 0.141
Action.c(35):     -0.042-0.011 0.157-0.012 0.356-0.012 10.459 0 20.602 1.355 30.262 3.898 10.873 2.955 20.80
Action.c(35):     6 6.529 30.355 10.809l-15.104 32.757c-7.315-3.259-16.211-6.414-25.376-8.921-7.602-1.923-14
Action.c(35):     .755-2.855-22.121-2.881-0.586-0.042-1.251-0.067-1.921-0.067-6.332 0-12.16 2.154-16.792 5.7
Action.c(35):     7-3.94 3.623-6.439 8.873-6.439 14.708 0 3.631 0.968 7.036 2.66 9.971 2.178 3.163 4.958 5.8
Action.c(35):     7 8.181 7.95 7.483 4.578 16.375 9.303 25.544 13.531 16.938 7.091 29.873 16.281 40.392 27.7
Action.c(35):     26 6.705 8.708 10.702 19.665 10.702 31.555 0 0.643-0.012 1.283-0.035 1.921z",\n
Action.c(35):             "M723.098 443.904c-0.571-0.027-1.239-0.042-1.912-0.042-14.547 0-27.434 7.108-35.37
Action.c(35):     7 18.041-8.481 12.999-13.473 28.755-13.473 45.678 0 1.771 0.055 3.529 0.162 5.273q-0.012 6
Action.c(35):     7.191 50.599 67.217c18.688-0.706 36.281-4.533 52.556-10.973l-1.075 36.215c-15.706 6.491-33
Action.c(35):     .944 10.26-53.062 10.26-0.848 0-1.695-0.007-2.54-0.022-1.487 0.111-3.372 0.174-5.272 0.174
Action.c(35):     -24.422 0-46.429-10.338-61.884-26.876-14.735-18.928-23.597-42.974-23.597-69.091 0-2.676 0.
Action.c(35):     093-5.33 0.276-7.959-0.037-0.412-0.046-1.315-0.046-2.22 0-19.010 4.257-37.027 11.869-53.14
Action.c(35):     8 6.89-14.569 18.186-26.968 32.173-35.334 14.183-8.163 30.741-12.856 48.395-12.856 0.803 0
Action.c(35):      1.604 0.010 2.402 0.029 21.433 0.225 41.713 5.448 59.688 14.561l-14.571 34.41c-5.96-2.952
Action.c(35):     -13.494-6.116-21.22-8.875-8.282-2.981-16.013-4.433-24.079-4.463z",\n
Action.c(35):             "M1116.902 411.213h43.187l-68.506 201.702h-46.643l-68.403-201.702h43.213l37.965 12
Action.c(35):     0.013c2.099 7.117 4.352 15.36 6.554 24.781s3.61 15.898 4.198 19.635c2.871-17.388 6.431-32.
Action.c(35):     358 10.904-46.929z",\n
Action.c(35):             "M1301.632 612.915h-116.173v-201.702h116.173v35.072h-73.421v44.288h68.352v35.046h-
Action.c(35):     68.352v51.968h73.421v35.328z",\n
Action.c(35):             "M1386.496 535.526v77.389h-42.752v-201.702h58.88c2.28-0.184 4.936-0.289 7.617-0.28
Action.c(35):     9 19.727 0 38.125 5.686 53.646 15.509 11.721 10.723 19.313 26.517 19.313 44.085 0 12.19-3.
Action.c(35):     655 23.527-9.929 32.973-6.889 9.338-16.257 16.79-27.135 21.355q45.065 68.101 58.863 87.992
Action.c(35):     h-47.565l-48.154-77.389h-22.784zM1386.496 500.736h13.824c1.144 0.088 2.478 0.138 3.824 0.1
Action.c(35):     38 9.596 0 18.596-2.549 26.361-7.007 5.671-4.343 9.462-11.379 9.462-19.301 0-0.646-0.025-1
Action.c(35):     .286-0.075-1.92 0.062-0.51 0.094-1.201 0.094-1.899 0-7.698-3.928-14.479-9.889-18.447-7.79-
Action.c(35):     3.965-16.891-6.258-26.527-6.258-1.432 0-2.852 0.051-4.259 0.15l-12.867-0.011v54.502z",\n
Action.c(35):             "M981.018 512.077c0 55.706-45.158 100.864-100.864 100.864s-100.864-45.158-100.864-
Action.c(35):     100.864c0-55.706 45.158-100.864 100.864-100.864s100.864 45.158 100.864 100.864z"\n
Action.c(35):           ],\n
Action.c(35):           "width": 1690,\n
Action.c(35):           "attrs": [\n
Action.c(35):             {\n
Action.c(35):               "fill": "rgb(170, 170, 170)"\n
Action.c(35):             },\n
Action.c(35):             {\n
Action.c(35):               "fill": "rgb(170, 170, 170)"\n
Action.c(35):             },\n
Action.c(35):             {\n
Action.c(35):               "fill": "rgb(170, 170, 170)"\n
Action.c(35):             },\n
Action.c(35):             {\n
Action.c(35):               "fill": "rgb(170, 170, 170)"\n
Action.c(35):             },\n
Action.c(35):             {\n
Action.c(35):               "fill": "rgb(170, 170, 170)"\n
Action.c(35):             },\n
Action.c(35):             {\n
Action.c(35):               "fill": "rgb(170, 170, 170)"\n
Action.c(35):             },\n
Action.c(35):             {\n
Action.c(35):               "fill": "rgb(170, 170, 170)"\n
Action.c(35):             },\n
Action.c(35):             {\n
Action.c(35):               "fill": "rgb(198, 198, 198)"\n
Action.c(35):             }\n
Action.c(35):           ],\n
Action.c(35):           "isMulticolor": true,\n
Action.c(35):           "tags": [\n
Action.c(35):             "cc_discover_bw"\n
Action.c(35):           ],\n
Action.c(35):           "grid": 32,\n
Action.c(35):           "defaultCode": 59934\n
Action.c(35):         },\n
Action.c(35):         {\n
Action.c(35):           "paths": [\n
Action.c(35):             "M911.718 512c0 147.917-119.91 267.827-267.827 267.827s-267.827-119.91-267.827-267
Action.c(35):     .827c0-147.917 119.91-267.827 267.827-267.827s267.827 119.91 267.827 267.827z",\n
Action.c(35):             "M1044.864 246.784c-79.464 0.011-150.771 34.927-199.425 90.251-11.254 12.846-21.32
Action.c(35):     5 26.781-30.026 41.617l60.107 1.278c8.912 15.238 16.781 32.874 22.676 51.39l-107.156 1.883
Action.c(35):     c-5.113 15.387-9.028 33.424-11.010 52.040l129.846 1.157c0.995 7.816 1.651 17.044 1.814 26.
Action.c(35):     392 0.003 9.244-0.534 18.152-1.405 26.856h-130.355c2.095 19.803 6.027 37.865 11.692 55.143
Action.c(35):     l107.476-1.869c-6.564 20.404-14.563 38.031-24.283 54.521l-60.171-1.248c9.381 16.104 19.452
Action.c(35):      30.032 30.727 42.878 48.774 55.299 120.178 90.191 199.732 90.191 147.040 0 266.24-119.2 2
Action.c(35):     66.24-266.24s-119.2-266.24-266.24-266.24c-0.084 0-0.167 0-0.251 0z"\n
Action.c(35):           ],\n
Action.c(35):           "width": 1690,\n
Action.c(35):           "attrs": [\n
Action.c(35):             {\n
Action.c(35):               "fill": "rgb(170, 170, 170)"\n
Action.c(35):             },\n
Action.c(35):             {\n
Action.c(35):               "fill": "rgb(198, 198, 198)"\n
Action.c(35):             }\n
Action.c(35):           ],\n
Action.c(35):           "isMulticolor": true,\n
Action.c(35):           "tags": [\n
Action.c(35):             "cc_mastercard_bw"\n
Action.c(35):           ],\n
Action.c(35):           "grid": 32,\n
Action.c(35):           "defaultCode": 59942\n
Action.c(35):         },\n
Action.c(35):         {\n
Action.c(35):           "paths": [\n
Action.c(35):             "M645.274 687.334l59.597-349.773h95.334l-59.648 349.773h-95.283z",\n
Action.c(35):             "M1086.336 346.163c-24.926-9.311-53.728-14.7-83.789-14.7-0.585 0-1.17 0.002-1.754 
Action.c(35):     0.006-94.118-0-160.473 47.436-161.037 115.43-0.538 50.253 47.36 78.285 83.533 95.027 37.09
Action.c(35):     4 17.152 49.587 28.16 49.408 43.52-0.23 23.45-29.645 34.15-57.037 34.15-1.754 0.055-3.816 
Action.c(35):     0.087-5.885 0.087-30.42 0-59.253-6.798-85.062-18.958l-11.069-5.039-13.389 78.182c31.067 11
Action.c(35):     .822 66.992 18.667 104.516 18.667 0.588 0 1.176-0.002 1.763-0.005 100.134 0 165.183-46.899
Action.c(35):      165.926-119.5 0.358-39.782-25.037-70.067-80.051-95.027-33.28-16.179-53.76-26.982-53.504-4
Action.c(35):     3.366 0-14.541 17.28-30.080 54.605-30.080 1.158-0.027 2.523-0.043 3.891-0.043 24.339 0 47.
Action.c(35):     525 4.938 68.611 13.866l7.396 3.611 12.928-75.827z",\n
Action.c(35):             "M1330.816 337.92h-73.677c-1.822-0.248-3.927-0.39-6.066-0.39-19.687 0-36.571 11.99
Action.c(35):     9-43.738 29.082l-141.71 320.824h100.122s16.358-43.11 20.070-52.557l122.086 0.154c2.842 12.
Action.c(35):     237 11.597 52.403 11.597 52.403h88.499l-77.184-349.517zM1213.261 563.354c7.885-20.147 37.9
Action.c(35):     9-97.766 37.99-97.766-0.563 0.922 7.834-20.25 12.646-33.28l6.451 30.157s18.253 83.482 22.0
Action.c(35):     67 100.992h-79.155z",\n
Action.c(35):             "M565.299 337.92l-93.338 238.515-9.933-48.563c-24.863-64.312-71.423-115.624-130.51
Action.c(35):     2-145.998l83.818 305.179 100.864-0.128 150.093-349.005h-100.992z",\n
Action.c(35):             "M385.382 337.587h-153.728l-1.254 7.27c119.603 28.954 198.733 98.918 231.603 182.9
Action.c(35):     89l-33.408-160.742c-4.663-17.276-20.192-29.779-38.643-29.779-1.61 0-3.199 0.095-4.759 0.28
Action.c(35):     z"\n
Action.c(35):           ],\n
Action.c(35):           "width": 1690,\n
Action.c(35):           "attrs": [\n
Action.c(35):             {\n
Action.c(35):               "fill": "rgb(170, 170, 170)"\n
Action.c(35):             },\n
Action.c(35):             {\n
Action.c(35):               "fill": "rgb(170, 170, 170)"\n
Action.c(35):             },\n
Action.c(35):             {\n
Action.c(35):               "fill": "rgb(170, 170, 170)"\n
Action.c(35):             },\n
Action.c(35):             {\n
Action.c(35):               "fill": "rgb(170, 170, 170)"\n
Action.c(35):             },\n
Action.c(35):             {\n
Action.c(35):               "fill": "rgb(170, 170, 170)"\n
Action.c(35):             }\n
Action.c(35):           ],\n
Action.c(35):           "tags": [\n
Action.c(35):             "cc_visa_bw"\n
Action.c(35):           ],\n
Action.c(35):           "grid": 32,\n
Action.c(35):           "defaultCode": 59944\n
Action.c(35):         },\n
Action.c(35):         {\n
Action.c(35):           "paths": [\n
Action.c(35):             "M568.73 559.478c-154.5 0-279.748-125.247-279.748-279.748s125.247-279.748 279.748-
Action.c(35):     279.748c154.5 0 279.748 125.247 279.748 279.748-0.175 154.43-125.318 279.573-279.731 279.7
Action.c(35):     48zM568.73 51.208c-126.219 0-228.54 102.321-228.54 228.54s102.321 228.54 228.54 228.54c126
Action.c(35):     .219 0 228.54-102.321 228.54-228.54 0-0.006-0-0.012-0-0.018-0.117-126.168-102.37-228.415-2
Action.c(35):     28.53-228.522z",\n
Action.c(35):             "M265 894.069c-0.159-0.001-0.346-0.002-0.534-0.002-35.879 0-64.965 29.086-64.965 6
Action.c(35):     4.965s29.086 64.965 64.965 64.965c18.068 0 34.413-7.376 46.188-19.28 11.609-11.736 18.777-
Action.c(35):     27.874 18.777-45.685 0-35.692-28.782-64.661-64.403-64.963z",\n
Action.c(35):             "M849.604 894.069c-0.268-0.004-0.584-0.006-0.901-0.006-36.379 0-65.87 29.491-65.87
Action.c(35):      65.87s29.491 65.87 65.87 65.87c36.379 0 65.87-29.491 65.87-65.87 0-18.189-7.372-34.656-19
Action.c(35):     .291-46.576-11.391-11.897-27.401-19.291-45.139-19.291-0.189 0-0.378 0.001-0.567 0.003z",\n
Action.c(35):             "M480.687 303.832h60.801v60.801c0 14.141 11.463 25.604 25.604 25.604s25.604-11.463
Action.c(35):      25.604-25.604v-60.801h60.801c14.141 0 25.604-11.463 25.604-25.604s-11.463-25.604-25.604-2
Action.c(35):     5.604h-60.801v-60.903c0-14.141-11.463-25.604-25.604-25.604s-25.604 11.463-25.604 25.604v60
Action.c(35):     .903h-60.801c-14.141 0-25.604 11.463-25.604 25.604s11.463 25.604 25.604 25.604z",\n
Action.c(35):             "M868.158 673.108c0.001 0 0.003 0 0.004 0 10.716 0 19.894-6.583 23.711-15.925l148.
Action.c(35):     752-371.87c1.154-2.81 1.824-6.072 1.824-9.49 0-14.134-11.452-25.593-25.583-25.604l-127.201
Action.c(35):     -0c0.888 9.747 1.502 19.561 1.502 29.53 0 7.323-0.614 14.475-1.092 21.678h88.982l-128.224 
Action.c(35):     320.475h-605.958l-64.129-320.492h66.672c-0.478-7.203-1.092-14.355-1.092-21.678 0-9.968 0.6
Action.c(35):     14-19.8 1.502-29.53h-77.324l-20.654-103.32c-2.432-11.812-12.745-20.568-25.104-20.568-0.002
Action.c(35):      0-0.004 0-0.005 0l-99.138-0c-14.141 0-25.604 11.463-25.604 25.604s11.463 25.604 25.604 25
Action.c(35):     .604h78.143l20.654 103.32 73.21 366.084-23.897 145.174c-0.215 1.247-0.338 2.683-0.338 4.14
Action.c(35):     8 0 14.141 11.463 25.604 25.604 25.604 0.005 0 0.010-0 0.015-0l768.302 0c14.141 0 25.604-1
Action.c(35):     1.463 25.604-25.604s-11.463-25.604-25.604-25.604h-738.073l15.994-97.482h622.941z"\n
Action.c(35):           ],\n
Action.c(35):           "width": 1042,\n
Action.c(35):           "tags": [\n
Action.c(35):             "largeIcon_addToCart"\n
Action.c(35):           ],\n
Action.c(35):           "grid": 32,\n
Action.c(35):           "defaultCode": 59945\n
Action.c(35):         },\n
Action.c(35):         {\n
Action.c(35):           "paths": [\n
Action.c(35):             "M260.262 896.392c-0.156-0.001-0.34-0.002-0.524-0.002-35.238 0-63.804 28.566-63.80
Action.c(35):     4 63.804s28.566 63.804 63.804 63.804c17.745 0 33.798-7.244 45.363-18.936 11.401-11.526 18.
Action.c(35):     441-27.375 18.441-44.869 0-35.054-28.268-63.505-63.251-63.802z",\n
Action.c(35):             "M834.415 896.392c-0.258-0.004-0.563-0.006-0.868-0.006-35.729 0-64.693 28.964-64.6
Action.c(35):     93 64.693s28.964 64.693 64.693 64.693c35.729 0 64.693-28.964 64.693-64.693 0-17.872-7.247-
Action.c(35):     34.051-18.963-45.76-11.186-11.674-26.904-18.929-44.316-18.929-0.192 0-0.383 0.001-0.574 0.
Action.c(35):     003z",\n
Action.c(35):             "M560.188 568.57c157.006-0 284.285-127.279 284.285-284.285s-127.279-284.285-284.28
Action.c(35):     5-284.285c-157.006 0-284.285 127.279-284.285 284.285 0 0.006 0 0.012 0 0.018 0.181 156.929
Action.c(35):      127.354 284.096 284.269 284.267zM560.188 52.036c128.261 0.010 232.233 103.988 232.233 232
Action.c(35):     .249 0 128.268-103.982 232.249-232.249 232.249-128.262 0-232.24-103.972-232.249-232.232 0.
Action.c(35):     095-128.253 104.019-232.201 232.253-232.334z",\n
Action.c(35):             "M852.638 679.381c0.001 0 0.003 0 0.004 0 10.524 0 19.538-6.465 23.287-15.641l146.
Action.c(35):     093-365.222c1.133-2.76 1.791-5.964 1.791-9.321 0-13.881-11.2
Action.c(35): t=9089ms: 12288-byte DECODED response body for "https://stage.peapod.com/shop/images/icons/PeapodIcons.json" (RelFrameId=1, Internal ID=3)
Action.c(35):     47-25.135-25.126-25.146l-114.181-0c0.419 6.706 1.023 13.411 1.023 20.268 0 10.058-0.604 20
Action.c(35):     .117-1.526 30.024h77.534l-125.915 314.746h-595.125l-62.983-314.762h58.859c-0.905-9.908-1.5
Action.c(35):     26-19.899-1.526-30.024 0-6.84 0.604-13.529 1.023-20.268h-68.431l-20.285-101.423c-2.361-11.
Action.c(35):     631-12.502-20.264-24.659-20.268l-97.349-0c-13.888 0-25.146 11.258-25.146 25.146s11.258 25.
Action.c(35):     146 25.146 25.146h76.746l20.285 101.473 71.901 359.506-23.47 142.578c-0.211 1.225-0.332 2.
Action.c(35):     635-0.332 4.074 0 13.888 11.258 25.146 25.146 25.146 0.005 0 0.010-0 0.014-0l754.567 0c13.
Action.c(35):     888 0 25.146-11.258 25.146-25.146s-11.258-25.146-25.146-25.146h-724.879l15.708-95.74h611.8
Action.c(35):     89z",\n
Action.c(35):             "M510.868 410.552c4.55 4.547 10.834 7.359 17.775 7.359 0.004 0 0.008-0 0.012-0l1.6
Action.c(35):     76 0c7.463-0.502 13.975-4.189 18.247-9.699l139.922-181.897c3.355-4.234 5.381-9.653 5.381-1
Action.c(35):     5.546 0-13.888-11.258-25.146-25.146-25.146-8.179 0-15.446 3.905-20.038 9.952l-122.507 159.
Action.c(35):     153-58.674-58.674c-4.579-4.736-10.99-7.677-18.087-7.677-13.888 0-25.146 11.258-25.146 25.1
Action.c(35):     46 0 7.098 2.941 13.508 7.67 18.081z"\n
Action.c(35):           ],\n
Action.c(35):           "tags": [\n
Action.c(35):             "largeIcon_addToCartSuccess"\n
Action.c(35):           ],\n
Action.c(35):           "grid": 32,\n
Action.c(35):           "defaultCode": 59946\n
Action.c(35):         },\n
Action.c(35):         {\n
Action.c(35):           "paths": [\n
Action.c(35):             "M980.975 129.076h-73.16v98.39c0.002 0.23 0.003 0.503 0.003 0.775 0 29.189-12.658 
Action.c(35):     55.422-32.783 73.509-18.195 16.653-42.415 26.808-69.006 26.808-0.113 0-0.225-0-0.338-0.001
Action.c(35):     -0.138 0.001-0.321 0.001-0.505 0.001-27.456 0-52.314-11.121-70.315-29.104-18.084-18.206-29
Action.c(35):     .261-43.293-29.261-70.991 0-0.333 0.002-0.665 0.005-0.997l-0-98.391h-378.622v98.39c0.002 0
Action.c(35):     .23 0.003 0.503 0.003 0.775 0 29.189-12.658 55.422-32.783 73.509-18.195 16.653-42.415 26.8
Action.c(35):     08-69.006 26.808-0.113 0-0.225-0-0.338-0.001-0.087 0-0.21 0.001-0.334 0.001-27.455 0-52.31
Action.c(35):     3-11.121-70.314-29.104-18.084-18.206-29.261-43.293-29.261-70.991 0-0.333 0.002-0.665 0.005
Action.c(35):     -0.997l-0-98.391h-73.332c-28.479 0.088-51.542 23.151-51.63 51.622l-0 791.672c0.088 28.479 
Action.c(35):     23.151 51.542 51.622 51.63l929.353 0c28.479-0.088 51.542-23.151 51.63-51.622l0-791.672c-0.
Action.c(35):     088-28.479-23.151-51.542-51.622-51.63zM980.975 972.37h-929.345v-533.513h929.345v533.513z",
Action.c(35):     \n
Action.c(35):             "M223.731 258.151c14.257 0 25.815-11.558 25.815-25.815v-206.521c0-14.257-11.558-25
Action.c(35):     .815-25.815-25.815s-25.815 11.558-25.815 25.815v206.521c0 14.257 11.558 25.815 25.815 25.8
Action.c(35):     15z",\n
Action.c(35):             "M808.874 258.151c14.257 0 25.815-11.558 25.815-25.815v-206.521c0-14.257-11.558-25
Action.c(35):     .815-25.815-25.815s-25.815 11.558-25.815 25.815v206.521c0 14.257 11.558 25.815 25.815 25.8
Action.c(35):     15z"\n
Action.c(35):           ],\n
Action.c(35):           "width": 1033,\n
Action.c(35):           "tags": [\n
Action.c(35):             "largeIcon_calendar"\n
Action.c(35):           ],\n
Action.c(35):           "grid": 32,\n
Action.c(35):           "defaultCode": 59947\n
Action.c(35):         },\n
Action.c(35):         {\n
Action.c(35):           "paths": [\n
Action.c(35):             "M182.426 219.002c13.976 0 25.306-11.33 25.306-25.306v-168.389c0-13.976-11.33-25.3
Action.c(35):     06-25.306-25.306s-25.306 11.33-25.306 25.306v168.389c0 13.976 11.33 25.306 25.306 25.306z"
Action.c(35):     ,\n
Action.c(35):             "M659.553 219.002c13.976 0 25.306-11.33 25.306-25.306v-168.389c0-13.976-11.33-25.3
Action.c(35):     06-25.306-25.306s-25.306 11.33-25.306 25.306v168.389c0 13.976 11.33 25.306 25.306 25.306z"
Action.c(35):     ,\n
Action.c(35):             "M50.613 788.599v-426.498h740.753v130.531c0.692 0 1.35-0.101 2.041-0.101 17.235 0.
Action.c(35):     104 34.023 1.714 50.328 4.705l-1.757-337.113c-0.086-27.918-22.695-50.527-50.605-50.613l-51
Action.c(35):     .144-0v80.221c0.002 0.189 0.003 0.412 0.003 0.635 0 23.8-10.323 45.189-26.736 59.934-14.84
Action.c(35):      13.582-34.592 21.863-56.279 21.863-0.092 0-0.185-0-0.277-0-0.086 0-0.205 0.001-0.323 0.00
Action.c(35):     1-22.408 0-42.695-9.085-57.378-23.772-14.796-14.856-23.943-35.347-23.943-57.975 0-0.241 0.
Action.c(35):     001-0.482 0.003-0.722l-0-80.201h-308.587v80.221c0.002 0.189 0.003 0.412 0.003 0.635 0 23.8
Action.c(35):     -10.323 45.189-26.736 59.934-14.84 13.582-34.592 21.863-56.279 21.863-0.092 0-0.185-0-0.27
Action.c(35):     7-0-0.086 0-0.205 0.001-0.323 0.001-22.408 0-42.695-9.085-57.378-23.772-14.776-14.853-23.9
Action.c(35):     09-35.331-23.909-57.942 0-0.253 0.001-0.505 0.003-0.758l-0-80.183h-51.203c-27.918 0.086-50
Action.c(35):     .527 22.695-50.613 50.605l-0 628.502c0.086 27.918 22.695 50.527 50.605 50.613l462.408 0c-3
Action.c(35):     .273-14.977-5.404-32.388-5.913-50.205l-456.487-0.407z",\n
Action.c(35):             "M793.391 534.725c-135.105 0-244.629 109.524-244.629 244.629s109.524 244.629 244.6
Action.c(35):     29 244.629c135.105 0 244.629-109.524 244.629-244.629-0.163-135.039-109.59-244.466-244.613-
Action.c(35):     244.629zM793.391 973.37c-107.152 0-194.016-86.864-194.016-194.016s86.864-194.016 194.016-1
Action.c(35):     94.016c107.152 0 194.016 86.864 194.016 194.016-0.077 107.138-86.885 193.976-194.004 194.1
Action.c(35):     z",\n
Action.c(35):             "M888.104 754.048h-69.39v-103.402c0-13.976-11.33-25.306-25.306-25.306s-25.306 11.3
Action.c(35):     3-25.306 25.306v128.709c0 13.976 11.33 25.306 25.306 25.306h94.697c13.976 0 25.306-11.33 2
Action.c(35):     5.306-25.306s-11.33-25.306-25.306-25.306z"\n
Action.c(35):           ],\n
Action.c(35):           "width": 1038,\n
Action.c(35):           "tags": [\n
Action.c(35):             "largeIcon_calendarClock"\n
Action.c(35):           ],\n
Action.c(35):           "grid": 32,\n
Action.c(35):           "defaultCode": 59948\n
Action.c(35):         },\n
Action.c(35):         {\n
Action.c(35):           "paths": [\n
Action.c(35):             "M512 0c-282.77 0-512 229.23-512 512s229.23 512 512 512c282.77 0 512-229.23 512-51
Action.c(35):     2-0.329-282.637-229.363-511.671-511.968-512zM512 971.338c-253.685 0-459.338-205.653-459.33
Action.c(35):     8-459.338s205.653-459.338 459.338-459.338c253.685 0 459.338 205.653 459.338 459.338-0.329 
Action.c(35):     253.553-205.785 459.008-459.306 459.338z",\n
Action.c(35):             "M582.216 256.009c44.026 0 114.102 52.223 114.102 114.102 0 14.542 11.789 26.331 2
Action.c(35):     6.331 26.331s26.331-11.789 26.331-26.331c0-89.807-91.703-166.764-166.764-166.764h-46.817v-
Action.c(35):     38.040c0-14.542-11.789-26.331-26.331-26.331s-26.331 11.789-26.331 26.331v38.040h-40.954c-7
Action.c(35):     5.061 0-166.764 76.957-166.764 166.764 0 91.948 59.052 166.764 131.656 166.764h76.062v228.
Action.c(35):     203h-40.954c-44.026 0-114.102-52.223-114.102-114.102 0-14.542-11.789-26.331-26.331-26.331s
Action.c(35):     -26.331 11.789-26.331 26.331c0 89.807 91.703 166.764 166.764 166.764h40.954v40.954c0 14.54
Action.c(35):     2 11.789 26.331 26.331 26.331s26.331-11.789 26.331-26.331v-40.954h46.817c75.061 0 166.764-
Action.c(35):     76.957 166.764-166.764 0-91.948-59.052-166.764-131.656-166.764h-81.925v-228.203h46.817zM61
Action.c(35):     7.325 536.874c42.814 0 78.993 52.259 78.993 114.102s-70.076 114.102-114.102 114.102h-46.81
Action.c(35):     7v-228.203h81.925zM482.737 484.212h-76.062c-42.814 0-78.993-52.259-78.993-114.102s70.076-1
Action.c(35):     14.102 114.102-114.102h40.954v228.203z"\n
Action.c(35):           ],\n
Action.c(35):           "tags": [\n
Action.c(35):             "largeIcon_dollarSign"\n
Action.c(35):           ],\n
Action.c(35):           "grid": 32,\n
Action.c(35):           "defaultCode": 59949\n
Action.c(35):         },\n
Action.c(35):         {\n
Action.c(35):           "paths": [\n
Action.c(35):             "M554.777 544.213c26.84-37.782 46.738-82.487 56.747-130.812 23.377-15.621 39.040-3
Action.c(35):     9.366 40.944-66.897 3.766-45.446-10.127-65.558-28.566-74.465-0.22-5.341 29.442-157.366-78.
Action.c(35):     573-196.221-12.304-18.726-95.609-132.318-246.755-40.157-29.75 18.061-54.932 40.336-75.612 
Action.c(35):     66.351-27.637 34.836-45.822 87.618-48.915 168.658-20.281 7.927-35.982 27.616-32.011 75.581
Action.c(35):      1.169 28.95 17.176 53.917 40.581 67.614 11.001 49.713 30.656 93.377 57.689 131.435-139.37
Action.c(35):     9 35.307-240.039 159.388-240.306 307.022l-0 78.722c0.067 51.311 41.645 92.888 92.949 92.95
Action.c(35):     6l608.444 0c51.311-0.067 92.888-41.645 92.956-92.949l0-78.698c-0.266-147.665-100.926-271.7
Action.c(35):     45-237.352-307.643zM234.181 254.023c132.437 0 212.463-54.793 256.896-102.758 32.598 33.815
Action.c(35):      57.781 75.013 72.784 120.821 3.64 18.299 5.373 36.793 5.4 55.687 0 136.922-80.415 256.919
Action.c(35):     -172.086 256.919s-172.086-119.997-172.086-256.896c-0-0.143-0-0.313-0-0.482 0-26.032 3.317-
Action.c(35):     51.29 9.551-75.374zM743.646 931.044c0 23.335-18.917 42.253-42.253 42.253h-223.094l-54.81-2
Action.c(35):     20.221c15.647-0.287 28.221-13.039 28.221-28.727 0-2.401-0.295-4.733-0.849-6.963l-11.789-48
Action.c(35):     .055c-3.142-12.507-14.287-21.621-27.561-21.621-0.18 0-0.359 0.002-0.539 0.005l-27.589-0c-0
Action.c(35):     .119-0.002-0.259-0.003-0.399-0.003-13.361 0-24.584 9.158-27.732 21.54l-11.687 48.467c-0.48
Action.c(35):     8 1.982-0.768 4.258-0.768 6.599 0 15.633 12.485 28.35 28.029 28.723l-54.775 220.255h-223.0
Action.c(35):     94c-23.335 0-42.253-18.917-42.253-42.253v-78.691c0.25-133.852 98.625-244.652 227.011-264.3
Action.c(35):     13 32.354 28.821 73.676 47.016 119.232 48.178 46.012-1.171 87.331-19.364 118.292-48.454 12
Action.c(35):     9.78 19.944 228.15 130.74 228.408 264.562l0 78.718z",\n
Action.c(35):             "M389.282 352.657h15.786c7.922 32.744 36.975 56.686 71.62 56.686 40.641 0 73.587-3
Action.c(35):     2.946 73.587-73.587s-32.946-73.587-73.587-73.587c-34.645 0-63.698 23.942-71.517 56.183l-15
Action.c(35):     .889 0.503c-7.922-32.744-36.975-56.686-71.62-56.686-40.641 0-73.587 32.946-73.587 73.587s3
Action.c(35):     2.946 73.587 73.587 73.587c34.645 0 63.698-23.942 71.517-56.183zM476.609 295.937c21.982 0 
Action.c(35):     39.802 17.82 39.802 39.802s-17.82 39.802-39.802 39.802c-21.976 0-39.792-17.81-39.802-39.78
Action.c(35):     4-0-0.006-0-0.012-0-0.018 0-21.982 17.82-39.802 39.802-39.802 0 0 0 0 0 0zM278.14 335.756c
Action.c(35):     0.019-21.939 17.809-39.717 39.751-39.717 21.954 0 39.751 17.797 39.751 39.751 0 21.936-17.
Action.c(35):     768 39.722-39.698 39.751-21.967-0.029-39.766-17.822-39.805-39.781z"\n
Action.c(35):           ],\n
Action.c(35):           "width": 794,\n
Action.c(35):           "tags": [\n
Action.c(35):             "largeIcon_orderGenius"\n
Action.c(35):           ],\n
Action.c(35):           "grid": 32,\n
Action.c(35):           "defaultCode": 59950\n
Action.c(35):         },\n
Action.c(35):         {\n
Action.c(35):           "paths": [\n
Action.c(35):             "M512 1024c-282.77 0-512-229.23-512-512s229.23-512 512-512c282.77 0 512 229.23 512
Action.c(35):      512-0.344 282.631-229.369 511.656-511.967 512zM512 50.361c-254.956 0-461.639 206.683-461.
Action.c(35):     639 461.639s206.683 461.639 461.639 461.639c254.956 0 461.639-206.683 461.639-461.639-0.29
Action.c(35):     6-254.837-206.802-461.343-461.611-461.639z",\n
Action.c(35):             "M437.869 730.146c-0.004 0-0.009 0-0.014 0-6.841 0-13.045-2.728-17.584-7.156l-185.
Action.c(35):     255-180.672c-4.684-4.582-7.588-10.966-7.588-18.029 0-13.925 11.289-25.214 25.214-25.214 6.
Action.c(35):     862 0 13.085 2.742 17.631 7.189l164.859 160.814 274.969-360.918c4.649-6.056 11.89-9.922 20
Action.c(35):     .035-9.922 13.912 0 25.189 11.278 25.189 25.189 0 5.767-1.938 11.081-5.198 15.327l-292.216
Action.c(35):      383.403c-4.279 5.577-10.746 9.29-18.095 9.849-0.723 0.123-1.344 0.223-1.948 0.139z"\n
Action.c(35):           ],\n
Action.c(35):           "tags": [\n
Action.c(35):             "largeIcon_success"\n
Action.c(35):           ],\n
Action.c(35):           "grid": 32,\n
Action.c(35):           "defaultCode": 59951\n
Action.c(35):         },\n
Action.c(35):         {\n
Action.c(35):           "paths": [\n
Action.c(35):             "M1536 1024h-1382.4c-84.831 0-153.6-68.769-153.6-153.6v-716.8c0-84.831 68.769-153.
Action.c(35):     6 153.6-153.6h1382.4c84.831 0 153.6 68.769 153.6 153.6v716.8c0 84.831-68.769 153.6-153.6 1
Action.c(35):     53.6z",\n
Action.c(35):             "M645.274 687.334l59.597-349.773h95.334l-59.648 349.773h-95.283z",\n
Action.c(35):             "M1086.336 346.163c-24.926-9.311-53.728-14.7-83.789-14.7-0.585 0-1.17 0.002-1.754 
Action.c(35):     0.006-94.118-0-160.473 47.436-161.037 115.43-0.538 50.253 47.36 78.285 83.533 95.027 37.09
Action.c(35):     4 17.152 49.587 28.16 49.408 43.52-0.23 23.45-29.645 34.15-57.037 34.15-1.754 0.055-3.816 
Action.c(35):     0.087-5.885 0.087-30.42 0-59.253-6.798-85.062-18.958l-11.069-5.039-13.389 78.182c31.067 11
Action.c(35):     .822 66.992 18.667 104.516 18.667 0.588 0 1.176-0.002 1.763-0.005 100.134 0 165.183-46.899
Action.c(35):      165.926-119.5 0.358-39.782-25.037-70.067-80.051-95.027-33.28-16.179-53.76-26.982-53.504-4
Action.c(35):     3.366 0-14.541 17.28-30.080 54.605-30.080 1.158-0.027 2.523-0.043 3.891-0.043 24.339 0 47.
Action.c(35):     525 4.938 68.611 13.866l7.396 3.611 12.928-75.827z",\n
Action.c(35):             "M1330.816 337.92h-73.677c-1.822-0.248-3.927-0.39-6.066-0.39-19.687 0-36.571 11.99
Action.c(35):     9-43.738 29.082l-141.71 320.824h100.122s16.358-43.11 20.070-52.557l122.086 0.154c2.842 12.
Action.c(35):     237 11.597 52.403 11.597 52.403h88.499l-77.184-349.517zM1213.261 563.354c7.885-20.147 37.9
Action.c(35):     9-97.766 37.99-97.766-0.563 0.922 7.834-20.25 12.646-33.28l6.451 30.157s18.253 83.482 22.0
Action.c(35):     67 100.992h-79.155z",\n
Action.c(35):             "M565.299 337.92l-93.338 238.515-9.933-48.563c-24.863-64.312-71.423-115.624-130.51
Action.c(35):     2-145.998l83.818 305.179 100.864-0.128 150.093-349.005h-100.992z",\n
Action.c(35):             "M385.382 337.587h-153.728l-1.254 7.27c119.603 28.954 198.733 98.918 231.603 182.9
Action.c(35):     89l-33.408-160.742c-4.663-17.276-20.192-29.779-38.643-29.779-1.61 0-3.199 0.095-4.759 0.28
Action.c(35):     z"\n
Action.c(35):           ],\n
Action.c(35):           "width": 1690,\n
Action.c(35):           "attrs": [\n
Action.c(35):             {\n
Action.c(35):               "fill": "rgb(255, 255, 255)"\n
Action.c(35):             },\n
Action.c(35):             {\n
Action.c(35):               "fill": "rgb(0, 79, 149)"\n
Action.c(35):             },\n
Action.c(35):             {\n
Action.c(35):               "fill": "rgb(0, 79, 149)"\n
Action.c(35):             },\n
Action.c(35):             {\n
Action.c(35):               "fill": "rgb(0, 79, 149)"\n
Action.c(35):             },\n
Action.c(35):             {\n
Action.c(35):               "fill": "rgb(0, 79, 149)"\n
Action.c(35):             },\n
Action.c(35):             {\n
Action.c(35):               "fill": "rgb(246, 163, 0)"\n
Action.c(35):             }\n
Action.c(35):           ],\n
Action.c(35):           "isMulticolor": true,\n
Action.c(35):           "tags": [\n
Action.c(35):             "cc_visa"\n
Action.c(35):           ],\n
Action.c(35):           "grid": 32,\n
Action.c(35):           "defaultCode": 59952\n
Action.c(35):         },\n
Action.c(35):         {\n
Action.c(35):           "paths": [\n
Action.c(35):             "M1536 1024h-1382.4c-84.831 0-153.6-68.769-153.6-153.6v-716.8c0-84.831 68.769-153.
Action.c(35):     6 153.6-153.6h1382.4c84.831 0 153.6 68.769 153.6 153.6v716.8c0 84.831-68.769 153.6-153.6 1
Action.c(35):     53.6z",\n
Action.c(35):             "M911.718 512c0 147.917-119.91 267.827-267.827 267.827s-267.827-119.91-267.827-267
Action.c(35):     .827c0-147.917 119.91-267.827 267.827-267.827s267.827 119.91 267.827 267.827z",\n
Action.c(35):             "M1044.864 246.784c-79.464 0.011-150.771 34.927-199.425 90.251-11.254 12.846-21.32
Action.c(35):     5 26.781-30.026 41.617l60.107 1.278c8.912 15.238 16.781 32.874 22.676 51.39l-107.156 1.883
Action.c(35):     c-5.113 15.387-9.028 33.424-11.010 52.040l129.846 1.157c0.995 7.816 1.651 17.044 1.814 26.
Action.c(35):     392 0.003 9.244-0.534 18.152-1
Action.c(35): t=9125ms: 12288-byte DECODED response body for "https://stage.peapod.com/shop/images/icons/PeapodIcons.json" (RelFrameId=1, Internal ID=3)
Action.c(35):     .405 26.856h-130.355c2.095 19.803 6.027 37.865 11.692 55.143l107.476-1.869c-6.564 20.404-1
Action.c(35):     4.563 38.031-24.283 54.521l-60.171-1.248c9.381 16.104 19.452 30.032 30.727 42.878 48.774 5
Action.c(35):     5.299 120.178 90.191 199.732 90.191 147.040 0 266.24-119.2 266.24-266.24s-119.2-266.24-266
Action.c(35):     .24-266.24c-0.084 0-0.167 0-0.251 0z"\n
Action.c(35):           ],\n
Action.c(35):           "width": 1690,\n
Action.c(35):           "attrs": [\n
Action.c(35):             {\n
Action.c(35):               "fill": "rgb(255, 255, 255)"\n
Action.c(35):             },\n
Action.c(35):             {\n
Action.c(35):               "fill": "rgb(234, 86, 75)"\n
Action.c(35):             },\n
Action.c(35):             {\n
Action.c(35):               "fill": "rgb(233, 212, 25)"\n
Action.c(35):             }\n
Action.c(35):           ],\n
Action.c(35):           "isMulticolor": true,\n
Action.c(35):           "tags": [\n
Action.c(35):             "cc_mastercard"\n
Action.c(35):           ],\n
Action.c(35):           "grid": 32,\n
Action.c(35):           "defaultCode": 59958\n
Action.c(35):         },\n
Action.c(35):         {\n
Action.c(35):           "paths": [\n
Action.c(35):             "M1536 1024h-1382.4c-84.831 0-153.6-68.769-153.6-153.6v-716.8c0-84.831 68.769-153.
Action.c(35):     6 153.6-153.6h1382.4c84.831 0 153.6 68.769 153.6 153.6v716.8c0 84.831-68.769 153.6-153.6 1
Action.c(35):     53.6z",\n
Action.c(35):             "M352.102 510.131c0.138 1.962 0.216 4.253 0.216 6.561 0 27.174-10.89 51.805-28.544
Action.c(35):      69.767-19.909 16.637-45.799 26.748-74.050 26.748-2.764 0-5.506-0.097-8.222-0.287l-56.799 
Action.c(35):     0.021v-201.702h63.309c1.968-0.13 4.267-0.204 6.583-0.204 26.893 0 51.459 9.961 70.211 26.3
Action.c(35):     95 16.929 17.143 27.463 40.867 27.463 67.051 0 1.988-0.061 3.961-0.18 5.919zM307.686 511.2
Action.c(35):     58q0-64.973-57.344-64.973h-22.81v131.302h18.227q61.952 0.026 61.926-66.33z",\n
Action.c(35):             "M388.275 612.915v-201.702h42.752v201.702h-42.752z",\n
Action.c(35):             "M600.883 556.902c0.031 0.674 0.049 1.464 0.049 2.258 0 16.488-7.667 31.185-19.63 
Action.c(35):     40.72-13.902 10.032-31.149 15.997-49.788 15.997-1.758 0-3.504-0.053-5.237-0.158-0.488 0.02
Action.c(35):     6-1.345 0.035-2.203 0.035-19.859 0-38.671-4.483-55.479-12.492l0.78-39.396c9.55 4.556 21.02
Action.c(35):     0 8.913 32.871 12.377 9.414 2.632 18.307 3.969 27.49 4.108 0.751 0.044 1.534 0.069 2.323 0
Action.c(35):     .069 7.153 0 13.833-2.026 19.497-5.535 4.445-3.341 7.394-8.772 7.394-14.891 0-0.349-0.010-
Action.c(35):     0.696-0.029-1.040 0.003-0.028 0.004-0.118 0.004-0.208 0-3.87-1.259-7.445-3.389-10.339-2.62
Action.c(35):     8-3.519-5.866-6.489-9.571-8.775-7.275-4.46-15.84-9.015-24.678-13.078-12.173-5.377-21.302-1
Action.c(35):     0.969-29.593-17.569-5.747-4.94-10.689-11.124-14.325-18.099-3.64-7.23-5.678-15.36-5.678-23.
Action.c(35):     967 0-0.432 0.005-0.863 0.015-1.292-0.039-0.683-0.061-1.558-0.061-2.437 0-15.792 7.023-29.
Action.c(35):     944 18.117-39.502 12.601-9.722 28.526-15.548 45.813-15.548 1.559 0 3.107 0.047 4.642 0.141
Action.c(35):     -0.042-0.011 0.157-0.012 0.356-0.012 10.459 0 20.602 1.355 30.262 3.898 10.873 2.955 20.80
Action.c(35):     6 6.529 30.355 10.809l-15.104 32.757c-7.315-3.259-16.211-6.414-25.376-8.921-7.602-1.923-14
Action.c(35):     .755-2.855-22.121-2.881-0.586-0.042-1.251-0.067-1.921-0.067-6.332 0-12.16 2.154-16.792 5.7
Action.c(35):     7-3.94 3.623-6.439 8.873-6.439 14.708 0 3.631 0.968 7.036 2.66 9.971 2.178 3.163 4.958 5.8
Action.c(35):     7 8.181 7.95 7.483 4.578 16.375 9.303 25.544 13.531 16.938 7.091 29.873 16.281 40.392 27.7
Action.c(35):     26 6.705 8.708 10.702 19.665 10.702 31.555 0 0.643-0.012 1.283-0.035 1.921z",\n
Action.c(35):             "M723.098 443.904c-0.571-0.027-1.239-0.042-1.912-0.042-14.547 0-27.434 7.108-35.37
Action.c(35):     7 18.041-8.481 12.999-13.473 28.755-13.473 45.678 0 1.771 0.055 3.529 0.162 5.273q-0.012 6
Action.c(35):     7.191 50.599 67.217c18.688-0.706 36.281-4.533 52.556-10.973l-1.075 36.215c-15.706 6.491-33
Action.c(35):     .944 10.26-53.062 10.26-0.848 0-1.695-0.007-2.54-0.022-1.487 0.111-3.372 0.174-5.272 0.174
Action.c(35):     -24.422 0-46.429-10.338-61.884-26.876-14.735-18.928-23.597-42.974-23.597-69.091 0-2.676 0.
Action.c(35):     093-5.33 0.276-7.959-0.037-0.412-0.046-1.315-0.046-2.22 0-19.010 4.257-37.027 11.869-53.14
Action.c(35):     8 6.89-14.569 18.186-26.968 32.173-35.334 14.183-8.163 30.741-12.856 48.395-12.856 0.803 0
Action.c(35):      1.604 0.010 2.402 0.029 21.433 0.225 41.713 5.448 59.688 14.561l-14.571 34.41c-5.96-2.952
Action.c(35):     -13.494-6.116-21.22-8.875-8.282-2.981-16.013-4.433-24.079-4.463z",\n
Action.c(35):             "M1116.902 411.213h43.187l-68.506 201.702h-46.643l-68.403-201.702h43.213l37.965 12
Action.c(35):     0.013c2.099 7.117 4.352 15.36 6.554 24.781s3.61 15.898 4.198 19.635c2.871-17.388 6.431-32.
Action.c(35):     358 10.904-46.929z",\n
Action.c(35):             "M1301.632 612.915h-116.173v-201.702h116.173v35.072h-73.421v44.288h68.352v35.046h-
Action.c(35):     68.352v51.968h73.421v35.328z",\n
Action.c(35):             "M1386.496 535.526v77.389h-42.752v-201.702h58.88c2.28-0.184 4.936-0.289 7.617-0.28
Action.c(35):     9 19.727 0 38.125 5.686 53.646 15.509 11.721 10.723 19.313 26.517 19.313 44.085 0 12.19-3.
Action.c(35):     655 23.527-9.929 32.973-6.889 9.338-16.257 16.79-27.135 21.355q45.065 68.101 58.863 87.992
Action.c(35):     h-47.565l-48.154-77.389h-22.784zM1386.496 500.736h13.824c1.144 0.088 2.478 0.138 3.824 0.1
Action.c(35):     38 9.596 0 18.596-2.549 26.361-7.007 5.671-4.343 9.462-11.379 9.462-19.301 0-0.646-0.025-1
Action.c(35):     .286-0.075-1.92 0.062-0.51 0.094-1.201 0.094-1.899 0-7.698-3.928-14.479-9.889-18.447-7.79-
Action.c(35):     3.965-16.891-6.258-26.527-6.258-1.432 0-2.852 0.051-4.259 0.15l-12.867-0.011v54.502z",\n
Action.c(35):             "M981.018 512.077c0 55.706-45.158 100.864-100.864 100.864s-100.864-45.158-100.864-
Action.c(35):     100.864c0-55.706 45.158-100.864 100.864-100.864s100.864 45.158 100.864 100.864z"\n
Action.c(35):           ],\n
Action.c(35):           "width": 1690,\n
Action.c(35):           "attrs": [\n
Action.c(35):             {\n
Action.c(35):               "fill": "rgb(255, 255, 255)"\n
Action.c(35):             },\n
Action.c(35):             {\n
Action.c(35):               "fill": "rgb(65, 64, 66)"\n
Action.c(35):             },\n
Action.c(35):             {\n
Action.c(35):               "fill": "rgb(65, 64, 66)"\n
Action.c(35):             },\n
Action.c(35):             {\n
Action.c(35):               "fill": "rgb(65, 64, 66)"\n
Action.c(35):             },\n
Action.c(35):             {\n
Action.c(35):               "fill": "rgb(65, 64, 66)"\n
Action.c(35):             },\n
Action.c(35):             {\n
Action.c(35):               "fill": "rgb(65, 64, 66)"\n
Action.c(35):             },\n
Action.c(35):             {\n
Action.c(35):               "fill": "rgb(65, 64, 66)"\n
Action.c(35):             },\n
Action.c(35):             {\n
Action.c(35):               "fill": "rgb(65, 64, 66)"\n
Action.c(35):             },\n
Action.c(35):             {\n
Action.c(35):               "fill": "rgb(230, 161, 36)"\n
Action.c(35):             }\n
Action.c(35):           ],\n
Action.c(35):           "isMulticolor": true,\n
Action.c(35):           "tags": [\n
Action.c(35):             "cc_discover"\n
Action.c(35):           ],\n
Action.c(35):           "grid": 32,\n
Action.c(35):           "defaultCode": 59961\n
Action.c(35):         },\n
Action.c(35):         {\n
Action.c(35):           "paths": [\n
Action.c(35):             "M1536 1024h-1382.4c-84.831 0-153.6-68.769-153.6-153.6v-716.8c0-84.831 68.769-153.
Action.c(35):     6 153.6-153.6h1382.4c84.831 0 153.6 68.769 153.6 153.6v716.8c0 84.831-68.769 153.6-153.6 1
Action.c(35):     53.6z",\n
Action.c(35):             "M468.838 690.15l-11.75-47.898h-88.73l-11.75 47.898h-82.15l92.467-313.165h91.571l9
Action.c(35):     2.493 313.165h-82.15zM412.979 455.859l-29.568 120.32h58.675z",\n
Action.c(35):             "M804.992 690.15v-185.83l-63.386 185.933h-29.568l-62.925-185.933v185.933h-76.083v-
Action.c(35):     313.267h100.941l53.069 156.339 53.53-156.339h100.070v313.165h-75.648z",\n
Action.c(35):             "M931.686 690.15v-313.165h188.749v66.202h-112.64v54.938h109.389v66.227h-109.414v59
Action.c(35):     .622h112.64v66.202h-188.723z",\n
Action.c(35):             "M1328.23 690.15l-51.661-101.888-51.2 101.888h-86.835l90.598-160.102-85.453-153.06
Action.c(35):     2h86.886l46.080 95.77 45.542-95.77h87.322l-84.966 152.602 90.624 160.563h-86.938z"\n
Action.c(35):           ],\n
Action.c(35):           "width": 1690,\n
Action.c(35):           "attrs": [\n
Action.c(35):             {\n
Action.c(35):               "fill": "rgb(255, 255, 255)"\n
Action.c(35):             },\n
Action.c(35):             {\n
Action.c(35):               "fill": "rgb(26, 117, 207)"\n
Action.c(35):             },\n
Action.c(35):             {\n
Action.c(35):               "fill": "rgb(26, 117, 207)"\n
Action.c(35):             },\n
Action.c(35):             {\n
Action.c(35):               "fill": "rgb(26, 117, 207)"\n
Action.c(35):             },\n
Action.c(35):             {\n
Action.c(35):               "fill": "rgb(26, 117, 207)"\n
Action.c(35):             }\n
Action.c(35):           ],\n
Action.c(35):           "isMulticolor": true,\n
Action.c(35):           "tags": [\n
Action.c(35):             "cc_amex"\n
Action.c(35):           ],\n
Action.c(35):           "grid": 32,\n
Action.c(35):           "defaultCode": 59970\n
Action.c(35):         },\n
Action.c(35):         {\n
Action.c(35):           "paths": [\n
Action.c(35):             "M960 320h-64v-256c0-35.328-28.672-64-64-64h-640c-35.328 0-64 28.672-64 64v256h-64
Action.c(35):     c-35.328 0-64 28.672-64 64v320c0 35.328 28.672 64 64 64h64v192c0 35.328 28.672 64 64 64h64
Action.c(35):     0c35.328 0 64-28.672 64-64v-192h64c35.328 0 64-28.672 64-64v-320c0-35.328-28.672-64-64-64z
Action.c(35):     M192 640h640v320h-640v-320zM704 480c0-17.664 14.336-32 32-32s32 14.336 32 32-14.336 32-32 
Action.c(35):     32-32-14.336-32-32zM160 512c-17.664 0-32-14.336-32-32s14.336-32 32-32 32 14.336 32 32-14.3
Action.c(35):     36 32-32 32zM864 512c-17.664 0-32-14.336-32-32s14.336-32 32-32 32 14.336 32 32-14.336 32-3
Action.c(35):     2 32zM192 64h640v256h-640v-256zM768 736c0-17.664-14.336-32-32-32h-448c-17.664 0-32 14.336-
Action.c(35):     32 32s14.336 32 32 32h448c17.664 0 32-14.336 32-32zM736 832h-448c-17.664 0-32 14.336-32 32
Action.c(35):     s14.336 32 32 32h448c17.664 0 32-14.336 32-32s-14.336-32-32-32z"\n
Action.c(35):           ],\n
Action.c(35):           "tags": [\n
Action.c(35):             "icon_printer"\n
Action.c(35):           ],\n
Action.c(35):           "grid": 32,\n
Action.c(35):           "defaultCode": 59975\n
Action.c(35):         },\n
Action.c(35):         {\n
Action.c(35):           "paths": [\n
Action.c(35):             "M383.257 0c-0.004-0-0.009-0-0.014-0-211.667 0-383.257 171.59-383.257 383.257 0 12
Action.c(35):     8.188 62.933 241.677 159.589 311.256 2.671 1.865 4.331 2.887 5.864 3.973 15.66 15.317 25.3
Action.c(35):     7 36.661 25.37 60.274 0 2.054-0.073 4.091-0.218 6.109 0.016 1.071 0.016 2.412 0.016 3.69v1
Action.c(35):     25.708c0.013 24.657 13.993 46.045 34.458 56.682l129.257 66.024c8.466 4.428 18.492 7.026 29
Action.c(35):     .124 7.026 10.484 0 20.378-2.526 29.107-7.002l130.075-65.689c20.899-10.787 34.94-32.227 34
Action.c(35):     .94-56.946 0-0.033-0-0.067-0-0.1l0-125.064c-0.269-2.635-0.422-5.694-0.422-8.789 0-31.030 1
Action.c(35):     5.397-58.464 38.968-75.078 5.681-2.729 10.326-5.759 14.489-9.334 83.316-70.689 135.891-175
Action.c(35):     .574 135.891-292.739 0-211.661-171.579-383.247-383.237-383.257zM254.355 768.495s0-1.278 0-
Action.c(35):     1.98h259.529c0 0.958-0.256 1.661-0.256 2.683v61.193h-259.274v-61.896zM383.257 960.124l-128
Action.c(35):     .838-65.856h259.274zM589.322 627.265c-29.463 16.767-51.928 42.953-63.558 74.393l-281.373 0
Action.c(35):     .981c-8.202-25.124-24.546-45.69-45.857-59.075-82.036-58.889-134.545-153.515-134.545-260.40
Action.c(35):     5 0-176.389 142.992-319.381 319.381-319.381s319.381 142.992 319.381 319.381c0 97.691-43.86
Action.c(35):     1 185.139-112.965 243.723zM415.196 127.752c-17.639 0-31.938 14.299-31.938 31.938s14.299 31
Action.c(35):     .938 31.938 31.938c87.618 3.916 157.451 74.795 159.686 162.48 0.004 17.852 14.303 32.151 3
Action.c(35):     1.942 32.151s31.938-14.299 31.938-31.938c0.056-1.853 0.088-4.033 0.088-6.22 0-121.709-98.6
Action.c(35):     64-220.373-220.373-220.373-1.154 0-2.306 0.009-3.455 0.027z"\n
Action.c(35):           ],\n
Action.c(35):           "width": 767,\n
Action.c(35):           "tags": [\n
Action.c(35):             "icon_lightbulb"\n
Action.c(35):           ],\n
Action.c(35):           "grid": 32,\n
Action.c(35):           "defaultCode": 59976\n
Action.c(35):         },\n
Action.c(35):         {\n
Action.c(35):           "paths": [\n
Action.c(35):             "M1.893 730.617c-1.289-2.094-2.052-4.631-2.052-7.346 0-0.747 0.058-1.481 0.169-2.1
Action.c(35):     97 0.158-12.396 10.227-22.466 22.687-22.634l895.306-0c12.476 0.168 22.545 10.237 22.713 22
Action.c(35):     .698-0.521 3.721-1.182 6.924-2.024 10.053l0.131-0.574c-86.363 175.072-263.598 293.385-468.
Action.c(35):     466 293.385s-382.103-118.313-467.105-290.339l-1.361-3.046z",\n
Action.c(35):             "M107.889 132.495c1.893-1.893 1.893-3.786 3.786-5.678 2.98-3.491 7.385-5.69 12.303
Action.c(35):     -5.69s9.323 2.199 12.284 5.668l0.019 0.022 476.983 476.983c3.491 2.98 5.69 7.385 5.69 12.3
Action.c(35):     03s-2.199 9.323-5.668 12.284c-1.399 1.869-3.361 3.216-5.631 3.789l-0.069 0.015c-38.446 13.
Action.c(35):     732-82.796 21.669-129.001 21.669-108.416 0-206.626-43.699-277.977-114.443-70.367-71.826-11
Action.c(35):     3.809-170.317-113.809-278.955 0-45.803 7.722-89.803 21.936-130.767l-0.845 2.8z",\n
Action.c(35):             "M600.015 1.893c1.247-1.204 2.948-1.946 4.822-1.946 0.302 0 0.6 0.019 0.891 0.057 
Action.c(35):     0.057-0.006 0.164-0.007 0.272-0.007 7.15 0 12.947 5.796 12.947 12.947 0 0.108-0.001 0.215-
Action.c(35):     0.004 0.322l0-0.016v503.482c0.002 0.091 0.004 0.199 0.004 0.306 0 7.15-5.796 12.947-12.947
Action.c(35):      12.947-0.108 0-0.215-0.001-0.322-0.004-0.241 0.034-0.539 0.053-0.841 0.053-1.874 0-3.574-
Action.c(35):     0.742-4.824-1.948l0.002 0.002c-98.273-48.542-164.673-148.065-164.673-263.098s66.401-214.55
Action.c(35):     6 162.964-262.333l1.709-0.765z",\n
Action.c(35):             "M938.824 283.919c1.893 0 1.893 1.893 3.786 1.893 1.765 2.012 2.841 4.666 2.841 7.
Action.c(35):     571s-1.077 5.559-2.853 7.584l0.011-0.013-268.776 266.884c-2.012 1.765-4.666 2.841-7.571 2.
Action.c(35):     841s-5.559-1.077-7.584-2.853c-1.144-0.651-1.911-1.879-1.911-3.285 0-0.172 0.012-0.342 0.03
Action.c(35):     4-0.508l-0.002 0.019c-7.681-21.529-12.12-46.363-12.12-72.235 0-61.263 24.891-116.712 65.11
Action.c(35):     1-156.786 39.326-39.792 93.895-64.431 154.219-64.431 26.857 0 52.573 4.884 76.309 13.812l-
Action.c(35):     1.494-0.493z"\n
Action.c(35):           ],\n
Action.c(35):           "width": 945,\n
Action.c(35):           "attrs": [\n
Action.c(35):             {\n
Action.c(35):               "fill": "rgb(247, 168, 0)"\n
Action.c(35):             },\n
Action.c(35):             {\n
Action.c(35):               "fill": "rgb(226, 35, 26)"\n
Action.c(35):             },\n
Action.c(35):             {\n
Action.c(35):               "fill": "rgb(113, 33, 119)"\n
Action.c(35):             },\n
Action.c(35):             {\n
Action.c(35):               "fill": "rgb(130, 188, 0)"\n
Action.c(35):             }\n
Action.c(35):           ],\n
Action.c(35):           "isMulticolor": true,\n
Action.c(35):           "tags": [\n
Action.c(35):             "ahold-wedge"\n
Action.c(35):           ],\n
Action.c(35):           "grid": 32,\n
Action.c(35):           "defaultCode": 59977\n
Action.c(35):         },\n
Action.c(35):         {\n
Action.c(35):           "paths": [\n
Action.c(35):             "M981.333 0h-576c-35.346 0-64 28.654-64 64v330.901h64v-330.901h576v896h-576v-331.1
Action.c(35):     57h-64v331.157c0 35.346 28.654 64 64 64h576c35.346 0 64-28.654 64-64v-896c0-35.346-28.654-
Action.c(35):     64-64-64z",\n
Action.c(35):             "M108.032 543.509h585.301c0 0 0 0 0 0 17.473 0 31.637-14.165 31.637-31.637s-14.165
Action.c(35):     -31.637-31.637-31.637c-0 0-0 0-0 0h-585.301l135.808-135.808c5.733-5.733 9.278-13.652 9.278
Action.c(35):     -22.4 0-17.495-14.183-31.678-31.678-31.678-8.748 0-16.667 3.546-22.4 9.278l-190.059 190.18
Action.c(35):     7c-5.547 5.739-8.969 13.562-8.981 22.184l-0 0.002c0.044 4.33 0.95 8.437 2.553 12.174 1.54 
Action.c(35):     3.653 3.758 6.952 6.496 9.74l0.188 0.379 189.867 189.867c5.733 5.733 13.652 9.278 22.4 9.2
Action.c(35):     78 17.495 0 31.678-14.183 31.678-31.678 0-8.748-3.546-16.667-9.278-22.4z"\n
Action.c(35):           ],\n
Action.c(35):           "width": 1045,\n
Action.c(35):           "tags": [\n
Action.c(35):             "icon_logout"\n
Action.c(35):           ],\n
Action.c(35):           "grid": 32,\n
Action.c(35):           "defaultCode": 59981\n
Action.c(35):         },\n
Action.c(35):         {\n
Action.c(35):           "paths": [\n
Action.c(35):             "M981.333 0h-576c-35.346 0-64 28.654-64 64v3
Action.c(35): t=9163ms: 6857-byte DECODED response body for "https://stage.peapod.com/shop/images/icons/PeapodIcons.json" (RelFrameId=1, Internal ID=3)
Action.c(35):     30.901h64v-330.901h576v896h-576v-331.157h-64v331.157c0 35.346 28.654 64 64 64h576c35.346 0
Action.c(35):      64-28.654 64-64v-896c0-35.346-28.654-64-64-64z",\n
Action.c(35):             "M481.131 679.381c-5.733 5.733-9.278 13.652-9.278 22.4 0 17.495 14.183 31.678 31.6
Action.c(35):     78 31.678 8.748 0 16.667-3.546 22.4-9.278l189.867-189.867 0.192-0.384c2.745-2.78 4.971-6.0
Action.c(35):     80 6.516-9.738 1.583-3.745 2.467-7.863 2.487-12.185l0-0.178c-0.059-8.585-3.507-16.353-9.07
Action.c(35):     2-22.043l-0.186-0.314-189.867-189.867c-5.733-5.733-13.652-9.278-22.4-9.278-17.495 0-31.678
Action.c(35):      14.183-31.678 31.678 0 8.748 3.546 16.667 9.278 22.4l135.808 135.808h-585.237c-17.473 0-3
Action.c(35):     1.637 14.165-31.637 31.637s14.165 31.637 31.637 31.637h585.301z"\n
Action.c(35):           ],\n
Action.c(35):           "width": 1045,\n
Action.c(35):           "tags": [\n
Action.c(35):             "icon_login"\n
Action.c(35):           ],\n
Action.c(35):           "grid": 32,\n
Action.c(35):           "defaultCode": 59982\n
Action.c(35):         },\n
Action.c(35):         {\n
Action.c(35):           "paths": [\n
Action.c(35):             "M609.464 0c-0.017-0-0.038-0-0.059-0-228.854 0-414.377 185.523-414.377 414.377 0 9
Action.c(35):     8.954 34.685 189.806 92.561 261.063l-274.675 273.211c-7.504 7.9-12.12 18.607-12.12 30.391 
Action.c(35):     0 24.391 19.773 44.164 44.164 44.164 11.785 0 22.491-4.616 30.411-12.138l273.957-273.959c7
Action.c(35):     0.512 57.277 161.385 91.963 260.359 91.963 228.942 0 414.536-185.594 414.536-414.536s-185.
Action.c(35):     594-414.536-414.536-414.536c-0.078 0-0.156 0-0.234 0zM609.464 765.298c-193.72 0-350.761-15
Action.c(35):     7.041-350.761-350.761s157.041-350.761 350.761-350.761c193.72 0 350.761 157.041 350.761 350
Action.c(35):     .761-0.218 193.633-157.129 350.544-350.74 350.761z"\n
Action.c(35):           ],\n
Action.c(35):           "tags": [\n
Action.c(35):             "icon_search"\n
Action.c(35):           ],\n
Action.c(35):           "grid": 32,\n
Action.c(35):           "defaultCode": 59983\n
Action.c(35):         },\n
Action.c(35):         {\n
Action.c(35):           "paths": [\n
Action.c(35):             "M608.038-0c-0.073-0-0.16-0-0.247-0-229.659 0-415.834 186.175-415.834 415.834 0 99
Action.c(35):     .267 34.783 190.41 92.826 261.907l-271.791 270.415c-7.696 7.981-12.438 18.856-12.438 30.83
Action.c(35):     9 0 24.549 19.901 44.451 44.451 44.451 11.983 0 22.858-4.741 30.852-12.451l271.172-271.172
Action.c(35):     c70.752 57.444 161.921 92.23 261.216 92.23 229.765 0 416.026-186.261 416.026-416.026s-186.
Action.c(35):     261-416.026-416.026-416.026c-0.073 0-0.146 0-0.219 0zM608.038 768.048c-194.416 0-352.022-1
Action.c(35):     57.606-352.022-352.022s157.606-352.022 352.022-352.022c194.416 0 352.022 157.606 352.022 3
Action.c(35):     52.022-0.218 194.328-157.694 351.804-352.001 352.022zM800.050 384.024h-160.010v-160.010c0-
Action.c(35):     17.674-14.328-32.002-32.002-32.002s-32.002 14.328-32.002 32.002v160.010h-160.010c-17.674 0
Action.c(35):     -32.002 14.328-32.002 32.002s14.328 32.002 32.002 32.002h160.010v160.010c0 17.674 14.328 3
Action.c(35):     2.002 32.002 32.002s32.002-14.328 32.002-32.002v-160.010h160.010c17.674 0 32.002-14.328 32
Action.c(35):     .002-32.002s-14.328-32.002-32.002-32.002z"\n
Action.c(35):           ],\n
Action.c(35):           "tags": [\n
Action.c(35):             "icon_zoom-in_alt"\n
Action.c(35):           ],\n
Action.c(35):           "grid": 32,\n
Action.c(35):           "defaultCode": 59984\n
Action.c(35):         },\n
Action.c(35):         {\n
Action.c(35):           "paths": [\n
Action.c(35):             "M990.968 429.419v-198.194c0-36.486-29.578-66.065-66.065-66.065h-19.819l-22.132-13
Action.c(35):     7.414c-1.43-8.891-6.274-16.443-13.118-21.406-5.365-3.997-12.006-6.36-19.199-6.36-1.957 0-3
Action.c(35):     .873 0.175-5.733 0.51l-718.058 116.509c-15.814 2.65-27.716 16.236-27.716 32.602 0 1.878 0.
Action.c(35):     157 3.72 0.458 5.513l1.625 10.046h-35.146c-36.486 0-66.065 29.578-66.065 66.065v726.71c0 3
Action.c(35):     6.486 29.578 66.065 66.065 66.065h858.839c36.486 0 66.065-29.578 66.065-66.065v-198.194c36
Action.c(35):     .486 0 66.065-29.578 66.065-66.065v-198.194c0-36.486-29.578-66.065-66.065-66.065zM66.065 2
Action.c(35):     31.226h858.839v198.194h-264.258c-36.486 0-66.065 29.578-66.065 66.065v198.194c0 36.486 29.
Action.c(35):     578 66.065 66.065 66.065h264.258v198.194h-858.839v-726.71zM242.325 165.161l580.707-94.274 
Action.c(35):     15.261 94.274h-595.968zM660.645 693.677v-198.194h330.323v198.194h-330.323zM726.71 594.581c
Action.c(35):     0 18.243 14.789 33.032 33.032 33.032s33.032-14.789 33.032-33.032c0-18.243-14.789-33.032-33
Action.c(35):     .032-33.032s-33.032 14.789-33.032 33.032z"\n
Action.c(35):           ],\n
Action.c(35):           "width": 1057,\n
Action.c(35):           "tags": [\n
Action.c(35):             "icon_wallet"\n
Action.c(35):           ],\n
Action.c(35):           "grid": 32,\n
Action.c(35):           "defaultCode": 59985\n
Action.c(35):         },\n
Action.c(35):         {\n
Action.c(35):           "paths": [\n
Action.c(35):             "M511.984 191.994c-2.36-105.073-86.921-189.634-191.772-191.99-105.295 2.356-189.85
Action.c(35):     6 86.917-192.213 191.768 2.356 105.295 86.917 189.856 191.768 192.213 105.295-2.356 189.85
Action.c(35):     6-86.917 192.213-191.768zM319.99 447.986c-168.187 0-319.99 181.434-319.99 406.899s639.98 2
Action.c(35):     25.465 639.98 0-151.803-406.899-319.99-406.899z"\n
Action.c(35):           ],\n
Action.c(35):           "width": 640,\n
Action.c(35):           "tags": [\n
Action.c(35):             "icon_profile"\n
Action.c(35):           ],\n
Action.c(35):           "grid": 32,\n
Action.c(35):           "defaultCode": 59986\n
Action.c(35):         },\n
Action.c(35):         {\n
Action.c(35):           "paths": [\n
Action.c(35):             "M512 1024c35.346 0 64-28.654 64-64v-896c0-35.346-28.654-64-64-64h-448c-35.346 0-6
Action.c(35):     4 28.654-64 64v896c0 35.346 28.654 64 64 64h448zM256 924.032c0-19.865 16.103-35.968 35.968
Action.c(35):     -35.968s35.968 16.103 35.968 35.968c0 19.865-16.103 35.968-35.968 35.968 0 0 0 0 0 0-19.86
Action.c(35):     5 0-35.968-16.103-35.968-35.968zM416 64c17.673 0 32 14.327 32 32s-14.327 32-32 32h-64c-17.
Action.c(35):     673 0-32-14.327-32-32s14.327-32 32-32h64zM256 96c0 17.673-14.327 32-32 32s-32-14.327-32-32
Action.c(35):     c0-17.673 14.327-32 32-32s32 14.327 32 32zM64 192h448v640h-448v-640z"\n
Action.c(35):           ],\n
Action.c(35):           "width": 576,\n
Action.c(35):           "tags": [\n
Action.c(35):             "icon_mobile"\n
Action.c(35):           ],\n
Action.c(35):           "grid": 32,\n
Action.c(35):           "defaultCode": 59987\n
Action.c(35):         },\n
Action.c(35):         {\n
Action.c(35):           "paths": [\n
Action.c(35):             "M415.116 234.965c-13.337-153.408-173.378-228.681-180.151-231.753-4.237-2.039-9.21
Action.c(35):     3-3.231-14.467-3.231-2.068 0-4.093 0.185-6.059 0.538-184.553 30.623-212.344 138.155-213.46
Action.c(35):     1 142.624-0.625 2.461-0.984 5.286-0.984 8.194 0 3.809 0.616 7.475 1.753 10.903 220.301 683
Action.c(35):     .493 678.29 810.227 828.836 851.914 11.591 3.212 21.157 5.796 28.419 8.17 3.114 1.063 6.70
Action.c(35):     1 1.677 10.431 1.677 0.113 0 0.226-0.001 0.339-0.002 0.001 0 0.023 0 0.045 0 5.219 0 10.16
Action.c(35):     8-1.158 14.604-3.231 4.396-2.006 113.186-53.258 139.789-220.422 0.261-1.602 0.409-3.449 0.
Action.c(35):     409-5.331 0-5.858-1.443-11.379-3.992-16.227-47.873-76.828-124.673-132.051-214.858-150.614-
Action.c(35):     4.676-1.044-7.589-1.432-10.592-1.432-8.597 0-16.452 3.181-22.451 8.429-41.674 38.632-90.87
Action.c(35):     2 69.933-145.043 91.383-202.162-96.165-313.186-282.811-317.375-318.212-2.444-19.9 43.153-8
Action.c(35):     9.796 95.592-146.635 5.79-6.214 9.344-14.578 9.344-23.772 0-1.046-0.046-2.081-0.136-3.103z
Action.c(35):     "\n
Action.c(35):           ],\n
Action.c(35):           "width": 1025,\n
Action.c(35):           "tags": [\n
Action.c(35):             "icon_old-phone"\n
Action.c(35):           ],\n
Action.c(35):           "grid": 32,\n
Action.c(35):           "defaultCode": 59988\n
Action.c(35):         },\n
Action.c(35):         {\n
Action.c(35):           "paths": [\n
Action.c(35):             "M359.345 526.39c92.256 0 167.045-74.789 167.045-167.045s-74.789-167.045-167.045-1
Action.c(35):     67.045c-92.256 0-167.045 74.789-167.045 167.045 0.109 92.212 74.833 166.936 167.035 167.04
Action.c(35):     5zM359.345 256.401c56.855 0 102.945 46.090 102.945 102.945s-46.090 102.945-102.945 102.945
Action.c(35):     c-56.855 0-102.945-46.090-102.945-102.945 0.073-56.826 46.119-102.872 102.938-102.945zM336
Action.c(35):     .013 1008.231c4.381 4.972 9.529 9.139 15.283 12.349l0.549 0.15c2.81 1.966 6.3 3.141 10.064
Action.c(35):      3.141s7.253-1.175 10.121-3.179l0.199 0.038c6.047-3.361 11.195-7.528 15.522-12.436s298.12-
Action.c(35):     324.089 327.927-604.848c1.755-13.336 2.756-28.758 2.756-44.413 0-198.39-160.827-359.217-35
Action.c(35):     9.217-359.217s-359.217 160.827-359.217 359.217c0 0.11 0 0.22 0 0.329 0.136 15.869 1.297 31
Action.c(35):     .352 3.419 46.526 30.362 278.765 332.594 602.343 332.594 602.343zM359.345 64.1c0.574-0.004
Action.c(35):      1.252-0.006 1.931-0.006 161.997 0 293.322 131.325 293.322 293.322 0 13.837-0.958 27.449-2
Action.c(35):     .811 40.776-22.772 213.58-224.752 466.007-289.814 542.7
Action.c(35): t=9188ms: 10664-byte ENCODED response body received for "https://stage.peapod.com/shop/images/icons/PeapodIcons.json" (RelFrameId=1, Internal ID=3)
Action.c(35): t=9188ms: 12288-byte DECODED response body for "https://stage.peapod.com/shop/images/icons/PeapodIcons.json" (RelFrameId=1, Internal ID=3)
Action.c(35):     99-66.728-76.92-271.592-328.834-295.309-544.851-1.526-10.957-2.454-23.711-2.563-36.662 0.1
Action.c(35):     81-163.118 132.258-295.195 295.227-295.377z"\n
Action.c(35):           ],\n
Action.c(35):           "width": 719,\n
Action.c(35):           "tags": [\n
Action.c(35):             "icon_pin_alt"\n
Action.c(35):           ],\n
Action.c(35):           "grid": 32,\n
Action.c(35):           "defaultCode": 59989\n
Action.c(35):         },\n
Action.c(35):         {\n
Action.c(35):           "paths": [\n
Action.c(35):             "M1280 0h-1194.667c-47.128 0-85.333 38.205-85.333 85.333v853.333c0 47.128 38.205 8
Action.c(35):     5.333 85.333 85.333h1194.667c47.128 0 85.333-38.205 85.333-85.333v-853.333c0-47.128-38.205
Action.c(35):     -85.333-85.333-85.333zM484.693 599.637l197.973 134.656 196.949-135.595 340.053 339.968h-10
Action.c(35):     74.005zM85.333 878.336v-550.229l327.509 222.635zM951.211 549.547l328.789-226.304v555.093zM
Action.c(35):     1280 85.333v138.069l-1.792-2.56-595.541 410.197-597.333-406.016v-139.691h1194.667z"\n
Action.c(35):           ],\n
Action.c(35):           "width": 1365,\n
Action.c(35):           "tags": [\n
Action.c(35):             "icon_mail_alt"\n
Action.c(35):           ],\n
Action.c(35):           "grid": 32,\n
Action.c(35):           "defaultCode": 59990\n
Action.c(35):         },\n
Action.c(35):         {\n
Action.c(35):           "paths": [\n
Action.c(35):             "M448 0c-177.037 1.409-320.009 145.251-320.009 322.486 0 0.858 0.003 1.716 0.010 2
Action.c(35):     .573l-0.001 58.941h-64c-35.346 0-64 28.654-64 64v512c0 35.346 28.654 64 64 64h768c35.346 0
Action.c(35):      64-28.654 64-64v-512c0-35.346-28.654-64-64-64h-64v-59.072c0.006-0.725 0.009-1.583 0.009-2
Action.c(35):     .442 0-177.235-142.972-321.078-319.875-322.486zM192 324.928c-0.006-0.642-0.009-1.4-0.009-2
Action.c(35):     .159 0-141.947 114.285-257.201 255.861-258.768 141.872 1.567 256.157 116.821 256.157 258.7
Action.c(35):     68 0 0.759-0.003 1.517-0.010 2.275l0.001 58.956h-512v-59.072zM832 960h-768v-512h768v512zM5
Action.c(35):     76 704c0-70.692-57.308-128-128-128s-128 57.308-128 128c0 70.692 57.308 128 128 128s128-57.
Action.c(35):     308 128-128zM448 768c-35.346 0-64-28.654-64-64s28.654-64 64-64c35.346 0 64 28.654 64 64s-2
Action.c(35):     8.654 64-64 64z"\n
Action.c(35):           ],\n
Action.c(35):           "width": 896,\n
Action.c(35):           "tags": [\n
Action.c(35):             "icon_lock_alt"\n
Action.c(35):           ],\n
Action.c(35):           "grid": 32,\n
Action.c(35):           "defaultCode": 59991\n
Action.c(35):         },\n
Action.c(35):         {\n
Action.c(35):           "paths": [\n
Action.c(35):             "M512 0c-282.752 0-512 229.248-512 512s229.248 512 512 512 512-229.248 512-512-229
Action.c(35):     .248-512-512-512zM512 960c-247.040 0-448-200.96-448-448s200.96-448 448-448 448 200.96 448 
Action.c(35):     448-200.96 448-448 448zM512 384c-35.328 0-64 28.672-64 64v320c0 35.328 28.672 64 64 64s64-
Action.c(35):     28.672 64-64v-320c0-35.328-28.672-64-64-64zM448 257.024c0 35.346 28.654 64 64 64s64-28.654
Action.c(35):      64-64c0-35.346-28.654-64-64-64s-64 28.654-64 64z"\n
Action.c(35):           ],\n
Action.c(35):           "tags": [\n
Action.c(35):             "icon_info"\n
Action.c(35):           ],\n
Action.c(35):           "grid": 32,\n
Action.c(35):           "defaultCode": 59992\n
Action.c(35):         },\n
Action.c(35):         {\n
Action.c(35):           "paths": [\n
Action.c(35):             "M1396.364 0h-1303.273c-51.413 0-93.091 41.678-93.091 93.091v837.818c0 51.413 41.6
Action.c(35):     78 93.091 93.091 93.091h1303.273c51.413 0 93.091-41.678 93.091-93.091v-837.818c0-51.413-41
Action.c(35):     .678-93.091-93.091-93.091zM93.091 93.091h1303.273v837.818h-1303.273v-837.818zM1264.454 465
Action.c(35):     .455h-566.272c-25.706 0-46.545 20.839-46.545 46.545s20.839 46.545 46.545 46.545h566.272c25
Action.c(35):     .706 0 46.545-20.839 46.545-46.545s-20.839-46.545-46.545-46.545zM1264.454 651.636h-566.272
Action.c(35):     c-25.706 0-46.545 20.839-46.545 46.545s20.839 46.545 46.545 46.545h566.272c25.706 0 46.545
Action.c(35):     -20.839 46.545-46.545s-20.839-46.545-46.545-46.545zM1264.454 279.273h-566.272c-25.706 0-46
Action.c(35):     .545 20.839-46.545 46.545s20.839 46.545 46.545 46.545h566.272c25.706 0 46.545-20.839 46.54
Action.c(35):     5-46.545s-20.839-46.545-46.545-46.545zM259.724 298.636c0 0 0 0 0 0 0 62.107 50.347 112.454
Action.c(35):      112.454 112.454s112.454-50.347 112.454-112.454c0-0 0-0 0-0v0c0-62.107-50.347-112.454-112.
Action.c(35):     454-112.454s-112.454 50.347-112.454 112.454h0zM374.598 456.145c-101.655 0-183.761 110.313-
Action.c(35):     183.761 246.691s367.709 136.192 367.709 0-82.385-246.691-183.948-246.691z"\n
Action.c(35):           ],\n
Action.c(35):           "width": 1489,\n
Action.c(35):           "tags": [\n
Action.c(35):             "icon_id"\n
Action.c(35):           ],\n
Action.c(35):           "grid": 32,\n
Action.c(35):           "defaultCode": 59993\n
Action.c(35):         },\n
Action.c(35):         {\n
Action.c(35):           "paths": [\n
Action.c(35):             "M59.317 504.046l86.964-69.483v516.26c0 40.394 32.746 73.14 73.14 73.14h219.421c40
Action.c(35):     .394 0 73.14-32.746 73.14-73.14v-292.561h146.28v292.561c0 40.394 32.746 73.14 73.14 73.14h
Action.c(35):     219.421c40.394 0 73.14-32.746 73.14-73.14v-516.26l86.891 69.483c6.204 4.991 14.177 8.012 2
Action.c(35):     2.856 8.012 20.219 0 36.609-16.391 36.609-36.609 0-11.54-5.339-21.833-13.682-28.543l-548.6
Action.c(35):     23-438.897c-6.201-4.998-14.176-8.023-22.856-8.023s-16.655 3.025-22.927 8.077l-196.531 157.
Action.c(35):     197v-92.12c0-40.394-32.746-73.14-73.14-73.14s-73.14 32.746-73.14 73.14v209.145l-205.67 164
Action.c(35):     .566c-8.122 6.756-13.254 16.865-13.254 28.173 0 20.197 16.373 36.57 36.57 36.57 8.41 0 16.
Action.c(35):     157-2.839 22.335-7.611zM585.122 83.416l365.701 292.561v574.846h-219.421v-365.701h-292.561v
Action.c(35):     365.701h-219.421v-574.773z"\n
Action.c(35):           ],\n
Action.c(35):           "width": 1170,\n
Action.c(35):           "tags": [\n
Action.c(35):             "icon_house_alt"\n
Action.c(35):           ],\n
Action.c(35):           "grid": 32,\n
Action.c(35):           "defaultCode": 59994\n
Action.c(35):         },\n
Action.c(35):         {\n
Action.c(35):           "paths": [\n
Action.c(35):             "M1193.224 346.283c-3.134-183.102-151.69-346.283-335.165-346.283-107.32 2.138-201.
Action.c(35):     803 55.247-260.49 136.040-60.003-80.793-154.486-133.902-261.473-136.035-183.809-0.005-332.
Action.c(35):     365 163.175-335.499 346.277h-0.597c0 1.119 0.224 2.164 0.224 3.283s-0.224 1.642-0.224 2.53
Action.c(35):     7c0 5.148 1.268 9.028 1.492 13.953 16.415 466.635 590.718 657.945 590.718 657.945s582.734-
Action.c(35):     191.086 599.97-657.198c0.298-5.223 1.642-9.327 1.642-14.699 0-0.895-0.224-1.716-0.224-2.53
Action.c(35):     7s0.224-2.164 0.224-3.283h-0.597zM1117.64 364.041c-13.207 358.146-422.165 540.204-525.281 
Action.c(35):     580.421-102.221-40.291-503.643-221.528-516.328-581.988-0.19-3.999-0.564-7.7-1.12-11.342l0.
Action.c(35):     299-3.581c0.414-146.28 115.383-265.574 259.895-272.911 83.694 2.125 156.592 43.686 201.59 
Action.c(35):     106.573 14.287 18.859 35.826 30.417 60.066 30.417s45.779-11.558 59.408-29.464c45.713-63.91
Action.c(35):     6 118.738-105.5 201.574-107.546 145.485 7.357 260.453 126.651 260.867 272.89 0 1.539 0.082
Action.c(35):      3.018 0.24 4.474-0.538 3.476-0.986 7.356-1.21 12.056z"\n
Action.c(35):           ],\n
Action.c(35):           "width": 1194,\n
Action.c(35):           "tags": [\n
Action.c(35):             "icon_heart_alt"\n
Action.c(35):           ],\n
Action.c(35):           "grid": 32,\n
Action.c(35):           "defaultCode": 59995\n
Action.c(35):         },\n
Action.c(35):         {\n
Action.c(35):           "paths": [\n
Action.c(35):             "M85.333 426.667h256c47.128 0 85.333-38.205 85.333-85.333v-256c0-47.128-38.205-85.
Action.c(35):     333-85.333-85.333h-256c-47.128 0-85.333 38.205-85.333 85.333v256c0 47.128 38.205 85.333 85
Action.c(35):     .333 85.333zM682.667 426.667h256c47.128 0 85.333-38.205 85.333-85.333v-256c0-47.128-38.205
Action.c(35):     -85.333-85.333-85.333h-256c-47.128 0-85.333 38.205-85.333 85.333v256c0 47.128 38.205 85.33
Action.c(35):     3 85.333 85.333zM0 938.667c0 47.128 38.205 85.333 85.333 85.333h256c47.128 0 85.333-38.205
Action.c(35):      85.333-85.333v-256c0-47.128-38.205-85.333-85.333-85.333h-256c-47.128 0-85.333 38.205-85.3
Action.c(35):     33 85.333v256zM597.333 938.667c0 47.128 38.205 85.333 85.333 85.333h256c47.128 0 85.333-38
Action.c(35):     .205 85.333-85.333v-256c0-47.128-38.205-85.333-85.333-85.333h-256c-47.128 0-85.333 38.205-
Action.c(35):     85.333 85.333v256z"\n
Action.c(35):           ],\n
Action.c(35):           "tags": [\n
Action.c(35):             "icon_grid-2x2"\n
Action.c(35):           ],\n
Action.c(35):           "grid": 32,\n
Action.c(35):           "defaultCode": 59996\n
Action.c(35):         },\n
Action.c(35):         {\n
Action.c(35):           "paths": [\n
Action.c(35):             "M960 256h-896c-35.328 0-64 28.672-64 64v192h64v448c0 35.328 28.672 64 64 64h768c3
Action.c(35):     5.328 0 64-28.672 64-64v-448h64v-192c0-35.328-28.672-64-64-64zM64 320h384v128h-384v-128zM1
Action.c(35):     28 960v-448h320v448h-320zM896 960h-318.656v-448h318.656v448zM960 448h-382.656v-128h382.656
Action.c(35):     v128zM512 192c0-0.128-0.064-0.384-0.064-0.512h0.192c-0.064 0.128-0.128 0.384-0.128 0.512 0
Action.c(35):      0 167.616 0 256 0s128-43.008 128-96-39.616-96-128-96c-82.752 0-147.904 37.248-192 80.448-
Action.c(35):     19.328-11.456-41.664-18.432-65.856-18.432-23.168 0-44.608 6.528-63.424 17.152-44.032-42.68
Action.c(35):     8-108.8-79.168-190.72-79.168-88.384 0-128 43.008-128 96s39.616 96 128 96c88.384 0 256 0 25
Action.c(35):     6 0zM832 96c0 26.432-34.816 32-64 32h-145.344c-0.512-0.896-0.96-1.856-1.472-2.688 32.512-3
Action.c(35):     1.616 81.792-61.312 146.816-61.312 29.184 0 64 5.568 64 32zM192 96c0-26.432 34.816-32 64-3
Action.c(35):     2 63.616 0 111.872 28.48 144.384 59.008-1.024 1.6-1.792 3.328-2.752 4.992h-141.632c-29.184
Action.c(35):      0-64-5.568-64-32z"\n
Action.c(35):           ],\n
Action.c(35):           "tags": [\n
Action.c(35):             "icon_gift_alt"\n
Action.c(35):           ],\n
Action.c(35):           "grid": 32,\n
Action.c(35):           "defaultCode": 59997\n
Action.c(35):         },\n
Action.c(35):         {\n
Action.c(35):           "paths": [\n
Action.c(35):             "M512 0c-282.752 0-512 229.248-512 512s229.248 512 512 512 512-229.248 512-512-229
Action.c(35):     .248-512-512-512zM512 960c-247.040 0-448-200.96-448-448s200.96-448 448-448 448 200.96 448 
Action.c(35):     448-200.96 448-448 448zM512 192c-35.328 0-64 28.672-64 64v320c0 35.328 28.672 64 64 64s64-
Action.c(35):     28.672 64-64v-320c0-35.328-28.672-64-64-64zM448 766.976c0 35.346 28.654 64 64 64s64-28.654
Action.c(35):      64-64c0-35.346-28.654-64-64-64s-64 28.654-64 64z"\n
Action.c(35):           ],\n
Action.c(35):           "tags": [\n
Action.c(35):             "icon_error-circle_alt"\n
Action.c(35):           ],\n
Action.c(35):           "grid": 32,\n
Action.c(35):           "defaultCode": 59998\n
Action.c(35):         },\n
Action.c(35):         {\n
Action.c(35):           "paths": [\n
Action.c(35):             "M64 1024h768c35.346 0 64-28.654 64-64v-896c0-35.346-28.654-64-64-64h-768c-35.346 
Action.c(35):     0-64 28.654-64 64v896c0 35.346 28.654 64 64 64zM64 64h768v896h-768v-896zM672 192h-256c-17.
Action.c(35):     673 0-32 14.327-32 32s14.327 32 32 32h256c17.673 0 32-14.327 32-32s-14.327-32-32-32zM672 3
Action.c(35):     84h-448c-17.673 0-32 14.327-32 32s14.327 32 32 32h448c17.673 0 32-14.327 32-32s-14.327-32-
Action.c(35):     32-32zM672 576h-448c-17.673 0-32 14.327-32 32s14.327 32 32 32h448c17.673 0 32-14.327 32-32
Action.c(35):     s-14.327-32-32-32zM672 768h-448c-17.673 0-32 14.327-32 32s14.327 32 32 32h448c17.673 0 32-
Action.c(35):     14.327 32-32s-14.327-32-32-32z"\n
Action.c(35):           ],\n
Action.c(35):           "width": 896,\n
Action.c(35):           "tags": [\n
Action.c(35):             "icon_document_alt"\n
Action.c(35):           ],\n
Action.c(35):           "grid": 32,\n
Action.c(35):           "defaultCode": 59999\n
Action.c(35):         },\n
Action.c(35):         {\n
Action.c(35):           "paths": [\n
Action.c(35):             "M512 0c-282.77 0-512 229.23-512 512s229.23 512 512 512c282.77 0 512-229.23 512-51
Action.c(35):     2s-229.23-512-512-512zM512 955.733c-245.067 0-443.733-198.666-443.733-443.733s198.666-443.
Action.c(35):     733 443.733-443.733c245.067 0 443.733 198.666 443.733 443.733-0.291 244.95-198.783 443.442
Action.c(35):     -443.705 443.733zM570.505 273.067c1.362-0.062 2.959-0.097 4.564-0.097 57.656 0 104.733 45.
Action.c(35):     295 107.588 102.242 0.010 19.107 15.292 34.389 34.144 34.389s34.133-15.282 34.133-34.133c-
Action.c(35):     2.912-94.901-80.541-170.725-175.88-170.725-1.6 0-3.194 0.021-4.784 0.064l-24.137-0.005v-34
Action.c(35):     .133c0-18.851-15.282-34.133-34.133-34.133s-34.133 15.282-34.133 34.133v34.133h-24.371c-1.3
Action.c(35):     55-0.037-2.95-0.059-4.549-0.059-95.339 0-172.968 75.824-175.873 170.458 2.905 95.169 80.53
Action.c(35):     4 170.993 175.873 170.993 1.6 0 3.194-0.021 4.784-0.064l24.137 0.005v204.8h-24.371c-1.362 
Action.c(35):     0.062-2.959 0.097-4.564 0.097-57.656 0-104.733-45.295-107.588-102.242-0.010-19.107-15.292-
Action.c(35):     34.389-34.144-34.389s-34.133 15.282-34.133 34.133c2.912 94.901 80.541 170.725 175.88 170.7
Action.c(35):     25 1.6 0 3.194-0.021 4.784-0.064l24.137 0.005v34.133c0 18.851 15.282 34.133 34.133 34.133s
Action.c(35):     34.133-15.282 34.133-34.133v-34.133h24.371c1.355 0.037 2.95 0.059 4.549 0.059 95.339 0 172
Action.c(35):     .968-75.824 175.873-170.458-2.905-95.169-80.534-170.993-175.873-170.993-1.6 0-3.194 0.021-
Action.c(35):     4.784 0.064l-24.137-0.005v-204.8h24.371zM570.505 546.133c1.362-0.062 2.959-0.097 4.564-0.0
Action.c(35):     97 57.656 0 104.733 45.295 107.588 102.242-2.855 57.457-49.932 102.752-107.588 102.752-1.6
Action.c(35):     05 0-3.202-0.035-4.79-0.105l-24.145 0.008v-204.8h24.371zM477.867 477.867h-24.371c-1.362 0.
Action.c(35):     062-2.959 0.097-4.564 0.097-57.656 0-104.733-45.295-107.588-102.242 2.855-57.457 49.932-10
Action.c(35):     2.752 107.588-102.752 1.605 0 3.202 0.035 4.79 0.105l24.145-0.008v204.8z"\n
Action.c(35):           ],\n
Action.c(35):           "tags": [\n
Action.c(35):             "icon_currency"\n
Action.c(35):           ],\n
Action.c(35):           "grid": 32,\n
Action.c(35):           "defaultCode": 60000\n
Action.c(35):         },\n
Action.c(35):         {\n
Action.c(35):           "paths": [\n
Action.c(35):             "M1280 0h-1194.667c-47.128 0-85.333 38.205-85.333 85.333v853.333c0 47.128 38.205 8
Action.c(35):     5.333 85.333 85.333h1194.667c47.128 0 85.333-38.205 85.333-85.333v-853.333c0-47.128-38.205
Action.c(35):     -85.333-85.333-85.333zM1280 938.667h-1194.667v-512h1194.667v512zM85.333 259.584v-174.251h1
Action.c(35):     194.667v174.251h-1194.667zM213.333 853.333h426.667c23.564 0 42.667-19.103 42.667-42.667s-1
Action.c(35):     9.103-42.667-42.667-42.667h-426.667c-23.564 0-42.667 19.103-42.667 42.667s19.103 42.667 42
Action.c(35):     .667 42.667zM768 810.667c0 23.564 19.103 42.667 42.667 42.667s42.667-19.103 42.667-42.667c
Action.c(35):     0-23.564-19.103-42.667-42.667-42.667s-42.667 19.103-42.667 42.667zM938.667 810.667c0 23.56
Action.c(35):     4 19.103 42.667 42.667 42.667s42.667-19.103 42.667-42.667c0-23.564-19.103-42.667-42.667-42
Action.c(35):     .667s-42.667 19.103-42.667 42.667zM1109.333 810.667c0 23.564 19.103 42.667 42.667 42.667s4
Action.c(35):     2.667-19.103 42.667-42.667c0-23.564-19.103-42.667-42.667-42.667s-42.667 19.103-42.667 42.6
Action.c(35):     67z"\n
Action.c(35):           ],\n
Action.c(35):           "width": 1365,\n
Action.c(35):           "tags": [\n
Action.c(35):             "icon_creditcard"\n
Action.c(35):           ],\n
Action.c(35):           "grid": 32,\n
Action.c(35):           "defaultCode": 60001\n
Action.c(35):         },\n
Action.c(35):         {\n
Action.c(35):           "paths": [\n
Action.c(35):             "M832 0h-768c-35.328 0-64 28.672-64 64v896c0 35.328 28.672 64 64 64h768c35.328 0 6
Action.c(35):     4-28.672 64-64v-896c0-35.328-28.672-64-64-64zM64 64h128v896h-128v-896zM832 960h-576v-896h5
Action.c(35):     76v896zM443.584 343.488c0 0 0 0 0 0 0 53.514 43.382 96.896 96.896 96.896s96.896-43.382 96.
Action.c(35):     896-96.896c0-0 0-0 0-0s0-0 0-0c0-53.514-43.382-96.896-96.896-96.896s-96.896 43.382-96.896 
Action.c(35):     96.896c0 0 0 0 0 0zM542.464 479.104c-87.488 0-158.464 95.168-158.464 212.544s316.992 117.3
Action.c(35):     76 316.992 0-70.976-212.544-158.528-212.544zM960 64h64v192h-64zM960 320h64v192h-64zM960 57
Action.c(35):     6h64v192h-64z"\n
Action.c(35):           ],\n
Action.c(35):           "tags": [\n
Action.c(35):             "icon_contacts_alt"\n
Action.c(35):           ],\n
Action.c(35):           "grid": 32,\n
Action.c(35):           "defaultCo
Action.c(35): t=9232ms: 12288-byte DECODED response body for "https://stage.peapod.com/shop/images/icons/PeapodIcons.json" (RelFrameId=1, Internal ID=3)
Action.c(35):     de": 60002\n
Action.c(35):         },\n
Action.c(35):         {\n
Action.c(35):           "paths": [\n
Action.c(35):             "M65.146 1002.871c5.993 12.585 18.609 21.129 33.221 21.129 0.004 0 0.009-0 0.013-0
Action.c(35):      0.414 0.001 0.904 0.002 1.395 0.002 109.106 0 210.791-31.771 296.309-86.567 52.304 9.977 
Action.c(35):     117.347 16.211 183.367 18.619 324.161 0.086 585.406-214.354 585.406-478.020s-261.245-478.0
Action.c(35):     33-582.428-478.033-582.428 214.367-582.428 478.033c3.235 134.868 66.767 254.268 164.569 33
Action.c(35):     2.691-25.233 58.921-57.094 109.114-95.058 153.979-4.545 5.415-7.774 13.67-7.774 22.679 0 5
Action.c(35):     .62 1.256 10.947 3.504 15.715zM73.363 478.033c0-223.17 228.379-404.67 509.065-404.67s509.0
Action.c(35):     65 181.573 509.065 404.743-228.379 404.67-509.065 404.67c-68.982-2.568-134.049-9.142-197.8
Action.c(35):     24-19.562 7.044 0.842 4.724 0.624 2.353 0.624-7.133 0-13.806 1.967-19.508 5.388-54.594 36.
Action.c(35):     174-119.138 62.701-188.537 75.29 22.29-37.347 45.209-80.664 63.436-126.36 3.239-8.654 4.15
Action.c(35):     7-13.23 4.157-18.019 0-11.897-5.664-22.472-14.443-29.174-93.924-65.492-155.406-171.698-158
Action.c(35):     .689-292.431z"\n
Action.c(35):           ],\n
Action.c(35):           "width": 1165,\n
Action.c(35):           "tags": [\n
Action.c(35):             "icon_comment_alt"\n
Action.c(35):           ],\n
Action.c(35):           "grid": 32,\n
Action.c(35):           "defaultCode": 60003\n
Action.c(35):         },\n
Action.c(35):         {\n
Action.c(35):           "paths": [\n
Action.c(35):             "M366.179 1009.121c1.872 1.497 2.995 3.556 4.96 4.96 2.534 1.319 5.512 2.528 8.61 
Action.c(35):     3.459 3.397 1.669 6.962 3.131 10.666 4.276 3.656 0.95 7.397 1.55 11.234 1.8 2.545 0.323 5.
Action.c(35):     274 0.501 8.045 0.501s5.5-0.179 8.177-0.525c1.836-0.341 3.895-0.902 6.047-1.464 6.954-1.76
Action.c(35):      13.064-4.393 18.622-7.835 0.749-0.493 1.591-1.242 2.621-1.897 4.26-2.406 7.942-5.103 11.2
Action.c(35):     69-8.178 1.785-2.447 3.526-5.266 5.038-8.222l0.444-0.632 557.644-893.97c6.69-10.104 10.674
Action.c(35):     -22.507 10.674-35.841 0-36.181-29.331-65.512-65.512-65.512-22.847 0-42.963 11.696-54.686 2
Action.c(35):     9.426l-515.216 825.714-284.858-277.091c-11.848-11.818-28.2-19.125-46.259-19.125-36.178 0-6
Action.c(35):     5.506 29.328-65.506 65.506 0 19.852 8.831 37.641 22.778 49.654l342.776 333.498c0.676 0.474
Action.c(35):      1.471 0.97 2.291 1.425z"\n
Action.c(35):           ],\n
Action.c(35):           "width": 1030,\n
Action.c(35):           "tags": [\n
Action.c(35):             "icon_check"\n
Action.c(35):           ],\n
Action.c(35):           "grid": 32,\n
Action.c(35):           "defaultCode": 60004\n
Action.c(35):         },\n
Action.c(35):         {\n
Action.c(35):           "paths": [\n
Action.c(35):             "M221.55 950.857c0 40.396 32.747 73.143 73.143 73.143s73.143-32.747 73.143-73.143c
Action.c(35):     0-40.396-32.747-73.143-73.143-73.143s-73.143 32.747-73.143 73.143zM879.835 950.857c0 40.39
Action.c(35):     6 32.747 73.143 73.143 73.143s73.143-32.747 73.143-73.143c0-40.396-32.747-73.143-73.143-73
Action.c(35):     .143s-73.143 32.747-73.143 73.143zM0 36.571c0 20.198 16.374 36.571 36.571 36.571h75.995l45
Action.c(35):     .422 194.267 63.561 317.733c0.435 2.88 0.97 5.352 1.644 7.766l-37.337 167.045c-0.57 2.418-
Action.c(35):     0.896 5.194-0.896 8.046 0 20.198 16.374 36.571 36.571 36.571 0.006 0 0.013-0 0.019-0l829.7
Action.c(35):     32 0c20.198 0 36.571-16.374 36.571-36.571s-16.374-36.571-36.571-36.571h-784.091l16.75-75.3
Action.c(35):     37c3.048 0.931 6.69 1.701 10.428 2.162l667.021 0.033c3.338 0.522 7.189 0.819 11.108 0.819 
Action.c(35):     34.684 0 63.919-23.324 72.878-55.143l118.912-364.931c4.039-8.221 6.402-17.894 6.402-28.118
Action.c(35):      0-35.871-29.079-64.951-64.951-64.951-2.28 0-4.533 0.118-6.753 0.347l-877.436-0.023c-5.887
Action.c(35):      0.482-11.333 1.624-16.506 3.36l-27.892-121.413c-3.914-16.304-18.368-28.233-35.608-28.233-
Action.c(35):     0.004 0-0.009 0-0.013 0l-104.959-0c-20.198 0-36.571 16.374-36.571 36.571zM223.086 219.429h
Action.c(35):     870.766l-116.736 358.4c-1.23 2.834-2.38 5.116-3.636 7.329-2.215-0.161-6.018 0.059-12.016 0
Action.c(35):     .059h-666.77v-7.387l-1.39-7.022z"\n
Action.c(35):           ],\n
Action.c(35):           "width": 1170,\n
Action.c(35):           "tags": [\n
Action.c(35):             "icon_cart_alt"\n
Action.c(35):           ],\n
Action.c(35):           "grid": 32,\n
Action.c(35):           "defaultCode": 60005\n
Action.c(35):         },\n
Action.c(35):         {\n
Action.c(35):           "paths": [\n
Action.c(35):             "M64 1024h640c35.346 0 64-28.654 64-64v-704c0-35.346-28.654-64-64-64h-128.32c0-0 0
Action.c(35):     -0 0-0 0-105.862-85.818-191.68-191.68-191.68s-191.68 85.818-191.68 191.68c0 0 0 0 0 0l-128
Action.c(35):     .32-0c-35.346 0-64 28.654-64 64v704c0 35.346 28.654 64 64 64zM704 256v704h-640v-704h640zM3
Action.c(35):     84 64c70.251 0.929 126.932 57.722 127.679 127.929l-255.359 0.071c0.748-70.278 57.429-127.0
Action.c(35):     71 127.592-127.999zM288 384h192c17.673 0 32-14.327 32-32s-14.327-32-32-32h-192c-17.673 0-3
Action.c(35):     2 14.327-32 32s14.327 32 32 32z"\n
Action.c(35):           ],\n
Action.c(35):           "width": 768,\n
Action.c(35):           "tags": [\n
Action.c(35):             "icon_bag_alt"\n
Action.c(35):           ],\n
Action.c(35):           "grid": 32,\n
Action.c(35):           "defaultCode": 60006\n
Action.c(35):         },\n
Action.c(35):         {\n
Action.c(35):           "paths": [\n
Action.c(35):             "M1020.224 179.968c-8.064-26.048-31.488-45.312-60.224-45.312h-64v99.328c0 52.928-4
Action.c(35):     3.072 96-96 96s-96-43.072-96-96v-99.328h-384.32v99.328c0 52.928-43.072 96-96 96s-96-43.072
Action.c(35):     -96-96v-99.328h-63.68c-28.736 0-52.16 19.264-60.224 45.312l-3.776-0v780.032c0 35.328 28.67
Action.c(35):     2 64 64 64h896c35.328 0 64-28.672 64-64v-780.032h-3.776zM960 960h-896v-512h896v512zM223.68
Action.c(35):      265.984c17.664 0 32-14.336 32-32v-201.984c0-17.664-14.336-32-32-32s-32 14.336-32 32v201.9
Action.c(35):     84c0 17.664 14.336 32 32 32zM800 265.984c17.664 0 32-14.336 32-32v-201.984c0-17.664-14.336
Action.c(35):     -32-32-32s-32 14.336-32 32v201.984c0 17.664 14.336 32 32 32z"\n
Action.c(35):           ],\n
Action.c(35):           "tags": [\n
Action.c(35):             "icon_calendar"\n
Action.c(35):           ],\n
Action.c(35):           "grid": 32,\n
Action.c(35):           "defaultCode": 60007\n
Action.c(35):         },\n
Action.c(35):         {\n
Action.c(35):           "paths": [\n
Action.c(35):             "M512 0c-282.77 0-512 229.23-512 512s229.23 512 512 512c282.77 0 512-229.23 512-51
Action.c(35):     2s-229.23-512-512-512zM512 955.733c-245.067 0-443.733-198.666-443.733-443.733s198.666-443.
Action.c(35):     733 443.733-443.733c245.067 0 443.733 198.666 443.733 443.733-0.291 244.95-198.783 443.442
Action.c(35):     -443.705 443.733zM738.441 489.677l-263.305-208.555c-7.429-5.439-16.748-8.703-26.829-8.703s
Action.c(35):     -19.4 3.264-26.958 8.793c0.032 0.041-0.081 0.154-0.208 0.248-6.807 4.781-11.269 12.493-11.
Action.c(35):     54 21.261l-0.001 417.151c0.337 8.96 4.985 16.767 11.919 21.443l0.096 0.061c7.429 5.439 16.
Action.c(35):     748 8.703 26.829 8.703s19.4-3.264 26.958-8.793l264.404-208.806c6.739-4.664 11.098-12.353 1
Action.c(35):     1.098-21.060s-4.359-16.396-11.013-21.005c-0.457-0.276-0.905-0.505-1.368-0.706z"\n
Action.c(35):           ],\n
Action.c(35):           "tags": [\n
Action.c(35):             "arrow_triangle-right_alt2"\n
Action.c(35):           ],\n
Action.c(35):           "grid": 32,\n
Action.c(35):           "defaultCode": 60008\n
Action.c(35):         },\n
Action.c(35):         {\n
Action.c(35):           "paths": [\n
Action.c(35):             "M224.96 528c0.007 0 0.014 0 0.022 0 10.235 0 19.347-4.805 25.205-12.282l140.853-1
Action.c(35):     81.51 96.512 113.344c5.987 6.876 14.738 11.212 24.503 11.264 9.759-0.068 18.464-4.486 24.2
Action.c(35):     89-11.407l224.040-266.865c4.247-5.38 6.812-12.26 6.812-19.738 0-17.673-14.327-32-32-32-9.4
Action.c(35):     55 0-17.952 4.101-23.81 10.621l-199.706 237.853-97.28-114.56c-6.536-6.374-15.271-10.52-24.
Action.c(35):     963-11.193-10.104 0.214-18.929 4.97-24.648 12.275l-165.109 212.55c-4.204 5.364-6.742 12.21
Action.c(35):     -6.742 19.648 0 17.673 14.327 32 32 32 0.008 0 0.016-0 0.023-0zM927.296 0h-894.592c-0.096-
Action.c(35):     0.001-0.209-0.002-0.322-0.002-17.751 0-32.166 14.282-32.382 31.981 0.216 17.74 14.631 32.0
Action.c(35):     22 32.382 32.022 0.113 0 0.226-0.001 0.34-0.002l31.279 0v576c0 35.346 28.654 64 64 64h320v
Action.c(35):     99.904l-181.504 164.416c-6.057 5.831-9.819 14.009-9.819 23.065 0 17.673 14.327 32 32 32 7.
Action.c(35):     974 0 15.266-2.916 20.869-7.741l138.454-125.405v101.76c0 17.673 14.327 32 32 32s32-14.327 
Action.c(35):     32-32v-101.76l138.496 125.44c5.743 5.529 13.564 8.935 22.181 8.935 17.673 0 32-14.327 32-3
Action.c(35):     2 0-9.699-4.315-18.391-11.131-24.259l-181.546-164.451v-99.904h320c35.346 0 64-28.654 64-64
Action.c(35):     v-576h31.296c0.096 0.001 0.209 0.002 0.322 0.002 17.751 0 32.166-14.282 32.382-31.981-0.21
Action.c(35):     6-17.74-14.631-32.022-32.382-32.022-0.113 0-0.226 0.001-0.34 0.002zM832 640h-704v-576h704v
Action.c(35):     576z"\n
Action.c(35):           ],\n
Action.c(35):           "width": 960,\n
Action.c(35):           "tags": [\n
Action.c(35):             "icon_easel"\n
Action.c(35):           ],\n
Action.c(35):           "grid": 32,\n
Action.c(35):           "defaultCode": 60009\n
Action.c(35):         },\n
Action.c(35):         {\n
Action.c(35):           "paths": [\n
Action.c(35):             "M19.964 560.51l443.458 443.458c26.665 26.665 70.012 26.665 96.677 0s26.665-70.012
Action.c(35):      0-96.677l-395.324-395.324 395.324-395.324c26.665-26.665 26.665-70.012 0-96.677s-70.012-26
Action.c(35):     .665-96.677 0l-443.458 443.526c-13.401 13.332-19.964 30.904-19.964 48.475s6.564 35.143 19.
Action.c(35):     964 48.544z"\n
Action.c(35):           ],\n
Action.c(35):           "width": 580,\n
Action.c(35):           "tags": [\n
Action.c(35):             "arrow_carrot-left"\n
Action.c(35):           ],\n
Action.c(35):           "grid": 32,\n
Action.c(35):           "defaultCode": 60010\n
Action.c(35):         },\n
Action.c(35):         {\n
Action.c(35):           "paths": [\n
Action.c(35):             "M20.033 1003.967c26.665 26.665 70.012 26.665 96.677 0l443.458-443.458c13.401-13.4
Action.c(35):     01 20.101-31.041 19.964-48.544 0-17.64-6.564-35.143-19.964-48.544l-443.458-443.389c-26.665
Action.c(35):     -26.665-70.012-26.665-96.677 0s-26.665 70.012 0 96.677l395.324 395.324-395.324 395.324c-26
Action.c(35):     .665 26.665-26.665 70.012-0 96.609z"\n
Action.c(35):           ],\n
Action.c(35):           "width": 580,\n
Action.c(35):           "tags": [\n
Action.c(35):             "arrow_carrot-right"\n
Action.c(35):           ],\n
Action.c(35):           "grid": 32,\n
Action.c(35):           "defaultCode": 60011\n
Action.c(35):         },\n
Action.c(35):         {\n
Action.c(35):           "paths": [\n
Action.c(35):             "M206.031 988.756l697.875-697.875 697.875 697.875c47.072 47.072 123.595 47.072 170
Action.c(35):     .667 0s47.072-123.595 0-170.667l-782.967-782.846c-23.536-23.657-54.435-35.244-85.575-35.24
Action.c(35):     4s-62.039 11.587-85.695 35.244l-782.846 782.846c-47.072 47.072-47.072 123.595 0 170.667s12
Action.c(35):     3.595 47.072 170.667 0z"\n
Action.c(35):           ],\n
Action.c(35):           "width": 1808,\n
Action.c(35):           "tags": [\n
Action.c(35):             "arrow_carrot-up"\n
Action.c(35):           ],\n
Action.c(35):           "grid": 32,\n
Action.c(35):           "defaultCode": 60012\n
Action.c(35):         },\n
Action.c(35):         {\n
Action.c(35):           "paths": [\n
Action.c(35):             "M1601.471 35.36l-697.792 697.792-697.792-697.792c-47.067-47.067-123.58-47.067-170
Action.c(35):     .647 0s-47.067 123.58 0 170.647l782.754 782.754c23.654 23.654 54.79 35.481 85.685 35.24 31
Action.c(35):     .136 0 62.031-11.586 85.685-35.24l782.754-782.754c47.067-47.067 47.067-123.58 0-170.647-47
Action.c(35):     .067-47.187-123.459-47.187-170.647 0z"\n
Action.c(35):           ],\n
Action.c(35):           "width": 1807,\n
Action.c(35):           "tags": [\n
Action.c(35):             "arrow_carrot-down"\n
Action.c(35):           ],\n
Action.c(35):           "grid": 32,\n
Action.c(35):           "defaultCode": 60013\n
Action.c(35):         },\n
Action.c(35):         {\n
Action.c(35):           "paths": [\n
Action.c(35):             "M539.186 849.557v-849.556l-167.646 337.557-371.54 54.372 269.593 262.796-63.433 3
Action.c(35):     69.273 333.026-174.443z",\n
Action.c(35):             "M872.212 1023.999l-63.433-369.273 269.593-262.796-371.54-54.372-167.646-337.557v8
Action.c(35):     49.556l333.026 174.443z"\n
Action.c(35):           ],\n
Action.c(35):           "width": 1078,\n
Action.c(35):           "attrs": [\n
Action.c(35):             {\n
Action.c(35):               "fill": "rgb(81, 81, 81)"\n
Action.c(35):             },\n
Action.c(35):             {\n
Action.c(35):               "fill": "rgb(164, 164, 164)"\n
Action.c(35):             }\n
Action.c(35):           ],\n
Action.c(35):           "isMulticolor": true,\n
Action.c(35):           "tags": [\n
Action.c(35):             "icon_star-half-color"\n
Action.c(35):           ],\n
Action.c(35):           "grid": 32,\n
Action.c(35):           "defaultCode": 60014\n
Action.c(35):         },\n
Action.c(35):         {\n
Action.c(35):           "paths": [\n
Action.c(35):             "M512 0.041c-131.031 0-262.066 49.983-362.041 149.956-199.946 199.946-199.946 524.
Action.c(35):     135 0 724.005 100.041 99.973 231.003 149.956 362.041 149.956s262.066-49.983 362.041-149.95
Action.c(35):     6c199.946-199.946 199.946-524.135 0-724.005-99.972-99.973-231.003-149.956-362.041-149.956v
Action.c(35):     0zM825.557 825.525c-83.723 83.723-195.078 129.866-313.561 129.866-118.416 0-229.771-46.144
Action.c(35):     -313.561-129.866-83.723-83.723-129.866-195.078-129.866-313.561s46.144-229.771 129.866-313.
Action.c(35):     561c83.723-83.723 195.078-129.866 313.561-129.866 118.416 0 229.771 46.144 313.561 129.866
Action.c(35):     s129.866 195.146 129.866 313.561-46.144 229.839-129.866 313.561zM715.439 475.419h-171.421v
Action.c(35):     -240.466c0-18.926-15.358-34.283-34.283-34.283s-34.283 15.358-34.283 34.283v274.751c0 18.92
Action.c(35):     6 15.358 34.283 34.283 34.283h205.705c18.926 0 34.283-15.358 34.283-34.283s-15.358-34.284-
Action.c(35):     34.283-34.284v0z"\n
Action.c(35):           ],\n
Action.c(35):           "tags": [\n
Action.c(35):             "icon_clock_alt"\n
Action.c(35):           ],\n
Action.c(35):           "grid": 32,\n
Action.c(35):           "defaultCode": 60016\n
Action.c(35):         },\n
Action.c(35):         {\n
Action.c(35):           "paths": [\n
Action.c(35):             "M20.685 1003.315c27.546 27.546 72.397 27.546 99.942 0l391.373-391.373 391.373 391
Action.c(35):     .373c27.546 27.546 72.397 27.546 99.942 0s27.546-72.397 0-99.942l-391.373-391.373 391.373-
Action.c(35):     391.373c27.546-27.546 27.546-72.397 0-99.942s-72.397-27.546-99.942 0l-391.373 391.373-391.
Action.c(35):     373-391.373c-27.546-27.546-72.397-27.546-99.942 0s-27.546 72.397 0 99.942l391.373 391.373-
Action.c(35):     391.373 391.373c-27.597 27.546-27.597 72.397 0 99.942z"\n
Action.c(35):           ],\n
Action.c(35):           "tags": [\n
Action.c(35):             "icon_close"\n
Action.c(35):           ],\n
Action.c(35):           "grid": 32,\n
Action.c(35):           "defaultCode": 60017\n
Action.c(35):         },\n
Action.c(35):         {\n
Action.c(35):           "paths": [\n
Action.c(35):             "M512 0c-212.032 0-384 171.968-384 384 0 246.656 276.544 554.432 320 601.472 17.98
Action.c(35):     4 19.52 33.024 38.528 64 38.528s46.016-19.008 64-38.528c43.456-47.040 320-354.816 320-601.
Action.c(35):     472 0-212.032-171.968-384-384-384zM512 640c-141.376 0-256-114.624-256-256s114.624-256 256-
Action.c(35):     256 256 114.624 256 256-114.624 256-256 256zM512 256c-70.656 0-128 57.344-128 128s57.344 1
Action.c(35):     28 128 128 128-57.344 128-128-57.344-128-128-128z"\n
Action.c(35):           ],\n
Action.c(35):           "grid": 32,\n
Action.c(35):           "tags": [\n
Action.c(35):             "location_alt"\n
Action.c(35):           ],\n
Action.c(35):           "defaultCode": 60018\n
Action.c(35):         },\n
Action.c(35):         {\n
Action.c(35):           "paths": [\n
Action.c(35):             "M588.454 457.099l17.080-158.602-34.567 9.353-10.573 120.782-69.134-99.635-34.974 
Action.c(35):     9.353 93.535 128.915z",\n
Action.c(35):             "M389.185 483.94l61.407-16.267 15.454 21.96 34.567-9.353-93.535-128.915-38.227 10.
Action.c(35):     167-17.080 158.195 34.567-9.353 2.847-26.434zM396.505 387.152l39.041 55.714-44.734 11.793 
Action.c(35):     5.693-67.508z",\n
Action.c(35):             "M764.137 410.332l-7.32-26.84-71.168 18.707-8.54-32.534 69.541-18.707-7.32-26.84-6
Action.c(35):     9.541 18.3-7.727-30.094 70.761-18.707-6.913-26.84-101.668 26.84 38.227 143.555z",\n
Action.c(35):             "M329.404 564.461l-10.98 98.821-58.967-80.521-42.701 11.387 38.227 143.555 30.5-8.
Action.c(35):     133-27.654-103.295 68.321 92.721 13.42-3.66 12.607-114.275 27.654 103.701 30.907-8.133-38.
Action.c(35):     227-143.962z",\n
Action.c(35):             "M301.344 490.040c2.033 8.54-3.66 17.894-20.74 22.774-19.927 5.287-37.82 0.407-50.
Action.c(35):     834-7.32l-10.573 28.467c17.080 9.76 39.447 13.827 67.101 6.507 38.634-10.167
Action.c(35): t=9283ms: 10998-byte DECODED response body for "https://stage.peapod.com/shop/images/icons/PeapodIcons.json" (RelFrameId=1, Internal ID=3)
Action.c(35):      52.054-34.974 45.141-61.407-14.234-53.681-92.721-16.267-98.821-39.041-2.44-8.54 3.66-16.2
Action.c(35):     67 16.267-19.52 14.64-4.067 31.314-3.253 45.954 4.473l10.98-27.247c-17.894-9.353-38.634-11
Action.c(35):     .387-61.407-5.287-33.754 8.947-49.207 34.16-42.701 58.154 15.047 53.681 93.128 14.234 99.6
Action.c(35):     35 39.447z",\n
Action.c(35):             "M742.176 608.381l101.668-27.247-6.913-26.84-71.168 18.707-8.947-32.534 69.948-18.
Action.c(35):     707-7.32-26.84-69.541 18.707-8.133-30.094 71.168-19.114-7.32-26.84-101.668 26.84z",\n
Action.c(35):             "M693.376 516.88c-6.913-26.84-30.907-41.481-60.594-33.347l-67.101 17.894 38.227 14
Action.c(35):     3.555 30.5-8.133-13.42-51.241 22.367-6.1 41.887 43.514 35.38-9.353-47.174-45.954c14.234-7.
Action.c(35):     32 26.84-25.62 19.927-50.834zM645.795 550.227l-32.127 8.54-10.167-38.634 32.127-8.54c12.2-
Action.c(35):     3.253 23.18 1.627 26.434 13.42 3.253 12.2-4.067 21.96-16.267 25.214z",\n
Action.c(35):             "M468.486 524.607c-43.514 11.387-67.101 50.834-55.307 94.348 11.387 43.107 51.241 
Action.c(35):     65.881 94.755 54.494 43.107-11.387 66.694-50.834 55.307-94.348-11.387-43.107-51.647-65.881
Action.c(35):     -94.755-54.494zM501.020 646.202c-26.84 6.913-49.207-8.947-56.121-35.38-7.32-26.84 4.473-51
Action.c(35):     .647 31.314-58.967 26.434-6.913 48.801 8.54 56.121 35.787 6.507 26.434-4.88 51.647-31.314 
Action.c(35):     58.561z",\n
Action.c(35):             "M1021.967 522.573c-35.787-26.027-69.541-51.241-104.921-77.268 25.62-36.194 50.021
Action.c(35):     -70.761 76.048-107.768-43.921-12.2-84.994-23.994-127.695-35.787 10.573-43.107 20.74-84.181
Action.c(35):      31.314-128.508-44.327 2.847-86.621 6.1-130.948 8.947-6.1-41.481-12.2-82.554-18.3-125.255-
Action.c(35):     40.667 18.3-78.488 35.787-117.528 53.681-21.147-37.007-41.887-73.201-63.441-111.021-29.687
Action.c(35):      32.534-57.747 62.627-86.621 93.941-33.347-27.654-65.881-54.494-99.635-82.554-17.487 42.70
Action.c(35):     1-33.347 82.554-50.021 123.222-41.074-14.64-80.521-28.060-123.222-43.107 0 45.141 0 87.434
Action.c(35):      0 131.355-44.327 2.847-85.808 5.287-129.728 7.727 15.454 41.481 30.5 80.928 45.954 121.59
Action.c(35):     5-40.667 18.3-79.708 35.787-121.188 54.494 30.907 32.94 60.187 63.441 89.061 94.348-30.5 3
Action.c(35):     1.314-60.187 61.814-90.688 93.535 39.447 20.74 78.488 41.074 117.935 61.814-18.707 39.854-
Action.c(35):     36.6 77.268-55.307 115.902 45.954 5.287 88.248 10.167 131.762 15.047-3.253 43.921-6.1 85.4
Action.c(35):     01-9.353 128.915 44.327-13.014 86.214-25.214 128.915-37.414 14.234 42.701 27.654 83.368 41
Action.c(35):     .481 126.068 34.974-26.84 67.914-52.461 101.668-78.894 28.874 33.347 56.527 65.068 85.808 
Action.c(35):     99.228 22.774-38.227 44.327-74.421 66.288-111.021 40.261 22.774 77.674 44.327 117.935 67.1
Action.c(35):     01 8.133-45.141 15.454-86.214 23.18-129.322 41.887 5.693 82.961 11.793 127.288 17.894-6.50
Action.c(35):     7-37.82-11.387-72.388-18.707-106.548-4.067-19.927-0.813-28.874 21.147-31.72 32.94-4.88 65.
Action.c(35):     474-13.42 100.041-21.147-22.774-39.447-43.921-76.048-65.474-113.868 35.787-25.214 70.354-4
Action.c(35):     8.801 106.955-73.608zM245.223 392.032c22.774-6.1 43.514-4.067 61.407 5.287l-10.98 27.247c-
Action.c(35):     14.64-7.727-31.314-8.54-45.954-4.473-13.014 3.253-18.707 10.98-16.267 19.52 6.1 22.774 84.
Action.c(35):     588-14.64 98.821 39.041 6.913 26.434-6.507 51.241-45.141 61.407-27.654 7.32-50.021 3.253-6
Action.c(35):     7.101-6.507l10.573-28.467c13.014 7.727 30.907 12.607 50.834 7.32 17.080-4.473 22.774-14.23
Action.c(35):     4 20.74-22.774-6.507-24.807-84.588 14.64-99.228-39.447-6.913-23.587 8.54-49.207 42.294-58.
Action.c(35):     154zM720.216 614.075l-35.38 9.353-41.887-43.514-22.367 6.1 13.42 51.241-30.5 8.133-38.227-
Action.c(35):     143.555 67.101-17.894c30.094-8.133 53.681 6.507 60.594 33.347 6.507 25.214-5.693 43.107-20
Action.c(35):     .334 51.241l47.581 45.547zM662.469 437.172l-38.227-143.555 101.668-26.84 7.32 26.84-71.168
Action.c(35):      18.707 8.133 30.094 69.541-18.707 7.32 26.84-69.541 18.707 8.54 32.534 71.168-18.707 7.32
Action.c(35):      26.84-102.075 27.247zM570.967 307.851l34.567-9.353-17.080 158.195-38.227 10.167-93.535-12
Action.c(35):     8.915 34.567-9.353 69.134 99.635 10.573-120.375zM501.020 480.28l-34.567 9.353-15.454-21.96
Action.c(35):     -61.407 16.267-2.44 26.84-34.567 9.353 17.080-158.195 38.227-10.167 93.128 128.508zM216.75
Action.c(35):     6 594.148l42.701-11.387 58.967 80.521 10.98-99.228 43.107-11.387 38.227 143.555-30.907 8.1
Action.c(35):     33-27.654-103.701-13.014 114.275-13.42 3.66-67.914-92.315 27.654 103.701-30.5 8.133-38.227
Action.c(35):     -143.962zM413.179 618.955c-11.387-43.107 11.793-82.554 55.307-94.348 43.107-11.387 83.368 
Action.c(35):     10.98 94.755 54.494 11.387 43.107-11.793 82.554-55.307 94.348-43.514 11.387-83.368-10.98-9
Action.c(35):     4.755-54.494zM703.949 464.419l101.668-26.84 7.32 26.84-71.168 18.707 8.133 30.094 69.541-1
Action.c(35):     8.707 7.32 26.84-69.541 18.3 8.54 32.534 71.168-18.707 7.32 26.84-101.668 27.247-38.634-14
Action.c(35):     3.149z",\n
Action.c(35):             "M396.505 387.152l-6.1 67.508 45.141-11.793z",\n
Action.c(35):             "M475.806 551.854c-26.84 6.913-38.227 31.72-31.314 58.967 6.913 26.84 29.687 42.70
Action.c(35):     1 56.121 35.38 26.434-6.913 38.227-32.127 30.907-58.561-6.913-27.247-29.28-42.701-55.714-3
Action.c(35):     5.787z",\n
Action.c(35):             "M635.628 511.593l-32.127 8.54 10.167 38.634 32.127-8.54c12.2-3.253 19.52-13.014 1
Action.c(35):     6.267-25.214-3.253-11.793-14.234-16.674-26.434-13.42z"\n
Action.c(35):           ],\n
Action.c(35):           "attrs": [\n
Action.c(35):             {\n
Action.c(35):               "fill": "rgb(255, 255, 255)"\n
Action.c(35):             },\n
Action.c(35):             {\n
Action.c(35):               "fill": "rgb(255, 255, 255)"\n
Action.c(35):             },\n
Action.c(35):             {\n
Action.c(35):               "fill": "rgb(255, 255, 255)"\n
Action.c(35):             },\n
Action.c(35):             {\n
Action.c(35):               "fill": "rgb(255, 255, 255)"\n
Action.c(35):             },\n
Action.c(35):             {\n
Action.c(35):               "fill": "rgb(255, 255, 255)"\n
Action.c(35):             },\n
Action.c(35):             {\n
Action.c(35):               "fill": "rgb(255, 255, 255)"\n
Action.c(35):             },\n
Action.c(35):             {\n
Action.c(35):               "fill": "rgb(255, 255, 255)"\n
Action.c(35):             },\n
Action.c(35):             {\n
Action.c(35):               "fill": "rgb(255, 255, 255)"\n
Action.c(35):             },\n
Action.c(35):             {\n
Action.c(35):               "fill": "rgb(0, 0, 0)"\n
Action.c(35):             },\n
Action.c(35):             {\n
Action.c(35):               "fill": "rgb(0, 0, 0)"\n
Action.c(35):             },\n
Action.c(35):             {\n
Action.c(35):               "fill": "rgb(0, 0, 0)"\n
Action.c(35):             },\n
Action.c(35):             {\n
Action.c(35):               "fill": "rgb(0, 0, 0)"\n
Action.c(35):             }\n
Action.c(35):           ],\n
Action.c(35):           "width": 1022,\n
Action.c(35):           "isMulticolor": true,\n
Action.c(35):           "grid": 32,\n
Action.c(35):           "tags": [\n
Action.c(35):             "bmsm-sticker"\n
Action.c(35):           ],\n
Action.c(35):           "defaultCode": 60019\n
Action.c(35):         },\n
Action.c(35):         {\n
Action.c(35):           "paths": [\n
Action.c(35):             "M882.478 520.133c0 179.904-164.594 325.744-367.631 325.744s-367.631-145.841-367.6
Action.c(35):     31-325.744c0-179.904 164.594-325.744 367.631-325.744s367.631 145.841 367.631 325.744z",\n
Action.c(35):             "M1004.073 382.272c-40.667-15.047-79.708-29.687-119.968-44.734 14.64-40.667 28.467
Action.c(35):     -80.114 43.107-122.002-44.734 0-86.621 0.407-130.135 0.407-1.627-43.514-2.847-84.994-4.473
Action.c(35):     -129.728-41.074 14.64-80.114 28.874-121.188 43.514-16.674-37.414-33.347-74.421-50.834-113.
Action.c(35):     461-33.347 28.060-64.661 54.901-96.788 82.148-30.094-29.28-59.374-58.154-89.468-87.841-19.
Action.c(35):     52 38.634-37.82 74.421-56.934 111.835-39.041-17.080-76.454-33.754-115.902-51.241-4.88 44.7
Action.c(35):     34-9.76 87.028-14.234 129.728-42.701-2.847-83.774-5.287-127.695-7.727 12.2 42.294 23.18 82
Action.c(35):     .554 34.974 124.035-40.667 13.827-79.301 27.247-120.375 41.074 25.62 34.974 50.427 68.321 
Action.c(35):     75.641 102.888-33.347 28.060-65.881 55.307-100.041 83.774 37.82 22.774 73.608 43.921 108.9
Action.c(35):     88 65.068-20.334 37.82-40.261 74.421-61.001 112.241 42.701 8.947 84.994 17.894 128.102 26.
Action.c(35):     84-7.32 42.701-14.234 82.554-21.147 124.442 45.141-7.32 85.808-14.234 128.508-21.147 8.947
Action.c(35):      42.294 17.080 82.148 25.62 124.442 38.634-23.994 74.828-46.767 111.835-69.541 24.807 36.6
Action.c(35):      47.987 71.168 72.794 107.768 25.62-34.974 50.021-67.914 75.234-101.668 36.194 23.587 70.7
Action.c(35):     61 46.361 107.768 70.761 11.387-41.887 22.367-82.148 32.94-122.408 43.921 10.98 84.994 21.
Action.c(35):     147 129.322 32.127-4.473-44.734-8.54-85.808-12.607-128.508 41.074-5.693 81.741-10.98 124.8
Action.c(35):     48-17.080-16.267-33.754-30.094-65.474-46.361-95.568-9.353-17.487-8.54-26.84 11.387-35.787 
Action.c(35):     30.094-13.42 58.561-30.5 89.061-46.767-31.72-31.314-61.814-60.187-92.315-90.281 27.247-32.
Action.c(35):     94 53.274-64.254 81.334-97.601z",\n
Action.c(35):             "M286.704 537.214l-85.808-114.275 30.907-8.54 63.441 88.248 7.727-108.581 30.907-8
Action.c(35):     .54-13.014 142.335-34.16 9.353z",\n
Action.c(35):             "M396.912 506.307l-36.194-128.102 27.247-7.727 36.194 128.102-27.247 7.727z",\n
Action.c(35):             "M464.013 487.193l-36.194-128.102 90.688-25.62 6.913 23.994-63.441 17.894 7.727 26
Action.c(35):     .84 62.221-17.487 6.913 23.994-62.221 17.487 8.133 29.28 63.441-17.894 6.913 23.994-91.095
Action.c(35):      25.62z",\n
Action.c(35):             "M688.496 423.752l-47.174-81.741 2.44 94.348-28.874 8.133-72.794-117.935 30.5-8.54
Action.c(35):      48.801 86.214-2.033-99.228 21.147-6.1 50.427 85.808-3.66-99.228 30.5-8.54-0.407 138.675-2
Action.c(35):     8.874 8.133z",\n
Action.c(35):             "M297.684 713.709l-36.194-128.102 50.427-14.234c40.261-11.387 75.234 6.507 86.214 
Action.c(35):     44.734 10.98 39.041-9.76 71.981-49.614 83.368l-50.834 14.234zM370.478 623.835c-6.507-22.36
Action.c(35):     7-25.214-36.194-51.241-28.874l-23.587 6.507 22.774 80.114 23.18-6.507c25.214-6.507 34.974-
Action.c(35):     29.28 28.874-51.241z",\n
Action.c(35):             "M450.186 670.602l-36.194-128.102 90.688-25.62 6.913 23.994-63.441 17.894 7.727 26
Action.c(35):     .84 62.221-17.487 6.913 23.994-62.221 17.487 8.133 29.28 63.441-17.894 6.913 23.994-91.095
Action.c(35):      25.62z",\n
Action.c(35):             "M665.315 610.008l-14.234-19.52-54.901 15.454-2.033 23.994-30.907 8.54 13.014-142.
Action.c(35):     335 34.16-9.76 85.808 114.275-30.907 9.353zM601.468 518.913l-4.473 61.001 39.854-11.387-35
Action.c(35):     .38-49.614z",\n
Action.c(35):             "M721.843 594.148l-36.194-128.102 27.654-7.727 29.28 104.108 54.087-15.454 6.913 2
Action.c(35):     3.994-81.741 23.18z"\n
Action.c(35):           ],\n
Action.c(35):           "attrs": [\n
Action.c(35):             {\n
Action.c(35):               "fill": "rgb(255, 255, 255)"\n
Action.c(35):             },\n
Action.c(35):             {\n
Action.c(35):               "fill": "rgb(0, 0, 0)"\n
Action.c(35):             },\n
Action.c(35):             {\n
Action.c(35):               "fill": "rgb(255, 255, 255)"\n
Action.c(35):             },\n
Action.c(35):             {\n
Action.c(35):               "fill": "rgb(255, 255, 255)"\n
Action.c(35):             },\n
Action.c(35):             {\n
Action.c(35):               "fill": "rgb(255, 255, 255)"\n
Action.c(35):             },\n
Action.c(35):             {\n
Action.c(35):               "fill": "rgb(255, 255, 255)"\n
Action.c(35):             },\n
Action.c(35):             {\n
Action.c(35):               "fill": "rgb(255, 255, 255)"\n
Action.c(35):             },\n
Action.c(35):             {\n
Action.c(35):               "fill": "rgb(255, 255, 255)"\n
Action.c(35):             },\n
Action.c(35):             {\n
Action.c(35):               "fill": "rgb(255, 255, 255)"\n
Action.c(35):             },\n
Action.c(35):             {\n
Action.c(35):               "fill": "rgb(255, 255, 255)"\n
Action.c(35):             }\n
Action.c(35):           ],\n
Action.c(35):           "width": 1022,\n
Action.c(35):           "isMulticolor": true,\n
Action.c(35):           "grid": 32,\n
Action.c(35):           "tags": [\n
Action.c(35):             "view-deal-sticker"\n
Action.c(35):           ],\n
Action.c(35):           "defaultCode": 60031\n
Action.c(35):         },\n
Action.c(35):         {\n
Action.c(35):           "paths":[\n
Action.c(35):             "M1024 511.988c0-282.758-229.232-511.988-512-511.988s-512 229.23-512 511.988c0 282
Action.c(35):     .778 229.228 512.012 512 512.012s512-229.234 512-512.012zM938.667 511.988c0 235.651-191.02
Action.c(35):     3 426.679-426.667 426.679s-426.667-191.028-426.667-426.679c0-235.63 191.027-426.654 426.66
Action.c(35):     7-426.654s426.667 191.025 426.667 426.654zM469.338 725.168c0 23.564 19.103 42.666 42.667 4
Action.c(35):     2.666s42.666-19.103 42.666-42.667l-0.004-234.5c0-23.564-19.103-42.666-42.667-42.666s-42.66
Action.c(35):     6 19.103-42.666 42.667l0.004 234.5zM469.338 338.164c0 25.314 19.103 45.836 42.667 45.836s4
Action.c(35):     2.667-20.521 42.667-45.836v-36.329c0-25.314-19.103-45.836-42.667-45.836s-42.667 20.521-42.
Action.c(35):     667 45.836v36.329z"\n
Action.c(35):           ],\n
Action.c(35):           "grid": 32,\n
Action.c(35):           "width": 1024,\n
Action.c(35):           "defaultCode": 60041,\n
Action.c(35):           "tags": [\n
Action.c(35):             "tool-tip"\n
Action.c(35):           ]\n
Action.c(35):         }\n
Action.c(35):       ],\n
Action.c(35):       "colorThemes": [],\n
Action.c(35):       "colorThemeIdx": 0,\n
Action.c(35):       "preferences": {\n
Action.c(35):         "showGlyphs": true,\n
Action.c(35):         "showQuickUse": true,\n
Action.c(35):         "showQuickUse2": true,\n
Action.c(35):         "showSVGs": true,\n
Action.c(35):         "fontPref": {\n
Action.c(35):           "prefix": "icon-",\n
Action.c(35):           "metadata": {\n
Action.c(35):             "fontFamily": "icomoon"\n
Action.c(35):           },\n
Action.c(35):           "metrics": {\n
Action.c(35):             "emSize": 1024,\n
Action.c(35):             "baseline": 14.306640625,\n
Action.c(35):             "whitespace": 33.447265625\n
Action.c(35):           },\n
Action.c(35):           "embed": false\n
Action.c(35):         },\n
Action.c(35):         "imagePref": {\n
Action.c(35):           "prefix": "icon-",\n
Action.c(35):           "png": true,\n
Action.c(35):           "useClassSelector": true,\n
Action.c(35):           "color": 7763574,\n
Action.c(35):           "bgColor": 16777215,\n
Action.c(35):           "classSelector": ".icon",\n
Action.c(35):           "height": 32,\n
Action.c(35):           "columns": 16,\n
Action.c(35):           "margin": 16,\n
Action.c(35):           "name": "icomoon",\n
Action.c(35):           "minifyJs": false,\n
Action.c(35):           "pdf": false\n
Action.c(35):         },\n
Action.c(35):         "historySize": 100,\n
Action.c(35):         "showCodes": true,\n
Action.c(35):         "gridSize": 16,\n
Action.c(35):         "showGrid": true\n
Action.c(35):       },\n
Action.c(35):       "IcoMoonType": "icon-set"\n
Action.c(35):     }
Action.c(35): web_custom_request("PeapodIcons.json") was successful, 218778 body bytes, 724 header bytes  	[MsgId: MMSG-26386]
Action.c(44): web_custom_request("PPOD") started  	[MsgId: MMSG-26355]
Action.c(44): t=10152ms: 592-byte response headers for "https://stage.peapod.com/apis/site-config-api/opcos/PPOD" (RelFrameId=1, Internal ID=4)
Action.c(44):     HTTP/1.1 200 OK\r\n
Action.c(44):     Date: Sun, 24 Nov 2019 16:39:27 GMT\r\n
Action.c(44):     Content-Type: application/json;charset=UTF-8\r\n
Action.c(44):     Transfer-Encoding: chunked\r\n
Action.c(44):     Connection: keep-alive\r\n
Action.c(44):     Last-Modified: Wed, 20 Nov 2019 22:17:07 GMT\r\n
Action.c(44):     X-XSS-Protection: 1; mode=block\r\n
Action.c(44):     X-Content-Type-Options: nosniff\r\n
Action.c(44):     Strict-Transport-Security: max-age=86400; includeSubDomains\r\n
Action.c(44):     Content-Security-Policy: frame-ancestors 'self' *.giantfood.com\r\n
Action.c(44):     CF-Cache-Status: DYNAMIC\r\n
Action.c(44):     Expect-CT: max-age=604800, report-uri="https://report-uri.cloudflare.com/cdn-cgi/beacon/ex
Action.c(44):     pect-ct"\r\n
Action.c(44):     Server: cloudflare\r\n
Action.c(44):     CF-RAY: 53acd1ad6e4dea38-IAD\r\n
Action.c(44):     Content-Encoding: gzip\r\n
Action.c(44):     \r\n
Action.c(44): t=10155ms: 772-byte ENCODED response body received for "https://stage.peapod.com/apis/site-config-api/opcos/PPOD" (RelFrameId=1, Internal ID=4)
Action.c(44): t=10155ms: 2603-byte DECODED response body for "https://stage.peapod.com/apis/site-config-api/opcos/PPOD" (RelFrameId=1, Internal ID=4)
Action.c(44):     [{"name":"brand_android_app_link","value":"https://play.google.com/store/apps/details?id=c
Action.c(44):     om.peapod.app.mobile.droid"},{"name":"brand_associate_connect_link","value":""},{"name":"b
Action.c(44):     rand_base_url","value":"www.peapod.com"},{"name":"brand_company_name","value":"Peapod, LLC
Action.c(44):     "},{"name":"brand_delivery_service_name","value":"Peapod Delivery"},{"name":"brand_faceboo
Action.c(44):     k_link","value":"https://www.facebook.com/PeapodDelivers"},{"name":"brand_google_play_stor
Action.c(44):     e_id","value":"com.peapod.app.mobile.droid"},{"name":"brand_help_hours","value":""},{"name
Action.c(44):     ":"brand_help_phone_link_text","value":"1-800-5-PEAPOD"},{"name":"brand_help_phone_number"
Action.c(44):     ,"value":"1-800-573-2763"},{"name":"brand_instagram_link","value":"https://www.instagram.c
Action.c(44):     om/peapoddelivers/"},{"name":"brand_ios_app_link","value":"https://apps.apple.com/us/app/p
Action.c(44):     eapod/id386315393"},{"name":"brand_itunes_store_id","value":"386315393"},{"name":"brand_mo
Action.c(44):     bile_version","value":"2.2.0"},{"name":"brand_name","value":"Peapod"},{"name":"brand_new_s
Action.c(44):     uppliers_link","value":"https://www.rangeme.com/aholddelhaizeusbrands"},{"name":"brand_pha
Action.c(44):     rmacy_android_fallback_link","value":""},{"name":"brand_pharmacy_ios_fallback_link","value
Action.c(44):     ":""},{"name":"brand_pickup_service_name","value":"Peapod Pick-up"},{"name":"brand_pintere
Action.c(44):     st_link","value":"https://www.pinterest.com/peapoddelivers/"},{"name":"brand_rewards_gas_s
Action.c(44):     avings_title","value":""},{"name":"brand_rewards_grocery_id","value":"0"},{"name":"brand_r
Action.c(44):     ewards_grocery_max_points","value":"0"},{"name":"brand_rewards_grocery_title","value":""},
Action.c(44):     {"name":"brand_rewards_points_id","value":"0"},{"name":"brand_rewards_points_type","value"
Action.c(44):     :""},{"name":"brand_rewards_program_name","value":""},{"name":"brand_rewards_special_offer
Action.c(44):     s_title","value":""},{"name":"brand_scanit_android_fallback_link","value":""},{"name":"bra
Action.c(44):     nd_scanit_ios_fallback_link","value":""},{"name":"brand_site_description","value":"Peapod 
Action.c(44):     offers convenient online grocery shopping. We carry fresh, healthy foods, and supermarket 
Action.c(44):     staples from your favorite brands all available for delivery."},{"name":"brand_site_title"
Action.c(44):     ,"value":"Grocery Delivery Service | Online Grocery Ordering | Peapod"},{"name":"brand_twi
Action.c(44):     tter_link","value":"https://twitter.com/PeapodDelivers"},{"name":"brand_youtube_link","val
Action.c(44):     ue":"https://www.youtube.com/user/peapoddelivery"},{"name":"config_available_service_types
Action.c(44):     ","value":"P,D"},{"name":"config_email_logo","value":"/c/V9/V9QQG.gif"},{"name":"config_em
Action.c(44):     ail_tagline_themed","value":"Grocery Shop."},{"name":"config_email_tagline_unthemed","valu
Action.c(44):     e":"Anytime. Anywhere."},{"name":"config_email_theme","value":"PPOD"},{"name":"doma
Action.c(44): t=10160ms: 213-byte ENCODED response body received for "https://stage.peapod.com/apis/site-config-api/opcos/PPOD" (RelFrameId=1, Internal ID=4)
Action.c(44): t=10160ms: 1143-byte DECODED response body for "https://stage.peapod.com/apis/site-config-api/opcos/PPOD" (RelFrameId=1, Internal ID=4)
Action.c(44):     in_config_baseURL","value":"https://www.peapod.com"},{"name":"domain_config_card_enabled",
Action.c(44):     "value":"false"},{"name":"domain_config_gateway_enabled","value":"true"},{"name":"domain_c
Action.c(44):     onfig_migrated","value":"false"},{"name":"domain_config_site_transition","value":"false"},
Action.c(44):     {"name":"feature_all_specials","value":"false"},{"name":"feature_aplus","value":"false"},{
Action.c(44):     "name":"feature_article_search","value":"true"},{"name":"feature_catering","value":"false"
Action.c(44):     },{"name":"feature_coupon_search","value":"false"},{"name":"feature_coupons","value":"true
Action.c(44):     "},{"name":"feature_giftcards","value":"false"},{"name":"feature_loyalty_registration","va
Action.c(44):     lue":"false"},{"name":"feature_pharmacy","value":"false"},{"name":"feature_product_recall"
Action.c(44):     ,"value":"false"},{"name":"feature_product_tile_loadable_coupon","value":"false"},{"name":
Action.c(44):     "feature_rewards_zone_fuel","value":"false"},{"name":"feature_rewards","value":"false"},{"
Action.c(44):     name":"feature_savings","value":"false"},{"name":"feature_store_locator","value":"false"},
Action.c(44):     {"name":"feature_weekly_ad_coupons","value":"false"},{"name":"feature_weekly_ad","value":"
Action.c(44):     false"},{"name":"service_enabled_router_site","value":"false"}]
Action.c(44): web_custom_request("PPOD") was successful, 985 body bytes, 592 header bytes  	[MsgId: MMSG-26386]
Action.c(53): web_custom_request("cms_2") started  	[MsgId: MMSG-26355]
Action.c(53): t=11245ms: 752-byte response headers for "https://stage.peapod.com/api/v2.0/cms?regions=%7B%22gateway_page_content%22:%7B%22limit%22:1,%22ff%22:%7B%22Landing+Page+Id%22:%5B%22default%22%5D%7D%7D%7D" (RelFrameId=1, Internal ID=5)
Action.c(53):     HTTP/1.1 200 OK\r\n
Action.c(53):     Date: Sun, 24 Nov 2019 16:39:28 GMT\r\n
Action.c(53):     Content-Type: application/json;charset=utf-8\r\n
Action.c(53):     Transfer-Encoding: chunked\r\n
Action.c(53):     Connection: keep-alive\r\n
Action.c(53):     Strict-Transport-Security: max-age=63072000; includeSubdomains;\r\n
Action.c(53):     access-control-allow-credentials: true\r\n
Action.c(53):     access-control-allow-origin:\r\n
Action.c(53):     expires: 0\r\n
Action.c(53):     Vary: Accept-Encoding,User-Agent\r\n
Action.c(53):     Content-Encoding: gzip\r\n
Action.c(53):     Cache-Control: no-store\r\n
Action.c(53):     X-XSS-Protection: 1; mode=block\r\n
Action.c(53):     X-Content-Type-Options: nosniff\r\n
Action.c(53):     Strict-Transport-Security: max-age=86400; includeSubDomains\r\n
Action.c(53):     Content-Security-Policy: frame-ancestors 'self' *.giantfood.com\r\n
Action.c(53):     CF-Cache-Status: DYNAMIC\r\n
Action.c(53):     Expect-CT: max-age=604800, report-uri="https://report-uri.cloudflare.com/cdn-cgi/beacon/ex
Action.c(53):     pect-ct"\r\n
Action.c(53):     Server: cloudflare\r\n
Action.c(53):     CF-RAY: 53acd1b41f0c2466-IAD\r\n
Action.c(53):     \r\n
Action.c(53): t=11249ms: 611-byte ENCODED response body received for "https://stage.peapod.com/api/v2.0/cms?regions=%7B%22gateway_page_content%22:%7B%22limit%22:1,%22ff%22:%7B%22Landing+Page+Id%22:%5B%22default%22%5D%7D%7D%7D" (RelFrameId=1, Internal ID=5)
Action.c(53): t=11249ms: 1155-byte DECODED response body for "https://stage.peapod.com/api/v2.0/cms?regions=%7B%22gateway_page_content%22:%7B%22limit%22:1,%22ff%22:%7B%22Landing+Page+Id%22:%5B%22default%22%5D%7D%7D%7D" (RelFrameId=1, Internal ID=5)
Action.c(53):     {"response":{"regionContents":[{"region":"gateway_page_content","contents":[{"map":{"Frien
Action.c(53):     dly Tracking Description":"CMS Gateway Page - Default","moduleType":"Content: Gateway Page
Action.c(53):     ","Customer Status":{"myArrayList":["New Customer","Existing Customer"]},"Approved":"2019-
Action.c(53):     11-07T10:40:05.395-0600","Test script field (migration)":"CS-2584","Site_Location":"gatewa
Action.c(53):     y_page_content","Customer Type":{"myArrayList":["Consumer","Merchant"]},"scheduledContentD
Action.c(53):     ata":{"map":{"Content ID - Medium":"2702455:MX9CK.png","Gateway Value Proposition":"Shop f
Action.c(53):     or thousands of grocery items for your home or business","Content ID - Small":"2709734:YGY
Action.c(53):     T5.png","parts":{"myArrayList":[]},"id":"290701","Content ID - Large":"2702454:XYTSO.png",
Action.c(53):     "Test script field (migration)":"CS-28963","Content ID - Max":"2702454:XYTSO.png","Content
Action.c(53):      ID - XLarge":"2702454:XYTSO.png","key":"CS-28963"}},"Scheduled_Priority":"1","Start Date"
Action.c(53):     :"2016-02-19","Content_Active":"Yes","End Date":"2029-05-19","Sent to QA":"2019-11-07T13:5
Action.c(53):     4:56.335-0600","Landing Page Id":"default","id":"162575","StoreCodes":{"myArrayList":[]},"
Action.c(53):     key":"CS-2584"}}]}],"resultCount":1},"sessionId":"IIFRJAZ4OWS4UCWWM4JCF3Q"}
Action.c(53): t=11251ms: 1-byte ENCODED response body received for "https://stage.peapod.com/api/v2.0/cms?regions=%7B%22gateway_page_content%22:%7B%22limit%22:1,%22ff%22:%7B%22Landing+Page+Id%22:%5B%22default%22%5D%7D%7D%7D" (RelFrameId=1, Internal ID=5)
Action.c(53): web_custom_request("cms_2") was successful, 612 body bytes, 752 header bytes  	[MsgId: MMSG-26386]
Action.c(62): web_custom_request("cms_3") started  	[MsgId: MMSG-26355]
Action.c(62): t=12385ms: 752-byte response headers for "https://stage.peapod.com/api/v2.0/cms?regions=%7B%22gateway_promo_overlay%22:%7B%22limit%22:1,%22ff%22:%7B%22Landing+Page+Id%22:%5B%22default%22%5D%7D%7D%7D" (RelFrameId=1, Internal ID=6)
Action.c(62):     HTTP/1.1 200 OK\r\n
Action.c(62):     Date: Sun, 24 Nov 2019 16:39:29 GMT\r\n
Action.c(62):     Content-Type: application/json;charset=utf-8\r\n
Action.c(62):     Transfer-Encoding: chunked\r\n
Action.c(62):     Connection: keep-alive\r\n
Action.c(62):     Strict-Transport-Security: max-age=63072000; includeSubdomains;\r\n
Action.c(62):     access-control-allow-credentials: true\r\n
Action.c(62):     access-control-allow-origin:\r\n
Action.c(62):     expires: 0\r\n
Action.c(62):     Vary: Accept-Encoding,User-Agent\r\n
Action.c(62):     Content-Encoding: gzip\r\n
Action.c(62):     Cache-Control: no-store\r\n
Action.c(62):     X-XSS-Protection: 1; mode=block\r\n
Action.c(62):     X-Content-Type-Options: nosniff\r\n
Action.c(62):     Strict-Transport-Security: max-age=86400; includeSubDomains\r\n
Action.c(62):     Content-Security-Policy: frame-ancestors 'self' *.giantfood.com\r\n
Action.c(62):     CF-Cache-Status: DYNAMIC\r\n
Action.c(62):     Expect-CT: max-age=604800, report-uri="https://report-uri.cloudflare.com/cdn-cgi/beacon/ex
Action.c(62):     pect-ct"\r\n
Action.c(62):     Server: cloudflare\r\n
Action.c(62):     CF-RAY: 53acd1bb5ab5cee0-IAD\r\n
Action.c(62):     \r\n
Action.c(62): t=12388ms: 611-byte ENCODED response body received for "https://stage.peapod.com/api/v2.0/cms?regions=%7B%22gateway_promo_overlay%22:%7B%22limit%22:1,%22ff%22:%7B%22Landing+Page+Id%22:%5B%22default%22%5D%7D%7D%7D" (RelFrameId=1, Internal ID=6)
Action.c(62): t=12388ms: 1101-byte DECODED response body for "https://stage.peapod.com/api/v2.0/cms?regions=%7B%22gateway_promo_overlay%22:%7B%22limit%22:1,%22ff%22:%7B%22Landing+Page+Id%22:%5B%22default%22%5D%7D%7D%7D" (RelFrameId=1, Internal ID=6)
Action.c(62):     {"response":{"regionContents":[{"region":"gateway_promo_overlay","contents":[{"map":{"Frie
Action.c(62):     ndly Tracking Description":"Gateway Promo Overlay - $20 off $75 + 60 Days FD (min $60) - D
Action.c(62):     efault","moduleType":"Content: Container","Customer Status":{"myArrayList":["New Customer"
Action.c(62):     ,"Existing Customer"]},"Approved":"2019-04-25T14:50:53.158-0500","Test Scripted Field":"<h
Action.c(62):     2>new value</h2>","Test script field (migration)":"CS-46775","Site_Location":"gateway_prom
Action.c(62):     o_overlay","Customer Type":{"myArrayList":["Consumer","Merchant"]},"scheduledContentData":
Action.c(62):     {"map":{"Friendly Tracking Description":"Gateway Promo Overlay: Default","parts":{"myArray
Action.c(62):     List":[{"map":{"moduleType":"Content Module: Copy Block","Copy Block":"$20 offer valid on 
Action.c(62):     first order of $75 or more (before taxes and after all other coupons and savings are appli
Action.c(62):     ed). We'll waive your Delivery and Pick-up fee on first order and then on all subsequent o
Action.c(62):     rders of $60 or or more if placed within 60 days of first order. Valid for first-time resi
Action.c(62):     dential customers only. Offer excludes alcoholic beverages, gift cards, postage stamps and
Action.c(62):      any other purchases 
Action.c(62): t=12390ms: 291-byte ENCODED response body received for "https://stage.peapod.com/api/v2.0/cms?regions=%7B%22gateway_promo_overlay%22:%7B%22limit%22:1,%22ff%22:%7B%22Landing+Page+Id%22:%5B%22default%22%5D%7D%7D%7D" (RelFrameId=1, Internal ID=6)
Action.c(62): t=12390ms: 691-byte DECODED response body for "https://stage.peapod.com/api/v2.0/cms?regions=%7B%22gateway_promo_overlay%22:%7B%22limit%22:1,%22ff%22:%7B%22Landing+Page+Id%22:%5B%22default%22%5D%7D%7D%7D" (RelFrameId=1, Internal ID=6)
Action.c(62):     prohibited by law. Offer is not transferable. Limit one per household. Enter code at first
Action.c(62):      order checkout . Not valid with any other offer. Expires 6/30/20.","Test Scripted Field":
Action.c(62):     "<h2>new value</h2>","id":"318513","Test script field (migration)":"CS-46755","key":"CS-46
Action.c(62):     755"}}]},"Test Scripted Field":"<h2>new value</h2>","id":"318512","Test script field (migr
Action.c(62):     ation)":"CS-46754","key":"CS-46754"}},"Scheduled_Priority":"1","Start Date":"2018-08-23","
Action.c(62):     Content_Active":"Yes","End Date":"2029-12-31","Sent to QA":"2019-06-26T14:08:16.843-0500",
Action.c(62):     "Landing Page Id":"default","id":"318536","StoreCodes":{"myArrayList":[]},"key":"CS-46775"
Action.c(62):     }}]}],"resultCount":1},"sessionId":"IIFRJAZ4OWS4UCWWM4JCF3Q"}
Action.c(62): web_custom_request("cms_3") was successful, 902 body bytes, 752 header bytes  	[MsgId: MMSG-26386]
Action.c(71): web_custom_request("cms_4") started  	[MsgId: MMSG-26355]
Action.c(71): t=13433ms: 752-byte response headers for "https://stage.peapod.com/api/v2.0/cms?regions=%7B%22gateway_marketing_content%22:%7B%22limit%22:1,%22ff%22:%7B%22Landing+Page+Id%22:%5B%22default%22%5D%7D%7D%7D" (RelFrameId=1, Internal ID=7)
Action.c(71):     HTTP/1.1 200 OK\r\n
Action.c(71):     Date: Sun, 24 Nov 2019 16:39:30 GMT\r\n
Action.c(71):     Content-Type: application/json;charset=utf-8\r\n
Action.c(71):     Transfer-Encoding: chunked\r\n
Action.c(71):     Connection: keep-alive\r\n
Action.c(71):     Strict-Transport-Security: max-age=63072000; includeSubdomains;\r\n
Action.c(71):     access-control-allow-credentials: true\r\n
Action.c(71):     access-control-allow-origin:\r\n
Action.c(71):     expires: 0\r\n
Action.c(71):     Vary: Accept-Encoding,User-Agent\r\n
Action.c(71):     Content-Encoding: gzip\r\n
Action.c(71):     Cache-Control: no-store\r\n
Action.c(71):     X-XSS-Protection: 1; mode=block\r\n
Action.c(71):     X-Content-Type-Options: nosniff\r\n
Action.c(71):     Strict-Transport-Security: max-age=86400; includeSubDomains\r\n
Action.c(71):     Content-Security-Policy: frame-ancestors 'self' *.giantfood.com\r\n
Action.c(71):     CF-Cache-Status: DYNAMIC\r\n
Action.c(71):     Expect-CT: max-age=604800, report-uri="https://report-uri.cloudflare.com/cdn-cgi/beacon/ex
Action.c(71):     pect-ct"\r\n
Action.c(71):     Server: cloudflare\r\n
Action.c(71):     CF-RAY: 53acd1c1782d95ae-IAD\r\n
Action.c(71):     \r\n
Action.c(71): t=13436ms: 142-byte ENCODED response body received for "https://stage.peapod.com/api/v2.0/cms?regions=%7B%22gateway_marketing_content%22:%7B%22limit%22:1,%22ff%22:%7B%22Landing+Page+Id%22:%5B%22default%22%5D%7D%7D%7D" (RelFrameId=1, Internal ID=7)
Action.c(71): t=13436ms: 140-byte DECODED response body for "https://stage.peapod.com/api/v2.0/cms?regions=%7B%22gateway_marketing_content%22:%7B%22limit%22:1,%22ff%22:%7B%22Landing+Page+Id%22:%5B%22default%22%5D%7D%7D%7D" (RelFrameId=1, Internal ID=7)
Action.c(71):     {"response":{"regionContents":[{"region":"gateway_marketing_content","contents":[]}],"resu
Action.c(71):     ltCount":0},"sessionId":"IIFRJAZ4OWS4UCWWM4JCF3Q"}
Action.c(71): web_custom_request("cms_4") was successful, 142 body bytes, 752 header bytes  	[MsgId: MMSG-26386]
Action.c(80): web_custom_request("cms_5") started  	[MsgId: MMSG-26355]
Action.c(80): t=14521ms: 752-byte response headers for "https://stage.peapod.com/api/v2.0/cms?regions=%7B%22resource_bundle%22:%7B%7D%7D" (RelFrameId=1, Internal ID=8)
Action.c(80):     HTTP/1.1 200 OK\r\n
Action.c(80):     Date: Sun, 24 Nov 2019 16:39:32 GMT\r\n
Action.c(80):     Content-Type: application/json;charset=utf-8\r\n
Action.c(80):     Transfer-Encoding: chunked\r\n
Action.c(80):     Connection: keep-alive\r\n
Action.c(80):     Strict-Transport-Security: max-age=63072000; includeSubdomains;\r\n
Action.c(80):     access-control-allow-credentials: true\r\n
Action.c(80):     access-control-allow-origin:\r\n
Action.c(80):     expires: 0\r\n
Action.c(80):     Vary: Accept-Encoding,User-Agent\r\n
Action.c(80):     Content-Encoding: gzip\r\n
Action.c(80):     Cache-Control: no-store\r\n
Action.c(80):     X-XSS-Protection: 1; mode=block\r\n
Action.c(80):     X-Content-Type-Options: nosniff\r\n
Action.c(80):     Strict-Transport-Security: max-age=86400; includeSubDomains\r\n
Action.c(80):     Content-Security-Policy: frame-ancestors 'self' *.giantfood.com\r\n
Action.c(80):     CF-Cache-Status: DYNAMIC\r\n
Action.c(80):     Expect-CT: max-age=604800, report-uri="https://report-uri.cloudflare.com/cdn-cgi/beacon/ex
Action.c(80):     pect-ct"\r\n
Action.c(80):     Server: cloudflare\r\n
Action.c(80):     CF-RAY: 53acd1c88fb6cec4-IAD\r\n
Action.c(80):     \r\n
Action.c(80): t=14525ms: 135-byte ENCODED response body received for "https://stage.peapod.com/api/v2.0/cms?regions=%7B%22resource_bundle%22:%7B%7D%7D" (RelFrameId=1, Internal ID=8)
Action.c(80): t=14525ms: 130-byte DECODED response body for "https://stage.peapod.com/api/v2.0/cms?regions=%7B%22resource_bundle%22:%7B%7D%7D" (RelFrameId=1, Internal ID=8)
Action.c(80):     {"response":{"regionContents":[{"region":"resource_bundle","contents":[]}],"resultCount":0
Action.c(80):     },"sessionId":"IIFRJAZ4OWS4UCWWM4JCF3Q"}
Action.c(80): web_custom_request("cms_5") was successful, 135 body bytes, 752 header bytes  	[MsgId: MMSG-26386]
Action.c(89): web_custom_request("cms_6") started  	[MsgId: MMSG-26355]
Action.c(89): t=15391ms: 752-byte response headers for "https://stage.peapod.com/api/v2.0/cms?regions=%7B%22resource_bundle%22:%7B%7D%7D" (RelFrameId=1, Internal ID=9)
Action.c(89):     HTTP/1.1 200 OK\r\n
Action.c(89):     Date: Sun, 24 Nov 2019 16:39:32 GMT\r\n
Action.c(89):     Content-Type: application/json;charset=utf-8\r\n
Action.c(89):     Transfer-Encoding: chunked\r\n
Action.c(89):     Connection: keep-alive\r\n
Action.c(89):     Strict-Transport-Security: max-age=63072000; includeSubdomains;\r\n
Action.c(89):     access-control-allow-credentials: true\r\n
Action.c(89):     access-control-allow-origin:\r\n
Action.c(89):     expires: 0\r\n
Action.c(89):     Vary: Accept-Encoding,User-Agent\r\n
Action.c(89):     Content-Encoding: gzip\r\n
Action.c(89):     Cache-Control: no-store\r\n
Action.c(89):     X-XSS-Protection: 1; mode=block\r\n
Action.c(89):     X-Content-Type-Options: nosniff\r\n
Action.c(89):     Strict-Transport-Security: max-age=86400; includeSubDomains\r\n
Action.c(89):     Content-Security-Policy: frame-ancestors 'self' *.giantfood.com\r\n
Action.c(89):     CF-Cache-Status: DYNAMIC\r\n
Action.c(89):     Expect-CT: max-age=604800, report-uri="https://report-uri.cloudflare.com/cdn-cgi/beacon/ex
Action.c(89):     pect-ct"\r\n
Action.c(89):     Server: cloudflare\r\n
Action.c(89):     CF-RAY: 53acd1ce3a76cf44-IAD\r\n
Action.c(89):     \r\n
Action.c(89): t=15395ms: 135-byte ENCODED response body received for "https://stage.peapod.com/api/v2.0/cms?regions=%7B%22resource_bundle%22:%7B%7D%7D" (RelFrameId=1, Internal ID=9)
Action.c(89): t=15395ms: 130-byte DECODED response body for "https://stage.peapod.com/api/v2.0/cms?regions=%7B%22resource_bundle%22:%7B%7D%7D" (RelFrameId=1, Internal ID=9)
Action.c(89):     {"response":{"regionContents":[{"region":"resource_bundle","contents":[]}],"resultCount":0
Action.c(89):     },"sessionId":"IIFRJAZ4OWS4UCWWM4JCF3Q"}
Action.c(89): web_custom_request("cms_6") was successful, 135 body bytes, 752 header bytes  	[MsgId: MMSG-26386]
Action.c(98): web_custom_request("%7B%7B%20appLink.image.src%20%7D%7D") started  	[MsgId: MMSG-26355]
Action.c(98): t=16581ms: 1335-byte response headers for "https://stage.peapod.com/%7B%7B%20appLink.image.src%20%7D%7D" (RelFrameId=1, Internal ID=10)
Action.c(98):     HTTP/1.1 200 OK\r\n
Action.c(98):     Date: Sun, 24 Nov 2019 16:39:34 GMT\r\n
Action.c(98):     Content-Type: text/html\r\n
Action.c(98):     Transfer-Encoding: chunked\r\n
Action.c(98):     Connection: keep-alive\r\n
Action.c(98):     Strict-Transport-Security: max-age=63072000; includeSubdomains;\r\n
Action.c(98):     Pragma: no-cache\r\n
Action.c(98):     Cache-Control: no-store\r\n
Action.c(98):     Expires: Tue, 04 Dec 1993 21:29:02 GMT\r\n
Action.c(98):     CacheControl: no-store\r\n
Action.c(98):     Set-Cookie: peapodCookie20=83a94e67-4862-4378-92d1-98ad347d4f99; domain=.peapod.com; expir
Action.c(98):     es=Tue, 23-Nov-2021 16:39:37 GMT; path=/; HttpOnly; Secure\r\n
Action.c(98):     Set-Cookie: stype=1; domain=.peapod.com; expires=Tue, 23-Nov-2021 16:39:37 GMT; path=/; Ht
Action.c(98):     tpOnly; Secure\r\n
Action.c(98):     Set-Cookie: ppdtk=uCvzgtN404n34eIpPrBJ4c6WLXFf8mbcqJe+x2HJIOAYqVURwK7udoc4bWpU9iYS; domain
Action.c(98):     =stage.peapod.com; expires=Sat, 19-Nov-2039 16:39:37 GMT; path=/; HttpOnly; Secure\r\n
Action.c(98):     Set-Cookie: ppdtk=uCvzgtN404n34eIpPrBJ4c6WLXFf8mbcqJe+x2HJIOAYqVURwK7udoc4bWpU9iYS; domain
Action.c(98):     =stage.peapod.com; expires=Sat, 19-Nov-2039 16:39:37 GMT; path=/; HttpOnly; Secure\r\n
Action.c(98):     Vary: Accept-Encoding,User-Agent\r\n
Action.c(98):     X-XSS-Protection: 1; mode=block\r\n
Action.c(98):     X-Content-Type-Options: nosniff\r\n
Action.c(98):     Strict-Transport-Security: max-age=86400; includeSubDomains\r\n
Action.c(98):     Content-Security-Policy: frame-ancestors 'self' *.giantfood.com\r\n
Action.c(98):     CF-Cache-Status: DYNAMIC\r\n
Action.c(98):     Expect-CT: max-age=604800, report-uri="https://report-uri.cloudflare.com/cdn-cgi/beacon/ex
Action.c(98):     pect-ct"\r\n
Action.c(98):     Server: cloudflare\r\n
Action.c(98):     CF-RAY: 53acd1d4df3cea92-IAD\r\n
Action.c(98):     Content-Encoding: gzip\r\n
Action.c(98):     \r\n
Action.c(98): t=16585ms: 5617-byte ENCODED response body received for "https://stage.peapod.com/%7B%7B%20appLink.image.src%20%7D%7D" (RelFrameId=1, Internal ID=10)
Action.c(98): t=16585ms: 12288-byte DECODED response body for "https://stage.peapod.com/%7B%7B%20appLink.image.src%20%7D%7D" (RelFrameId=1, Internal ID=10)
Action.c(98):     \n
Action.c(98):     \n
Action.c(98):     \n
Action.c(98):     \n
Action.c(98):     \n
Action.c(98):     \n
Action.c(98):     \n
Action.c(98):     \n
Action.c(98):     \n
Action.c(98):     \n
Action.c(98):     \n
Action.c(98):     \n
Action.c(98):     \n
Action.c(98):     \n
Action.c(98):     \n
Action.c(98):     \n
Action.c(98):     \n
Action.c(98):     \n
Action.c(98):     \n
Action.c(98):     \n
Action.c(98):     \n
Action.c(98):     \n
Action.c(98):     \n
Action.c(98):     \n
Action.c(98):     \n
Action.c(98):     \n
Action.c(98):         \n
Action.c(98):     \n
Action.c(98):     \n
Action.c(98):         \n
Action.c(98):     \n
Action.c(98):     \n
Action.c(98):     \t\t\n
Action.c(98):     \t\t\n
Action.c(98):     \t\t\n
Action.c(98):     \t\t\n
Action.c(98):     \t\t\n
Action.c(98):     \t\t\n
Action.c(98):     \t\t\n
Action.c(98):     \t\t\n
Action.c(98):     \t\t\n
Action.c(98):     \t\t\n
Action.c(98):     \t\t\n
Action.c(98):     \t\t\n
Action.c(98):     \t\t\n
Action.c(98):     \t\t\n
Action.c(98):     \t\t\n
Action.c(98):     \t\t\n
Action.c(98):     \t\t\n
Action.c(98):     \t\t\n
Action.c(98):     \t\t\n
Action.c(98):     \t\t\n
Action.c(98):     \t\t\n
Action.c(98):     \t\t\n
Action.c(98):     \n
Action.c(98):     \t\t\n
Action.c(98):     \t\t\n
Action.c(98):             \n
Action.c(98):     \t\t\n
Action.c(98):             \n
Action.c(98):     \t\t\n
Action.c(98):     \n
Action.c(98):     \t\t\n
Action.c(98):     \n
Action.c(98):     \t\t\n
Action.c(98):     \t\t\n
Action.c(98):         \n
Action.c(98):     \n
Action.c(98):     \n
Action.c(98):     \n
Action.c(98):             \n
Action.c(98):             \n
Action.c(98):             \n
Action.c(98):             \n
Action.c(98):             \n
Action.c(98):             \n
Action.c(98):                 \n
Action.c(98):         \n
Action.c(98):     \n
Action.c(98):     \n
Action.c(98):         \n
Action.c(98):     \n
Action.c(98):     \n
Action.c(98):     \n
Action.c(98):     \n
Action.c(98):     \n
Action.c(98):     \n
Action.c(98):     \n
Action.c(98):     \n
Action.c(98):     \n
Action.c(98):     \n
Action.c(98):     \n
Action.c(98):     \n
Action.c(98):     \n
Action.c(98):     \n
Action.c(98):     \n
Action.c(98):     \n
Action.c(98):     \n
Action.c(98):     \n
Action.c(98):             \n
Action.c(98):                     \n
Action.c(98):                 \n
Action.c(98):         \n
Action.c(98):     \n
Action.c(98):     \n
Action.c(98):     \n
Action.c(98):     \n
Action.c(98):     \n
Action.c(98):     \n
Action.c(98):     \n
Action.c(98):     \n
Action.c(98):     \n
Action.c(98):     \n
Action.c(98):             \n
Action.c(98):                     \n
Action.c(98):                             \n
Action.c(98):                                     <!DOCTYPE html>\n
Action.c(98):     <html lang="en" ng-app="gatewayApp">\n
Action.c(98):     <head>\n
Action.c(98):         <meta name="HandheldFriendly" content="true">\n
Action.c(98):         <meta name="viewport" content="width=device-width, initial-scale=1.0, maximum-scale=2.
Action.c(98):     0, minimum-scale=1.0">\n
Action.c(98):         <meta name="apple-mobile-web-app-capable" content="yes">\n
Action.c(98):         <meta name="format-detection" content="telephone=no">\n
Action.c(98):         <meta name="keywords" content="home grocery delivery, home grocery shopping, grocery s
Action.c(98):     hopping from home, home grocery delivery service">\n
Action.c(98):         <meta name="Classification" content="grocery, food, grocery shopping">\n
Action.c(98):         <meta http-equiv="X-UA-Compatible" content="IE=edge">\n
Action.c(98):         \n
Action.c(98):           \n
Action.c(98):             <meta name="apple-itunes-app" content="app-id=386315393">\n
Action.c(98):             <meta name="google-play-app" content="app-id=com.peapod.app.mobile.droid">\n
Action.c(98):           \n
Action.c(98):         \n
Action.c(98):     \n
Action.c(98):         \n
Action.c(98):             <meta name="robots" content="noindex, nofollow">\n
Action.c(98):         \n
Action.c(98):     \n
Action.c(98):         \n
Action.c(98):         \n
Action.c(98):             \n
Action.c(98):                 \n
Action.c(98):                   \n
Action.c(98):                     <!-- Search have Product Name -->\n
Action.c(98):                     \n
Action.c(98):     \n
Action.c(98):                     <!-- Search do not have Product Name -->\n
Action.c(98):                     \n
Action.c(98):                         \n
Action.c(98):     \n
Action.c(98):                             <!-- Search contains splash pages-->\n
Action.c(98):                             \n
Action.c(98):     \n
Action.c(98):                             <!-- Search do not contain splash pages -->\n
Action.c(98):                             \n
Action.c(98):                                 \n
Action.c(98):                                     <title ng-bind='app.title'>Grocery Delivery Service | Onli
Action.c(98):     ne Grocery Ordering | Peapod</title>\n
Action.c(98):                                     \n
Action.c(98):                                 \n
Action.c(98):                                 <meta name="description" content="Peapod offers convenient onl
Action.c(98):     ine grocery shopping. We carry fresh, healthy foods, and supermarket staples from your fav
Action.c(98):     orite brands all available for delivery.">\n
Action.c(98):                             \n
Action.c(98):                         \n
Action.c(98):                     \n
Action.c(98):                   \n
Action.c(98):                 \n
Action.c(98):             \n
Action.c(98):         \n
Action.c(98):     \n
Action.c(98):         \n
Action.c(98):         \n
Action.c(98):             <!-- Apple Icon -->\n
Action.c(98):             <link rel="apple-touch-icon" sizes="57x57" href="/shop/images/favicon/ppod-apple-i
Action.c(98):     con-57x57.png"/>\n
Action.c(98):             <link rel="apple-touch-icon" sizes="60x60" href="/shop/images/favicon/ppod-apple-i
Action.c(98):     con-60x60.png"/>\n
Action.c(98):             <link rel="apple-touch-icon" sizes="72x72" href="/shop/images/favicon/ppod-apple-i
Action.c(98):     con-72x72.png"/>\n
Action.c(98):             <link rel="apple-touch-icon" sizes="76x76" href="/shop/images/favicon/ppod-apple-i
Action.c(98):     con-76x76.png"/>\n
Action.c(98):             <link rel="apple-touch-icon" sizes="114x114" href="/shop/images/favicon/ppod-apple
Action.c(98):     -icon-114x114.png"/>\n
Action.c(98):             <link rel="apple-touch-icon" sizes="120x120" href="/shop/images/favicon/ppod-apple
Action.c(98):     -icon-120x120.png"/>\n
Action.c(98):             <link rel="apple-touch-icon" sizes="144x144" href="/shop/images/favicon/ppod-apple
Action.c(98):     -icon-144x144.png"/>\n
Action.c(98):             <link rel="apple-touch-icon" sizes="152x152" href="/shop/images/favicon/ppod-apple
Action.c(98):     -icon-152x152.png"/>\n
Action.c(98):             <link rel="apple-touch-icon" sizes="180x180" href="/shop/images/favicon/ppod-apple
Action.c(98):     -icon-180x180.png"/>\n
Action.c(98):             <!-- Android Icon medium *1, high *1.5, x-high *2, xx-high *3, xxx-high *4-->\n
Action.c(98):             <link rel="icon" type="image/png" sizes="16x16" href="/shop/images/favicon/ppod-fa
Action.c(98):     vicon-16x16.png"/>\n
Action.c(98):             <link rel="icon" type="image/png" sizes="24x24" href="/shop/images/favicon/ppod-fa
Action.c(98):     vicon-24x24.png"/>\n
Action.c(98):             <link rel="icon" type="image/png" sizes="32x32" href="/shop/images/favicon/ppod-fa
Action.c(98):     vicon-32x32.png"/>\n
Action.c(98):             <link rel="icon" type="image/png" sizes="48x48" href="/shop/images/favicon/ppod-fa
Action.c(98):     vicon-48x48.png"/>\n
Action.c(98):             <link rel="icon" type="image/png" sizes="64x64" href="/shop/images/favicon/ppod-fa
Action.c(98):     vicon-64x64.png"/>\n
Action.c(98):             <link rel="icon" type="image/png" sizes="96x96" href="/shop/images/favicon/ppod-fa
Action.c(98):     vicon-96x96.png"/>  \n
Action.c(98):             <link rel="icon" type="image/png" sizes="192x192"  href="/shop/images/favicon/ppod
Action.c(98):     -android-icon-192x192.png"/>\n
Action.c(98):             <link rel="manifest" href="/shop/images/favicon/manifest-ppod.json"/>\n
Action.c(98):             <!-- IE11 Browser Icon-->\n
Action.c(98):             <meta name="msapplication-TileColor" content="#ffffff"/>\n
Action.c(98):             <meta name="msapplication-TileImage" content="/shop/images/favicon/ppod-ms-icon-14
Action.c(98):     4x144.png"/>\n
Action.c(98):             <meta name="msapplication-config" content="/shop/images/favicon/browserconfig-ppod
Action.c(98):     .xml"/>\n
Action.c(98):             <meta name="theme-color" content="#ffffff"/>\n
Action.c(98):         \n
Action.c(98):     \n
Action.c(98):         \n
Action.c(98):     \n
Action.c(98):     \n
Action.c(98):         \n
Action.c(98):             <script type="text/javascript" src="/ppd/bundles/js/ppdBundle.js"> </script>\n
Action.c(98):         \n
Action.c(98):     \n
Action.c(98):         \n
Action.c(98):         <!-- BEGIN FullStory tracker snippet -->\n
Action.c(98):         <script>\n
Action.c(98):             if (typeof timeOrdQy === "undefined" || timeOrdQy <= 3) {\n
Action.c(98):                 window['_fs_debug'] = false;\n
Action.c(98):                 window['_fs_host'] = 'fullstory.com';\n
Action.c(98):                 window['_fs_org'] = 'BYSXZ';\n
Action.c(98):                 window['_fs_namespace'] = 'FS';\n
Action.c(98):                 (function(m,n,e,t,l,o,g,y){\n
Action.c(98):                     if (e in m) {if(m.console && m.console.log) { m.console.log('FullStory nam
Action.c(98):     espace conflict. Please set window["_fs_namespace"].');} return;}\n
Action.c(98):                     g=m[e]=function(a,b){g.q?g.q.push([a,b]):g._api(a,b);};g.q=[];\n
Action.c(98):                     o=n.createElement(t);o.async=1;o.src='https://'+_fs_host+'/s/fs.js';\n
Action.c(98):                     y=n.getElementsByTagName(t)[0];y.parentNode.insertBefore(o,y);\n
Action.c(98):                     g.identify=function(i,v){g(l,{uid:i});if(v)g(l,v)};g.setUserVars=function(
Action.c(98):     v){g(l,v)};\n
Action.c(98):                     g.shutdown=function(){g("rec",!1)};g.restart=function(){g("rec",!0)};\n
Action.c(98):                     g.consent=function(a){g("consent",!arguments.length||a)};\n
Action.c(98):                     g.identifyAccount=function(i,v){o='account';v=v||{};v.acctId=i;g(o,v)};\n
Action.c(98):                     g.clearUserCookie=function(){};\n
Action.c(98):                 })(window,document,window['_fs_namespace'],'script','user');\n
Action.c(98):             }\n
Action.c(98):         </script>\n
Action.c(98):         <!-- END Fullstory tracker snippet -->\n
Action.c(98):     \n
Action.c(98):     \n
Action.c(98):         <meta name="google-site-verification" content="8n1AYMrZvkwfDVXK0RLczueUKNNnmyBiUisNQA1
Action.c(98):     FkEM">\n
Action.c(98):     \n
Action.c(98):         <script type="text/javascript">\n
Action.c(98):             var appConfig = {\n
Action.c(98):                 apiKey: '400',\n
Action.c(98):                 googleAnalyticsId: 'UA-20096507-3',\n
Action.c(98):                 secureEnabled: true,\n
Action.c(98):                 optimizelyEnabled: true,\n
Action.c(98):                 sessionTrackingEnabled: true,\n
Action.c(98):                 optimizelyUrl: 'https://cdn.optimizely.com/js/8545500175.js',\n
Action.c(98):                 cdnUrl: 'https://i5.peapod.com',\n
Action.c(98):                 defaultZip: null,\n
Action.c(98):                 defaultPickupLocation: null,\n
Action.c(98):                 opcoTheme: 'PPOD'\n
Action.c(98):             },\n
Action.c(98):             messageBundle = {},\n
Action.c(98):             callbacks = {};\n
Action.c(98):     \n
Action.c(98):             window.dataLayer = window.dataLayer || [];\n
Action.c(98):             window.dataLayer.push({\n
Action.c(98):                 'event': 'gt-dataLayer-initialized',\n
Action.c(98):                 'pageCategory': 'landing',\n
Action.c(98):                 'brand': 'PPOD'\n
Action.c(98):             });\n
Action.c(98):         </script>\n
Action.c(98):         \n
Action.c(98):         \n
Action.c(98):       \n
Action.c(98):         \n
Action.c(98):         \n
Action.c(98):           <script type="text/javascript">\n
Action.c(98):             WebFontConfig = {\n
Action.c(98):               custom: {\n
Action.c(98):                 families: ['ProximaNova', 'ProximaNova-RegularIt', 'ProximaNova-SemiboldIt'],\n
Action.c(98):                 urls: ['/shop/dist/css/font_proximanova_705e35c0df20c13982913d26499db9d9072559
Action.c(98):     c4.css']\n
Action.c(98):               }\n
Action.c(98):             };\n
Action.c(98):           </script>\n
Action.c(98):         \n
Action.c(98):       \n
Action.c(98):     \n
Action.c(98):         \n
Action.c(98):         \n
Action.c(98):             \n
Action.c(98):             \n
Action.c(98):             \n
Action.c(98):             \n
Action.c(98):             \n
Action.c(98):                 <link type="text/css" href="/shop/dist/css/ppod_705e35c0df20c13982913d26499db9
Action.c(98):     d9072559c4.css" rel="stylesheet" />\n
Action.c(98):             \n
Action.c(98):             \n
Action.c(98):         \n
Action.c(98):     \n
Action.c(98):         <script src="/shop/dist/js/project-newman-external_705e35c0df20c13982913d26499db9d9072
Action.c(98):     559c4.js" type="text/javascript"></script>\n
Action.c(98):         <script src="/shop/dist/js/project-newman-user_705e35c0df20c13982913d26499db9d9072559c
Action.c(98):     4.js" type="text/javascript"></script>\n
Action.c(98):         <script src="/shop/dist/js/project-newman-tpls_705e35c0df20c13982913d26499db9d9072559c
Action.c(98):     4.js" type="text/javascript"></script>\n
Action.c(98):         <script src="/shop/dist/js/webfontloader.1.6.28.min_705e35c0df20c13982913d26499db9d907
Action.c(98):     2559c4.js" type="text/javascript"></script>\n
Action.c(98):     \n
Action.c(98):         <base href="/">\n
Action.c(98):     </head>\n
Action.c(98):     <body class="ng-cloak gateway_page-backdrop" ng-controller="viewHelperController" width-br
Action.c(98):     eakpoints route-focus-delegator js-context-back-handler-root ppd-js-context watch-width ng
Action.c(98):     -class="{ animateView: animateView, authValidating: authValidating }" ng-keydown="toggleFo
Action.c(98):     cus($event)">\n
Action.c(98):         \n
Action.c(98):         <noscript>\n
Action.c(98):             <style>\n
Action.c(98):                 header {\n
Action.c(98):                     padding: 1rem 1rem 1rem 1rem;\n
Action.c(98):     \n
Action.c(98):                     background-color: #f2f2f2;\n
Action.c(98):                     width: 100%;\n
Action.c(98):                     font-size: larger;\n
Action.c(98):                     overflow: scroll;\n
Action.c(98):                 }\n
Action.c(98):                 body {\n
Action.c(98):                     overflow-y: scroll;\n
Action.c(98):                     padding: 0rem 1rem;\n
Action.c(98):                 }\n
Action.c(98):                 .promo {\n
Action.c(98):                     margin-left: 1rem;\n
Action.c(98):                     border: 2px solid #5EA000;\n
Action.c(98):                     padding: 0.5rem;\n
Action.c(98):                 }\n
Action.c(98):                 .large-text {\n
Action.c(98):                     font-size: 3rem;\n
Action.c(98):                     padding: 2rem 1rem 1rem 1rem;\n
Action.c(98):                 }\n
Action.c(98):                 .medium-text {\n
Action.c(98):                     font-size: 2rem;\n
Action.c(98):                     padding: 1rem;\n
Action.c(98):                 }\n
Action.c(98):                 #categories {\n
Action.c(98):                     margin-left: 2rem;\n
Action.c(98):                 }\n
Action.c(98):                 footer {\n
Action.c(98):                     margin-top: 2rem;\n
Action.c(98):                     background-color: #f2f2f2;\n
Action.c(98):                 }\n
Action.c(98):                 #markets {\n
Action.c(98):                     width: 40%;\n
Action.c(98):                 }\n
Action.c(98):                 #about-peapod {\n
Action.c(98):                     width: 20%;\n
Action.c(98):                 }\n
Action.c(98):                 #follow-us {\n
Action.c(98):                     width: 20%;\n
Action.c(98):                 }\n
Action.c(98):                 .seo_inline-block {\n
Action.c(98):                     display: inline-block;\n
Action.c(98):                     vertical-align: top;\n
Action.c(98):                     margin: 1rem;\n
Action.c(98):                 }\n
Action.c(98):                 .seo_logo {\n
Action.c(98):                     display: inline-block;\n
Action.c(98):                     width: 49%;\n
Action.c(98):                     text-align: left;\n
Action.c(98):                     margin-left: 1rem;\n
Action.c(98):                     font-size: x-large;\n
Action.c(98):                 }\n
Action.c(98):                 .seo_sign-in {\n
Action.c(98):                     display: inline-block;\n
Action.c(98):                     width: 48%;\n
Action.c(98):                     text-align: right;\n
Action.c(98):                     margin-right: 0;\n
Action.c(98):                 }\n
Action.c(98):                 .container--full-height {\n
Action.c(98):                     display: none;\n
Action.c(98):                 }\n
Action.c(98):                  .product-list-entry {\n
Action.c(98):                      padding: 5px 0 0;\n
Action.c(98):                  }\n
Action.c(98):                 .product-image {\n
Action.c(98):                     vertical-align: middle;\n
Action.c(98):                     padding: 0 1rem;\n
Action.c(98):                 }\n
Action.c(98):             </style>\n
Action.c(98):             <header>\n
Action.c(98):                 <div class="seo_logo"><a href="/">Peapod.com</a></div>\n
Action.c(98):                 <div class="seo_sign-in"><a href="/shop/auth/index.jhtml?gateway=1">Sign In</a
Action.c(98):     ></div>\n
Action.c(98):             </header>\n
Action.c(98):             <main class="select-text">\n
Action.c(98):                 \n
Action.c(98):         \n
Action.c(98):             \n
Action.c(98):                 \n
Action.c(98):                     \n
Action.c(98):         \n
Action.c(98):             \n
Action.c(98):         \n
Action.c(98):             \n
Action.c(98):             \n
Action.c(98):             \n
Action.c(98):             \n
Action.c(98):                 \n
Action.c(98):                     \n
Action.c(98):         Shop for thousands of grocery items for your home or business\n
Action.c(98):     \n
Action.c(98):                 \n
Action.c(98):             \n
Action.c(98):             \n
Action.c(98):             \n
Action.c(98):             \n
Action.c(98):             \n
Action.c(98):             \n
Action.c(98):             \n
Action.c(98):             \n
Action.c(98):             \n
Action.c(98):             \n
Action.c(98):             \n
Action.c(98):             \n
Action.c(98):             \n
Action.c(98):             \n
Action.c(98):             \n
Action.c(98):             \n
Action.c(98):             \n
Action.c(98):             \n
Action.c(98):             \n
Action.c(98):             \n
Action.c(98):             <br>\n
Action.c(98):         \n
Action.c(98):     \n
Action.c(98):         \n
Action.c(98):     \n
Action.c(98):                 \n
Action.c(98):             \n
Action.c(98):             <div class="promo">\n
Action.c(98):                 <!-- Gateway Promo -->\n
Action.c(98):                 <div>\n
Action.c(98):                     \n
Action.c(98):                         \n
Action.c(98):         \n
Action.c(98):             \n
Action.c(98):         \n
Action.c(98):             \n
Action.c(98):             \n
Action.c(98):             \n
Action.c(98):             \n
Action.c(98):             \n
Action.c(98):                 \n
Action.c(98):                     \n
Action.c(98):         <h2 class="medium-text">New to Peapod? Save $20 on first order plus FREE delivery.</h2
Action.c(98):     >\n
Action.c(98):         <p>Enter promo code 60DAYSFREE at checkout. Minimum purchase required.</p>\n
Action.c(98):     \n
Action.c(98):                 \n
Action.c(98):             \n
Action.c(98):             \n
Action.c(98):             \n
Action.c(98):             \n
Action.c(98):             \n
Action.c(98):             \n
Action.c(98):             \n
Action.c(98):             \n
Action.c(98):             \n
Action.c(98):             \n
Action.c(98):             \n
Action.c(98):             \n
Action.c(98):             \n
Action.c(98):             \n
Action.c(98):             \n
Action.c(98):             \n
Action.c(98):             \n
Action.c(98):             \n
Action.c(98):             \n
Action.c(98):             <br>\n
Action.c(98):         \n
Action.c(98):     \n
Action.c(98):         \n
Action.c(98):     \n
Action.c(98):                     \n
Action.c(98):                 </div>\n
Action.c(98):     \n
Action.c(98):                 <!-- Promo Details -->\n
Action.c(98):                 <div>\n
Action.c(98):                     \n
Action.c(98):                         \n
Action.c(98):         \n
Action.c(98):             \n
Action.c(98):         \n
Action.c(98):             \n
Action.c(98):                 \n
Action.c(98):                     \n
Action.c(98):         \n
Action.c(98):             \n
Action.c(98):                 \n
Action.c(98):         \n
Action.c(98):             \n
Action.c(98):             \n
Action.c(98):             \n
Action.c(98):             \n
Action.c(98):             \n
Action.c(98):             \n
Action.c(98):                 \n
Action.c(98):         \n
Action.c(98):         <p>\n
Action.c(98):             \n
Action.c(98):         </p>\n
Action.c(98):         <p>\n
Action.c(98):             \n
Action.c(98):                 $20 offer valid on first order of $75 or more (before taxes and after all othe
Action.c(98):     r coupons and savings are applied). We&#39;ll waive your Delivery and Pick-up fee on first
Action.c(98):      order and then on all subsequent orders of $60 or or more if placed within 60 days of fir
Action.c(98):     st order. Valid for first-time residential customers only. Offer excludes alcoholic bevera
Action.c(98):     ges, gift cards, postage stamps and any other purchases prohibited by law. Offer is not tr
Action.c(98):     ansferable. Limit one per household. Enter code at first order checkout . Not valid with a
Action.c(98):     ny other offer. Expires 6/30/20.\n
Action.c(98):            
Action.c(98): t=16670ms: 12169-byte DECODED response body for "https://stage.peapod.com/%7B%7B%20appLink.image.src%20%7D%7D" (RelFrameId=1, Internal ID=10)
Action.c(98):      \n
Action.c(98):         </p>\n
Action.c(98):     \n
Action.c(98):             \n
Action.c(98):             \n
Action.c(98):             \n
Action.c(98):             \n
Action.c(98):             \n
Action.c(98):             \n
Action.c(98):             \n
Action.c(98):             \n
Action.c(98):             \n
Action.c(98):             \n
Action.c(98):             \n
Action.c(98):             \n
Action.c(98):             \n
Action.c(98):             \n
Action.c(98):             \n
Action.c(98):             \n
Action.c(98):             \n
Action.c(98):             \n
Action.c(98):             <br>\n
Action.c(98):         \n
Action.c(98):     \n
Action.c(98):             \n
Action.c(98):         \n
Action.c(98):     \n
Action.c(98):                 \n
Action.c(98):             \n
Action.c(98):             \n
Action.c(98):             \n
Action.c(98):             \n
Action.c(98):             \n
Action.c(98):             \n
Action.c(98):             \n
Action.c(98):             \n
Action.c(98):             \n
Action.c(98):             \n
Action.c(98):             \n
Action.c(98):             \n
Action.c(98):             \n
Action.c(98):             \n
Action.c(98):             \n
Action.c(98):             \n
Action.c(98):             \n
Action.c(98):             \n
Action.c(98):             \n
Action.c(98):             \n
Action.c(98):             \n
Action.c(98):             \n
Action.c(98):             \n
Action.c(98):             <br>\n
Action.c(98):         \n
Action.c(98):     \n
Action.c(98):         \n
Action.c(98):     \n
Action.c(98):                     \n
Action.c(98):                 </div>\n
Action.c(98):             </div>\n
Action.c(98):             \n
Action.c(98):         \n
Action.c(98):     \n
Action.c(98):                 \n
Action.c(98):         \n
Action.c(98):     \n
Action.c(98):                 <div id="categories">\n
Action.c(98):                     \n
Action.c(98):     \n
Action.c(98):                     \n
Action.c(98):                     \n
Action.c(98):                     <ul>\n
Action.c(98):                         <li>\n
Action.c(98):                             <a href="/browse-aisles/categories/1/categories/2-alcoholic-bevera
Action.c(98):     ges">\n
Action.c(98):                                 Alcoholic Beverages\n
Action.c(98):                             </a>\n
Action.c(98):                         </li>\n
Action.c(98):                         <li>\n
Action.c(98):                             <a href="/browse-aisles/categories/1/categories/85-bread-bakery">\n
Action.c(98):                                 Bread &amp; Bakery\n
Action.c(98):                             </a>\n
Action.c(98):                         </li>\n
Action.c(98):                         <li>\n
Action.c(98):                             <a href="/browse-aisles/categories/1/categories/166-baking-cooking
Action.c(98):     -needs">\n
Action.c(98):                                 Baking &amp; Cooking Needs\n
Action.c(98):                             </a>\n
Action.c(98):                         </li>\n
Action.c(98):                         <li>\n
Action.c(98):                             <a href="/browse-aisles/categories/1/categories/365-beverages">\n
Action.c(98):                                 Beverages\n
Action.c(98):                             </a>\n
Action.c(98):                         </li>\n
Action.c(98):                         <li>\n
Action.c(98):                             <a href="/browse-aisles/categories/1/categories/530-breakfast-cere
Action.c(98):     al">\n
Action.c(98):                                 Breakfast &amp; Cereal\n
Action.c(98):                             </a>\n
Action.c(98):                         </li>\n
Action.c(98):                         <li>\n
Action.c(98):                             <a href="/browse-aisles/categories/1/categories/569-condiments-sau
Action.c(98):     ces">\n
Action.c(98):                                 Condiments &amp; Sauces\n
Action.c(98):                             </a>\n
Action.c(98):                         </li>\n
Action.c(98):                         <li>\n
Action.c(98):                             <a href="/browse-aisles/categories/1/categories/805-dairy">\n
Action.c(98):                                 Dairy\n
Action.c(98):                             </a>\n
Action.c(98):                         </li>\n
Action.c(98):                         <li>\n
Action.c(98):                             <a href="/browse-aisles/categories/1/categories/921-deli">\n
Action.c(98):                                 Deli\n
Action.c(98):                             </a>\n
Action.c(98):                         </li>\n
Action.c(98):                         <li>\n
Action.c(98):                             <a href="/browse-aisles/categories/1/categories/995-frozen">\n
Action.c(98):                                 Frozen\n
Action.c(98):                             </a>\n
Action.c(98):                         </li>\n
Action.c(98):                         <li>\n
Action.c(98):                             <a href="/browse-aisles/categories/1/categories/1066-rice-grains-p
Action.c(98):     asta-beans">\n
Action.c(98):                                 Rice, Grains, Pasta &amp; Beans\n
Action.c(98):                             </a>\n
Action.c(98):                         </li>\n
Action.c(98):                         <li>\n
Action.c(98):                             <a href="/browse-aisles/categories/1/categories/1201-health-beauty
Action.c(98):     ">\n
Action.c(98):                                 Health &amp; Beauty\n
Action.c(98):                             </a>\n
Action.c(98):                         </li>\n
Action.c(98):                         <li>\n
Action.c(98):                             <a href="/browse-aisles/categories/1/categories/1370-baby-childcar
Action.c(98):     e">\n
Action.c(98):                                 Baby &amp; Childcare\n
Action.c(98):                             </a>\n
Action.c(98):                         </li>\n
Action.c(98):                         <li>\n
Action.c(98):                             <a href="/browse-aisles/categories/1/categories/1448-laundry-paper
Action.c(98):     -cleaning">\n
Action.c(98):                                 Laundry, Paper &amp; Cleaning\n
Action.c(98):                             </a>\n
Action.c(98):                         </li>\n
Action.c(98):                         <li>\n
Action.c(98):                             <a href="/browse-aisles/categories/1/categories/1563-meat">\n
Action.c(98):                                 Meat\n
Action.c(98):                             </a>\n
Action.c(98):                         </li>\n
Action.c(98):                         <li>\n
Action.c(98):                             <a href="/browse-aisles/categories/1/categories/1633-seafood">\n
Action.c(98):                                 Seafood\n
Action.c(98):                             </a>\n
Action.c(98):                         </li>\n
Action.c(98):                         <li>\n
Action.c(98):                             <a href="/browse-aisles/categories/1/categories/1675-office-home-g
Action.c(98):     arden">\n
Action.c(98):                                 Office, Home &amp; Garden\n
Action.c(98):                             </a>\n
Action.c(98):                         </li>\n
Action.c(98):                         <li>\n
Action.c(98):                             <a href="/browse-aisles/categories/1/categories/2057-pet-store">\n
Action.c(98):                                 Pet Store\n
Action.c(98):                             </a>\n
Action.c(98):                         </li>\n
Action.c(98):                         <li>\n
Action.c(98):                             <a href="/browse-aisles/categories/1/categories/2098-produce">\n
Action.c(98):                                 Produce\n
Action.c(98):                             </a>\n
Action.c(98):                         </li>\n
Action.c(98):                         <li>\n
Action.c(98):                             <a href="/browse-aisles/categories/1/categories/2543-snacks-candy"
Action.c(98):     >\n
Action.c(98):                                 Snacks &amp; Candy\n
Action.c(98):                             </a>\n
Action.c(98):                         </li>\n
Action.c(98):                         <li>\n
Action.c(98):                             <a href="/browse-aisles/categories/1/categories/2708-soups-canned-
Action.c(98):     goods">\n
Action.c(98):                                 Soups &amp; Canned Goods\n
Action.c(98):                             </a>\n
Action.c(98):                         </li>\n
Action.c(98):                         <li>\n
Action.c(98):                             <a href="/browse-aisles/categories/1/categories/4147-meal-kits">\n
Action.c(98):                                 Meal Kits\n
Action.c(98):                             </a>\n
Action.c(98):                         </li>\n
Action.c(98):                     </ul>\n
Action.c(98):     \n
Action.c(98):                     \n
Action.c(98):                 </div>\n
Action.c(98):             </main>\n
Action.c(98):             <footer class="select-text">\n
Action.c(98):     \n
Action.c(98):                 <div id="about-peapod" class="seo_inline-block">\n
Action.c(98):                     <h3>About Peapod</h3>\n
Action.c(98):                     <ul>\n
Action.c(98):                         <li><a href="http://about.peapod.com/our-company/our-mission/">Company
Action.c(98):      Overview</a><br/></li>\n
Action.c(98):                         <li><a href="https://www.peapod.com/careers">Careers</a><br/></li>\n
Action.c(98):                         <li><a href="https://ew23.ultipro.com/Login.aspx">Employees</a><br/></
Action.c(98):     li>\n
Action.c(98):                         <li><a href="https://about.peapod.com/">News Room</a><br/></li>\n
Action.c(98):                         <li><a href="http://about.peapod.com/news-room/information-for-affilia
Action.c(98):     tes/">Affliates</a><br/></li>\n
Action.c(98):                         <li><a href="/shop/auth/login/policy">Accessibility Policy</a><br/></l
Action.c(98):     i>\n
Action.c(98):                     </ul>\n
Action.c(98):                 </div>\n
Action.c(98):                 <div id="follow-us" class="seo_inline-block">\n
Action.c(98):                     <h3>Follow Us</h3>\n
Action.c(98):                     <ul>\n
Action.c(98):                         <li><a href="https://www.facebook.com/PeapodDelivers">Facebook</a><br/
Action.c(98):     ></li>\n
Action.c(98):                         <li><a href="https://twitter.com/PeapodDelivers">Twitter</a><br/></li>
Action.c(98):     \n
Action.c(98):                         <li><a href="https://www.pinterest.com/peapoddelivers/">Pinterest</a><
Action.c(98):     br/></li>\n
Action.c(98):                         <li><a href="https://www.instagram.com/peapoddelivers/">Instagram</a><
Action.c(98):     br/></li>\n
Action.c(98):                         <li><a href="https://www.youtube.com/user/peapoddelivery">YouTube</a><
Action.c(98):     br/></li>\n
Action.c(98):     \n
Action.c(98):                         <li><a href="https://play.google.com/store/apps/details?id=com.peapod.
Action.c(98):     app.mobile.droid">Get It on Google Play</a><br/></li>\n
Action.c(98):                         <li><a href="itms://itunes.apple.com/us/app/peapod/id386315393?mt=8">D
Action.c(98):     ownload on the App Store</a><br/></li>\n
Action.c(98):                     </ul>\n
Action.c(98):                 </div>\n
Action.c(98):             </footer>\n
Action.c(98):         </noscript>\n
Action.c(98):     \n
Action.c(98):         \n
Action.c(98):         <!-- BEGIN Google Tag Manager noscript -->\n
Action.c(98):         <noscript>\n
Action.c(98):             <iframe\n
Action.c(98):                 src="https://www.googletagmanager.com/ns.html?id=GTM-PN7ML7L"\n
Action.c(98):                 height="0"\n
Action.c(98):                 width="0"\n
Action.c(98):                 style="display:none;visibility:hidden">\n
Action.c(98):             </iframe>\n
Action.c(98):         </noscript>\n
Action.c(98):         <!-- END Google Tag Manager noscript -->\n
Action.c(98):     \n
Action.c(98):     \n
Action.c(98):         <a aria-hidden="{{ activeView != '' || alertPresent }}" href="" ng-click="focusOn('mai
Action.c(98):     n-content')" class="skip-nav" target="_self">Skip to Main Content</a>\n
Action.c(98):     \n
Action.c(98):         <div ng-include="'/shop/site/partials/global/alert/alert.html'"></div>\n
Action.c(98):     \n
Action.c(98):         <div class="container--full-height container--full-width" ng-controller="GatewayViewCo
Action.c(98):     ntroller as gatewayCtrl">\n
Action.c(98):             <div class="mask mask--black ng-cloak" ng-click="transitioningToModal !== true && 
Action.c(98):     openNamedView('')" ng-if="(activeView != '' && ! isSearchActive ) || transitioningToModal"
Action.c(98):     ></div>\n
Action.c(98):     \n
Action.c(98):             <aside role="complementary" aria-label="Pickup location window"  ng-class="{'slide
Action.c(98):     -up': !isDesktop(), 'modal-fade': isDesktop()}" class="sidebar sidebar--modal pickup-locat
Action.c(98):     ion-modal ng-cloak" aria-hidden="{{ alertPresent }}" view-name="pickup-location-modal" tab
Action.c(98):     index="-1" ppd-if="activeView == 'pickup-location-modal'" after-enter="afterEnter" after-l
Action.c(98):     eave="afterLeaveModal" ppd-static-view-content>\n
Action.c(98):                 <div class="flex-content_container container--full-height" ng-include="'/shop/
Action.c(98):     site/partials/global/popup/pup/pickup-point-selection.html'">\n
Action.c(98):                 </div>\n
Action.c(98):             </aside>\n
Action.c(98):     \n
Action.c(98):             <aside role="complementary" aria-label="Site transition window"\n
Action.c(98):                 class="sidebar modal--full-screen"\n
Action.c(98):                 ng-class="{'slide-up': !isDesktop(), 'modal-fade': isDesktop()}"\n
Action.c(98):                 aria-hidden="{{ alertPresent }}" view-name="site-transition"\n
Action.c(98):                 tabindex="-1" ppd-if="activeView == 'site-transition'"\n
Action.c(98):                 after-enter="afterEnter" after-leave="afterLeaveModal"\n
Action.c(98):                 ppd-static-view-content>\n
Action.c(98):                 <div class="flex-content_container container--full-height">\n
Action.c(98):                     <div class="st_container st_container--page" ng-include="'/shop/site/parti
Action.c(98):     als/global/site-transition/peapod-to-brand/index.html'"></div>\n
Action.c(98):                 </div>\n
Action.c(98):             </aside>\n
Action.c(98):     \n
Action.c(98):             <div class="flex-content_container container--full-height container--full-width">\n
Action.c(98):                 <div class="flex-content_row--expanded">\n
Action.c(98):                     <div class="container--absolutely-fill">\n
Action.c(98):                         <div class="scrollable gateway_page-backdrop" aria-hidden="{{ activeVi
Action.c(98):     ew != '' || alertPresent }}">\n
Action.c(98):                             <div class="scrollable-content">\n
Action.c(98):                                 <div class="gateway-page_upper-content">\n
Action.c(98):                                     <div aria-hidden="{{ ! gatewayCtrl.contentData.promo }}"\n
Action.c(98):                                         ng-show="!! gatewayCtrl.contentData.promo"\n
Action.c(98):                                         ng-include="'/shop/site/pages/gateway/gateway_body_pro
Action.c(98):     mo_section.html'">\n
Action.c(98):                                     </div>\n
Action.c(98):     \n
Action.c(98):                                     <div ng-include="'/shop/site/pages/gateway/gateway_header.
Action.c(98):     html'">\n
Action.c(98):                                     </div>\n
Action.c(98):     \n
Action.c(98):                                     <div ng-if="isMobile()">\n
Action.c(98):                                         <div class="gateway-login_header"\n
Action.c(98):                                             ng-class="{'gateway-login_header--mobile': isMobil
Action.c(98):     e() }">\n
Action.c(98):                                             Welcome to Peapod\n
Action.c(98):                                         </div>\n
Action.c(98):                                         <div class="gateway-login_subheader"\n
Action.c(98):                                             ng-class="{'gateway-login_subheader--mobile': isMo
Action.c(98):     bile() }">\n
Action.c(98):                                             Grocery shop from anywhere. Delivery on your sched
Action.c(98):     ule.\n
Action.c(98):                                         </div>\n
Action.c(98):                                     </div>\n
Action.c(98):                                 </div>\n
Action.c(98):     \n
Action.c(98):                                 <main class="gateway-page_wrapper" aria-hidden="{{ activeView 
Action.c(98):     != '' || alertPresent }}" role="main" id="old-browser-wrapper">\n
Action.c(98):                                     <div modal-input-manager width-variable="gatewayPageSize" 
Action.c(98):     width-values="widthBreakpoints.defaultBreakpoints" id="main-content" tabindex="-1">\n
Action.c(98):                                         <div ng-include="'/shop/site/pages/gateway/gateway_bod
Action.c(98):     y.html'">\n
Action.c(98):     \n
Action.c(98):                                         </div>\n
Action.c(98):                                     </div>\n
Action.c(98):                                 </main>\n
Action.c(98):     \n
Action.c(98):                                 <div class="gateway-marketing_wrapper" ng-class="{ 'gateway-ma
Action.c(98):     rketing_wrapper--top-separator': isMobile() && ! gatewayCtrl.contentData.promo }" ng-if="!
Action.c(98):     !gatewayCtrl.contentData.marketing">\n
Action.c(98):                                     <div ng-include="'/shop/site/pages/gateway/gateway_marketi
Action.c(98):     ng_content.html'">\n
Action.c(98):     \n
Action.c(98):                                     </div>\n
Action.c(98):                                 </div>\n
Action.c(98):     \n
Action.c(98):     \n
Action.c(98):                                 \n
Action.c(98):                                     <div ng-include="'/shop/site/pages/gateway/gateway_footer.
Action.c(98):     html'">\n
Action.c(98):                                     </div>\n
Action.c(98):                                 \n
Action.c(98):                             </div>\n
Action.c(98):                         </div>\n
Action.c(98):                     </div>\n
Action.c(98):                 </div>\n
Action.c(98):             </div>\n
Action.c(98):         </div>\n
Action.c(98):     </body>\n
Action.c(98):     </html>\n
Action.c(98):     \n
Action.c(98):                                 \n
Action.c(98):                         \n
Action.c(98):                 \n
Action.c(98):         \n
Action.c(98):     \n
Action.c(98):       \n
Action.c(98): web_custom_request("%7B%7B%20appLink.image.src%20%7D%7D") was successful, 5617 body bytes, 1335 header bytes  	[MsgId: MMSG-26386]
Action.c(108): web_custom_request("manifest-ppod.json") started  	[MsgId: MMSG-26355]
Action.c(108): t=17824ms: 717-byte response headers for "https://stage.peapod.com/shop/images/favicon/manifest-ppod.json" (RelFrameId=1, Internal ID=11)
Action.c(108):     HTTP/1.1 200 OK\r\n
Action.c(108):     Date: Sun, 24 Nov 2019 16:39:35 GMT\r\n
Action.c(108):     Content-Type: application/json\r\n
Action.c(108):     Content-Length: 394\r\n
Action.c(108):     Connection: keep-alive\r\n
Action.c(108):     Strict-Transport-Security: max-age=63072000; includeSubdomains;\r\n
Action.c(108):     Last-Modified: Wed, 20 Nov 2019 22:22:25 GMT\r\n
Action.c(108):     Accept-Ranges: bytes\r\n
Action.c(108):     Vary: Accept-Encoding,User-Agent\r\n
Action.c(108):     Content-Encoding: gzip\r\n
Action.c(108):     Cache-Control: no-store\r\n
Action.c(108):     X-XSS-Protection: 1; mode=block\r\n
Action.c(108):     X-Content-Type-Options: nosniff\r\n
Action.c(108):     Strict-Transport-Security: max-age=86400; includeSubDomains\r\n
Action.c(108):     Content-Security-Policy: frame-ancestors 'self' *.giantfood.com\r\n
Action.c(108):     CF-Cache-Status: DYNAMIC\r\n
Action.c(108):     Expect-CT: max-age=604800, report-uri="https://report-uri.cloudflare.com/cdn-cgi/beacon/ex
Action.c(108):     pect-ct"\r\n
Action.c(108):     Server: cloudflare\r\n
Action.c(108):     CF-RAY: 53acd1dd88eef10a-IAD\r\n
Action.c(108):     \r\n
Action.c(108): t=17827ms: 394-byte ENCODED response body received for "https://stage.peapod.com/shop/images/favicon/manifest-ppod.json" (RelFrameId=1, Internal ID=11)
Action.c(108): t=17828ms: 1169-byte DECODED response body for "https://stage.peapod.com/shop/images/favicon/manifest-ppod.json" (RelFrameId=1, Internal ID=11)
Action.c(108):     {\n
Action.c(108):      "name": "Grocery Delivery Service | Online Grocery Ordering | Peapod",\n
Action.c(108):      "short_name": "Peapod",\n
Action.c(108):      "description": "Peapod offers convenient online grocery shopping. We carry fresh, healthy
Action.c(108):      foods, and supermarket staples from your favorite brands all available for delivery.",\n
Action.c(108):      "display": "browser",\n
Action.c(108):      "orientation": "landscape",\n
Action.c(108):      "icons": [\n
Action.c(108):       {\n
Action.c(108):        "src": "/shop/images/favicon/ppod-android-icon-36x36.png",\n
Action.c(108):        "sizes": "36x36",\n
Action.c(108):        "type": "image/png",\n
Action.c(108):        "density": "0.75"\n
Action.c(108):       },\n
Action.c(108):       {\n
Action.c(108):        "src": "/shop/images/favicon/ppod-android-icon-48x48.png",\n
Action.c(108):        "sizes": "48x48",\n
Action.c(108):        "type": "image/png",\n
Action.c(108):        "density": "1.0"\n
Action.c(108):       },\n
Action.c(108):       {\n
Action.c(108):        "src": "/shop/images/favicon/ppod-android-icon-72x72.png",\n
Action.c(108):        "sizes": "72x72",\n
Action.c(108):        "type": "image/png",\n
Action.c(108):        "density": "1.5"\n
Action.c(108):       },\n
Action.c(108):       {\n
Action.c(108):        "src": "/shop/images/favicon/ppod-android-icon-96x96.png",\n
Action.c(108):        "sizes": "96x96",\n
Action.c(108):        "type": "image/png",\n
Action.c(108):        "density": "2.0"\n
Action.c(108):       },\n
Action.c(108):       {\n
Action.c(108):        "src": "/shop/images/favicon/ppod-android-icon-144x144.png",\n
Action.c(108):        "sizes": "144x144",\n
Action.c(108):        "type": "image/png",\n
Action.c(108):        "density": "3.0"\n
Action.c(108):       },\n
Action.c(108):       {\n
Action.c(108):        "src": "/shop/images/favicon/ppod-android-icon-192x192.png",\n
Action.c(108):        "sizes": "192x192",\n
Action.c(108):        "type": "image/png",\n
Action.c(108):        "density": "4.0"\n
Action.c(108):       }\n
Action.c(108):      ]\n
Action.c(108):     }
Action.c(108): web_custom_request("manifest-ppod.json") was successful, 394 body bytes, 717 header bytes  	[MsgId: MMSG-26386]
Action.c(117): Notify: Transaction "S01_PRISM_Peapod_SIT_SignIn_Checkout_T01_Launch" ended with a "Pass" status (Duration: 17.1614).
Action.c(121): web_add_header("Upgrade-Insecure-Requests") started  	[MsgId: MMSG-26355]
Action.c(121): web_add_header("Upgrade-Insecure-Requests") was successful  	[MsgId: MMSG-26392]
Action.c(122): web_add_header("Sec-Fetch-User") started  	[MsgId: MMSG-26355]
Action.c(122): web_add_header("Sec-Fetch-User") was successful  	[MsgId: MMSG-26392]
Action.c(123): web_add_header("Sec-Fetch-Site") started  	[MsgId: MMSG-26355]
Action.c(123): web_add_header("Sec-Fetch-Site") was successful  	[MsgId: MMSG-26392]
Action.c(124): web_add_header("Sec-Fetch-Mode") started  	[MsgId: MMSG-26355]
Action.c(124): web_add_header("Sec-Fetch-Mode") was successful  	[MsgId: MMSG-26392]
Action.c(126): Notify: Transaction "S01_PRISM_Peapod_SIT_SignIn_Checkout_T02_Click_On_Sign_In" started.
Action.c(130): web_custom_request("login") started  	[MsgId: MMSG-26355]
Action.c(130): t=18803ms: 881-byte response headers for "https://stage.peapod.com/shop/auth/login?gateway=1&redirectTo=/" (RelFrameId=1, Internal ID=12)
Action.c(130):     HTTP/1.1 200 OK\r\n
Action.c(130):     Date: Sun, 24 Nov 2019 16:39:36 GMT\r\n
Action.c(130):     Content-Type: text/html\r\n
Action.c(130):     Transfer-Encoding: chunked\r\n
Action.c(130):     Connection: keep-alive\r\n
Action.c(130):     Strict-Transport-Security: max-age=63072000; includeSubdomains;\r\n
Action.c(130):     Pragma: no-cache\r\n
Action.c(130):     Cache-Control: no-store\r\n
Action.c(130):     Expires: Tue, 04 Dec 1993 21:29:02 GMT\r\n
Action.c(130):     Set-Cookie: ppdtk=uCvzgtN404n34eIpPrBJ4c6WLXFf8mbcqJe+x2HJIOAYqVURwK7udoc4bWpU9iYS; domain
Action.c(130):     =stage.peapod.com; expires=Sat, 19-Nov-2039 16:39:39 GMT; path=/; HttpOnly; Secure\r\n
Action.c(130):     Vary: Accept-Encoding,User-Agent\r\n
Action.c(130):     X-XSS-Protection: 1; mode=block\r\n
Action.c(130):     X-Content-Type-Options: nosniff\r\n
Action.c(130):     Strict-Transport-Security: max-age=86400; includeSubDomains\r\n
Action.c(130):     Content-Security-Policy: frame-ancestors 'self' *.giantfood.com\r\n
Action.c(130):     CF-Cache-Status: DYNAMIC\r\n
Action.c(130):     Expect-CT: max-age=604800, report-uri="https://report-uri.cloudflare.com/cdn-cgi/beacon/ex
Action.c(130):     pect-ct"\r\n
Action.c(130):     Server: cloudflare\r\n
Action.c(130):     CF-RAY: 53acd1e37c3fe0be-IAD\r\n
Action.c(130):     Content-Encoding: gzip\r\n
Action.c(130):     \r\n
Action.c(130): t=18806ms: 483-byte ENCODED response body received for "https://stage.peapod.com/shop/auth/login?gateway=1&redirectTo=/" (RelFrameId=1, Internal ID=12)
Action.c(130): t=18807ms: 1416-byte DECODED response body for "https://stage.peapod.com/shop/auth/login?gateway=1&redirectTo=/" (RelFrameId=1, Internal ID=12)
Action.c(130):     \n
Action.c(130):     \n
Action.c(130):     \n
Action.c(130):     \n
Action.c(130):     \n
Action.c(130):     \n
Action.c(130):     \n
Action.c(130):     \n
Action.c(130):     \n
Action.c(130):     \n
Action.c(130):             \n
Action.c(130):                     \n
Action.c(130):                 \n
Action.c(130):         \n
Action.c(130):     \n
Action.c(130):     \n
Action.c(130):     \n
Action.c(130):     \n
Action.c(130):     \n
Action.c(130):     \n
Action.c(130):     \n
Action.c(130):             \n
Action.c(130):                     \n
Action.c(130):                             <!DOCTYPE html>\n
Action.c(130):     <html lang="en" ng-app="loginApp">\n
Action.c(130):     <head>\n
Action.c(130):         <!-- Mobile viewport optimizations -->\n
Action.c(130):         <meta name="HandheldFriendly" content="true" />\n
Action.c(130):         <meta name="viewport" content="width=device-width, initial-scale=1.0, maximum-scale=2.
Action.c(130):     0, minimum-scale=1.0">\n
Action.c(130):         <meta name="apple-mobile-web-app-capable" content="yes">\n
Action.c(130):         <meta name="format-detection" content="telephone=no">\n
Action.c(130):         <meta http-equiv="X-UA-Compatible" content="IE=edge" />\n
Action.c(130):     \n
Action.c(130):         \n
Action.c(130):             <meta name="robots" content="noindex, nofollow">\n
Action.c(130):         \n
Action.c(130):     \n
Action.c(130):         \n
Action.c(130):         \n
Action.c(130):             <!-- Apple Icon -->\n
Action.c(130):             <link rel="apple-touch-icon" sizes="57x57" href="/shop/images/favicon/ppod-apple-i
Action.c(130):     con-57x57.png"/>\n
Action.c(130):             <link rel="apple-touch-icon" sizes="60x60" href="/shop/images/favicon/ppod-apple-i
Action.c(130):     con-60x60.png"/>\n
Action.c(130):             <link rel="apple-touch-icon" sizes="72x72" href="/shop/images/favicon/ppod-apple-i
Action.c(130):     con-72x72.png"/>\n
Action.c(130):             <link rel="apple-touch-icon" sizes="76x76" href="/shop/images/favicon/ppod-apple-i
Action.c(130):     con-76x76.png"/>\n
Action.c(130):             <link rel="apple-touch-icon" sizes="114x114" href="/shop/images/favicon/ppod-apple
Action.c(130):     -icon-114x114.png"/>\n
Action.c(130):             <link rel="apple-touch-icon" sizes="120x120" href="/shop/images/favicon/ppod-apple
Action.c(130):     -icon-120x120.png"/>\n
Action.c(130):             <link rel="apple-touch-icon" sizes="144x144" href="/shop/images/favicon/ppod-apple
Action.c(130):     -icon-144x144
Action.c(130): t=18814ms: 2288-byte ENCODED response body received for "https://stage.peapod.com/shop/auth/login?gateway=1&redirectTo=/" (RelFrameId=1, Internal ID=12)
Action.c(130): t=18814ms: 7393-byte DECODED response body for "https://stage.peapod.com/shop/auth/login?gateway=1&redirectTo=/" (RelFrameId=1, Internal ID=12)
Action.c(130):     .png"/>\n
Action.c(130):             <link rel="apple-touch-icon" sizes="152x152" href="/shop/images/favicon/ppod-apple
Action.c(130):     -icon-152x152.png"/>\n
Action.c(130):             <link rel="apple-touch-icon" sizes="180x180" href="/shop/images/favicon/ppod-apple
Action.c(130):     -icon-180x180.png"/>\n
Action.c(130):             <!-- Android Icon medium *1, high *1.5, x-high *2, xx-high *3, xxx-high *4-->\n
Action.c(130):             <link rel="icon" type="image/png" sizes="16x16" href="/shop/images/favicon/ppod-fa
Action.c(130):     vicon-16x16.png"/>\n
Action.c(130):             <link rel="icon" type="image/png" sizes="24x24" href="/shop/images/favicon/ppod-fa
Action.c(130):     vicon-24x24.png"/>\n
Action.c(130):             <link rel="icon" type="image/png" sizes="32x32" href="/shop/images/favicon/ppod-fa
Action.c(130):     vicon-32x32.png"/>\n
Action.c(130):             <link rel="icon" type="image/png" sizes="48x48" href="/shop/images/favicon/ppod-fa
Action.c(130):     vicon-48x48.png"/>\n
Action.c(130):             <link rel="icon" type="image/png" sizes="64x64" href="/shop/images/favicon/ppod-fa
Action.c(130):     vicon-64x64.png"/>\n
Action.c(130):             <link rel="icon" type="image/png" sizes="96x96" href="/shop/images/favicon/ppod-fa
Action.c(130):     vicon-96x96.png"/>  \n
Action.c(130):             <link rel="icon" type="image/png" sizes="192x192"  href="/shop/images/favicon/ppod
Action.c(130):     -android-icon-192x192.png"/>\n
Action.c(130):             <link rel="manifest" href="/shop/images/favicon/manifest-ppod.json"/>\n
Action.c(130):             <!-- IE11 Browser Icon-->\n
Action.c(130):             <meta name="msapplication-TileColor" content="#ffffff"/>\n
Action.c(130):             <meta name="msapplication-TileImage" content="/shop/images/favicon/ppod-ms-icon-14
Action.c(130):     4x144.png"/>\n
Action.c(130):             <meta name="msapplication-config" content="/shop/images/favicon/browserconfig-ppod
Action.c(130):     .xml"/>\n
Action.c(130):             <meta name="theme-color" content="#ffffff"/>\n
Action.c(130):         \n
Action.c(130):     \n
Action.c(130):         \n
Action.c(130):     \n
Action.c(130):     \n
Action.c(130):         \n
Action.c(130):             <script type="text/javascript" src="/ppd/bundles/js/ppdBundle.js"> </script>\n
Action.c(130):         \n
Action.c(130):     \n
Action.c(130):         \n
Action.c(130):         <!-- BEGIN FullStory tracker snippet -->\n
Action.c(130):         <script>\n
Action.c(130):             if (typeof timeOrdQy === "undefined" || timeOrdQy <= 3) {\n
Action.c(130):                 window['_fs_debug'] = false;\n
Action.c(130):                 window['_fs_host'] = 'fullstory.com';\n
Action.c(130):                 window['_fs_org'] = 'BYSXZ';\n
Action.c(130):                 window['_fs_namespace'] = 'FS';\n
Action.c(130):                 (function(m,n,e,t,l,o,g,y){\n
Action.c(130):                     if (e in m) {if(m.console && m.console.log) { m.console.log('FullStory nam
Action.c(130):     espace conflict. Please set window["_fs_namespace"].');} return;}\n
Action.c(130):                     g=m[e]=function(a,b){g.q?g.q.push([a,b]):g._api(a,b);};g.q=[];\n
Action.c(130):                     o=n.createElement(t);o.async=1;o.src='https://'+_fs_host+'/s/fs.js';\n
Action.c(130):                     y=n.getElementsByTagName(t)[0];y.parentNode.insertBefore(o,y);\n
Action.c(130):                     g.identify=function(i,v){g(l,{uid:i});if(v)g(l,v)};g.setUserVars=function(
Action.c(130):     v){g(l,v)};\n
Action.c(130):                     g.shutdown=function(){g("rec",!1)};g.restart=function(){g("rec",!0)};\n
Action.c(130):                     g.consent=function(a){g("consent",!arguments.length||a)};\n
Action.c(130):                     g.identifyAccount=function(i,v){o='account';v=v||{};v.acctId=i;g(o,v)};\n
Action.c(130):                     g.clearUserCookie=function(){};\n
Action.c(130):                 })(window,document,window['_fs_namespace'],'script','user');\n
Action.c(130):             }\n
Action.c(130):         </script>\n
Action.c(130):         <!-- END Fullstory tracker snippet -->\n
Action.c(130):     \n
Action.c(130):     \n
Action.c(130):         <title ng-bind="app.title"></title>\n
Action.c(130):     \n
Action.c(130):         <script type="text/javascript">\n
Action.c(130):     \n
Action.c(130):             var appConfig = {\n
Action.c(130):                     apiKey: '400',\n
Action.c(130):                     googleAnalyticsId: 'UA-20096507-3',\n
Action.c(130):                     secureEnabled: true,\n
Action.c(130):                     defaultZip: null,\n
Action.c(130):                     defaultPickupLocation: null,\n
Action.c(130):                     opcoTheme: 'PPOD'\n
Action.c(130):                 },\n
Action.c(130):                 messageBundle = {},\n
Action.c(130):                 callbacks = {};\n
Action.c(130):     \n
Action.c(130):             appConfig.opcoTheme = 'PPOD';\n
Action.c(130):     \n
Action.c(130):             window.dataLayer = window.dataLayer || [];\n
Action.c(130):             window.dataLayer.push({\n
Action.c(130):                 'event': 'gt-dataLayer-initialized',\n
Action.c(130):                 'pageCategory': 'landing',\n
Action.c(130):                 'brand': 'PPOD'\n
Action.c(130):             });\n
Action.c(130):         </script>\n
Action.c(130):         <script type="text/javascript">\n
Action.c(130):            appConfig.siteUrls = {"stores":{}}\n
Action.c(130):         </script>\n
Action.c(130):     \n
Action.c(130):     \n
Action.c(130):         \n
Action.c(130):         \n
Action.c(130):       \n
Action.c(130):         \n
Action.c(130):         \n
Action.c(130):           <script type="text/javascript">\n
Action.c(130):             WebFontConfig = {\n
Action.c(130):               custom: {\n
Action.c(130):                 families: ['ProximaNova', 'ProximaNova-RegularIt', 'ProximaNova-SemiboldIt'],\n
Action.c(130):                 urls: ['/shop/dist/css/font_proximanova_705e35c0df20c13982913d26499db9d9072559
Action.c(130):     c4.css']\n
Action.c(130):               }\n
Action.c(130):             };\n
Action.c(130):           </script>\n
Action.c(130):         \n
Action.c(130):       \n
Action.c(130):     \n
Action.c(130):         \n
Action.c(130):         \n
Action.c(130):             \n
Action.c(130):             \n
Action.c(130):             \n
Action.c(130):             \n
Action.c(130):             \n
Action.c(130):                 <link type="text/css" href="/shop/dist/css/ppod_705e35c0df20c13982913d26499db9
Action.c(130):     d9072559c4.css" rel="stylesheet" />\n
Action.c(130):             \n
Action.c(130):             \n
Action.c(130):         \n
Action.c(130):     \n
Action.c(130):         <script src="/shop/dist/js/project-newman-external_705e35c0df20c13982913d26499db9d9072
Action.c(130):     559c4.js" type="text/javascript"></script>\n
Action.c(130):         <script src="/shop/dist/js/project-newman-user_705e35c0df20c13982913d26499db9d9072559c
Action.c(130):     4.js" type="text/javascript"></script>\n
Action.c(130):         <script src="/shop/dist/js/project-newman-tpls_705e35c0df20c13982913d26499db9d9072559c
Action.c(130):     4.js" type="text/javascript"></script>\n
Action.c(130):         <script src="/shop/dist/js/webfontloader.1.6.28.min_705e35c0df20c13982913d26499db9d907
Action.c(130):     2559c4.js" type="text/javascript"></script>\n
Action.c(130):     \n
Action.c(130):         <base href="/shop/auth/">\n
Action.c(130):     </head>\n
Action.c(130):     <body route-focus-delegator js-context-back-handler-root ppd-js-context watch-width ng-con
Action.c(130):     troller="viewHelperController" ng-keydown="toggleFocus($event)" ng-class="{ back: isBack, 
Action.c(130):     forward: isForward, 'with-subheader': app.subHeader != '', 'with-warning-header': warningH
Action.c(130):     eader != '', animateView: animateView, authValidating: authValidating, 'tab-key--active': 
Action.c(130):     tabKeyActive }">\n
Action.c(130):     \n
Action.c(130):         <!-- BEGIN Google Tag Manager noscript -->\n
Action.c(130):         <noscript>\n
Action.c(130):             <iframe\n
Action.c(130):                 src="https://www.googletagmanager.com/ns.html?id=GTM-PN7ML7L"\n
Action.c(130):                 height="0"\n
Action.c(130):                 width="0"\n
Action.c(130):                 style="display:none;visibility:hidden">\n
Action.c(130):             </iframe>\n
Action.c(130):         </noscript>\n
Action.c(130):         <!-- END Google Tag Manager noscript -->\n
Action.c(130):     \n
Action.c(130):     \n
Action.c(130):     <div ng-include="'/shop/site/partials/global/alert/alert.html'"></div>\n
Action.c(130):     \n
Action.c(130):     <div class="mask mask--black ng-cloak" ng-click="transitioningToModal !== true && openName
Action.c(130):     dView('')" ng-if="((activeView != ''  && ! isSearchActive) && (activeView != 'site-transit
Action.c(130):     ion')) || transitioningToModal"></div>\n
Action.c(130):     \n
Action.c(130):     <aside role="complementary" aria-label="Pickup location window"  ng-class="{'slide-up': !i
Action.c(130):     sDesktop(), 'modal-fade': isDesktop()}" class="sidebar sidebar--modal pickup-location-moda
Action.c(130):     l ng-cloak" aria-hidden="{{ alertPresent }}" view-name="pickup-location-modal" tabindex="-
Action.c(130):     1" ppd-if="activeView == 'pickup-location-modal'" after-enter="afterEnter" after-leave="af
Action.c(130):     terLeaveModal" ppd-static-view-content>\n
Action.c(130):         <div class="flex-content_container container--full-height" ng-include="'/shop/site/par
Action.c(130):     tials/global/popup/pup/pickup-point-selection.html'">\n
Action.c(130):         </div>\n
Action.c(130):     </aside>\n
Action.c(130):     \n
Action.c(130):     <aside role="complementary" aria-label="Site transition window" ng-class="{'slide-up': !is
Action.c(130):     Desktop(), 'modal-fade': isDesktop()}" class="sidebar modal--full-screen" aria-hidden="{{ 
Action.c(130):     alertPresent }}" view-name="site-transition" tabindex="-1" ppd-if="activeView == 'site-tra
Action.c(130):     nsition'" after-enter="afterEnter" after-leave="afterLeaveModal" ppd-static-view-content>\n
Action.c(130):         <div class="flex-content_container container--full-height">\n
Action.c(130):             <div class="st_container st_container--page" ng-include="'/shop/site/partials/glob
Action.c(130):     al/site-transition/peapod-to-brand/index.html'"></div>\n
Action.c(130):         </div>\n
Action.c(130):     </aside>\n
Action.c(130):     \n
Action.c(130):     <div class="flex-content_container container--full-height" aria-hidden="{{ alertPresent }}
Action.c(130):     ">\n
Action.c(130):         <div class="flex-content_row--expanded">\n
Action.c(130):             <div class="wrapper-login" ng-class="{'scrollable': screenType === 'desktop'}">\n
Action.c(130):                 <div class="main-login" ng-view ng-class="{'scrollable-content': screenType ==
Action.c(130):     = 'desktop'}">\n
Action.c(130):                 </div>\n
Action.c(130):             </div>\n
Action.c(130):         </div>\n
Action.c(130):     </div>\n
Action.c(130):     </body>\n
Action.c(130):     </html>\n
Action.c(130):     \n
Action.c(130):                         \n
Action.c(130):                 \n
Action.c(130):         \n
Action.c(130): web_custom_request("login") was successful, 2771 body bytes, 881 header bytes  	[MsgId: MMSG-26386]
Action.c(140): web_custom_request("PeapodIcons.json_2") started  	[MsgId: MMSG-26355]
Action.c(140): t=19915ms: 724-byte response headers for "https://stage.peapod.com/shop/images/icons/PeapodIcons.json" (RelFrameId=1, Internal ID=13)
Action.c(140):     HTTP/1.1 200 OK\r\n
Action.c(140):     Date: Sun, 24 Nov 2019 16:39:37 GMT\r\n
Action.c(140):     Content-Type: application/json\r\n
Action.c(140):     Transfer-Encoding: chunked\r\n
Action.c(140):     Connection: keep-alive\r\n
Action.c(140):     Strict-Transport-Security: max-age=63072000; includeSubdomains;\r\n
Action.c(140):     Last-Modified: Wed, 20 Nov 2019 22:22:25 GMT\r\n
Action.c(140):     Accept-Ranges: bytes\r\n
Action.c(140):     Vary: Accept-Encoding,User-Agent\r\n
Action.c(140):     Content-Encoding: gzip\r\n
Action.c(140):     Cache-Control: no-store\r\n
Action.c(140):     X-XSS-Protection: 1; mode=block\r\n
Action.c(140):     X-Content-Type-Options: nosniff\r\n
Action.c(140):     Strict-Transport-Security: max-age=86400; includeSubDomains\r\n
Action.c(140):     Content-Security-Policy: frame-ancestors 'self' *.giantfood.com\r\n
Action.c(140):     CF-Cache-Status: DYNAMIC\r\n
Action.c(140):     Expect-CT: max-age=604800, report-uri="https://report-uri.cloudflare.com/cdn-cgi/beacon/ex
Action.c(140):     pect-ct"\r\n
Action.c(140):     Server: cloudflare\r\n
Action.c(140):     CF-RAY: 53acd1ea5bf82460-IAD\r\n
Action.c(140):     \r\n
Action.c(140): t=19919ms: 639-byte ENCODED response body received for "https://stage.peapod.com/shop/images/icons/PeapodIcons.json" (RelFrameId=1, Internal ID=13)
Action.c(140): t=19919ms: 4067-byte DECODED response body for "https://stage.peapod.com/shop/images/icons/PeapodIcons.json" (RelFrameId=1, Internal ID=13)
Action.c(140):     {\n
Action.c(140):       "selection": [\n
Action.c(140):         {\n
Action.c(140):           "order": 0,\n
Action.c(140):           "name": "gntl-logo"\n
Action.c(140):         },\n
Action.c(140):         {\n
Action.c(140):           "order": 0,\n
Action.c(140):           "name": "flexible-rewards-mark",\n
Action.c(140):           "prevSize": 32\n
Action.c(140):         },\n
Action.c(140):         {\n
Action.c(140):           "order": 0,\n
Action.c(140):           "name": "giant-choice-rewards-logo",\n
Action.c(140):           "prevSize": 32\n
Action.c(140):         },\n
Action.c(140):         {\n
Action.c(140):           "order": 0,\n
Action.c(140):           "name": "go-rewards-logo",\n
Action.c(140):           "prevSize": 32\n
Action.c(140):         },\n
Action.c(140):         {\n
Action.c(140):           "order": 0,\n
Action.c(140):           "name": "martins-choice-rewards-logo",\n
Action.c(140):           "prevSize": 32\n
Action.c(140):         },\n
Action.c(140):         {\n
Action.c(140):           "order": 0,\n
Action.c(140):           "name": "sns-special-offers-icon",\n
Action.c(140):           "prevSize": 32\n
Action.c(140):         },\n
Action.c(140):         {\n
Action.c(140):           "order": 0,\n
Action.c(140):           "name": "gm-special-offers-icon",\n
Action.c(140):           "prevSize": 32\n
Action.c(140):         },\n
Action.c(140):         {\n
Action.c(140):           "order": 0,\n
Action.c(140):           "name": "gf-special-offers-icon",\n
Action.c(140):           "prevSize": 32\n
Action.c(140):         },\n
Action.c(140):         {\n
Action.c(140):           "order": 0,\n
Action.c(140):           "name": "Confirmation-Check",\n
Action.c(140):           "prevSize": 32\n
Action.c(140):         },\n
Action.c(140):         {\n
Action.c(140):           "order": 0,\n
Action.c(140):           "name": "Home_GM",\n
Action.c(140):           "prevSize": 32\n
Action.c(140):         },\n
Action.c(140):         {\n
Action.c(140):           "order": 0,\n
Action.c(140):           "name": "More_GM",\n
Action.c(140):           "prevSize": 32\n
Action.c(140):         },\n
Action.c(140):         {\n
Action.c(140):           "order": 0,\n
Action.c(140):           "name": "Rewards_GM",\n
Action.c(140):           "prevSize": 32\n
Action.c(140):         },\n
Action.c(140):         {\n
Action.c(140):           "order": 0,\n
Action.c(140):           "name": "icon-list-add",\n
Action.c(140):           "prevSize": 32\n
Action.c(140):         },\n
Action.c(140):         {\n
Action.c(140):           "order": 0,\n
Action.c(140):           "name": "icon-list-nav",\n
Action.c(140):           "prevSize": 32\n
Action.c(140):         },\n
Action.c(140):         {\n
Action.c(140):           "order": 0,\n
Action.c(140):           "name": "delivery-gntc-inverse",\n
Action.c(140):           "prevSize": 32\n
Action.c(140):         },\n
Action.c(140):         {\n
Action.c(140):           "order": 0,\n
Action.c(140):           "name": "in-store-gntc-inverse"\n
Action.c(140):         },\n
Action.c(140):         {\n
Action.c(140):           "order": 0,\n
Action.c(140):           "name": "pick-up-gntc-inverse"\n
Action.c(140):         },\n
Action.c(140):         {\n
Action.c(140):           "order": 0,\n
Action.c(140):           "name": "delivery-mrtn-inverse"\n
Action.c(140):         },\n
Action.c(140):         {\n
Action.c(140):           "order": 0,\n
Action.c(140):           "name": "in-store-mrtn-inverse"\n
Action.c(140):         },\n
Action.c(140):         {\n
Action.c(140):           "order": 0,\n
Action.c(140):           "name": "pick-up-mrtn-inverse"\n
Action.c(140):         },\n
Action.c(140):         {\n
Action.c(140):           "order": 0,\n
Action.c(140):           "name": "delivery-gntl-inverse"\n
Action.c(140):         },\n
Action.c(140):         {\n
Action.c(140):           "order": 0,\n
Action.c(140):           "name": "in-store-gntl-inverse"\n
Action.c(140):         },\n
Action.c(140):         {\n
Action.c(140):           "order": 0,\n
Action.c(140):           "name": "pick-up-gntl-inverse"\n
Action.c(140):         },\n
Action.c(140):         {\n
Action.c(140):           "order": 0,\n
Action.c(140):           "name": "delivery-stsh-inverse"\n
Action.c(140):         },\n
Action.c(140):         {\n
Action.c(140):           "order": 0,\n
Action.c(140):           "name": "in-store-stsh-inverse"\n
Action.c(140):         },\n
Action.c(140):         {\n
Action.c(140):           "order": 0,\n
Action.c(140):           "name": "pick-up-stsh-inverse"\n
Action.c(140):         },\n
Action.c(140):         {\n
Action.c(140):           "order": 0,\n
Action.c(140):           "name": "Order-Genius_GM",\n
Action.c(140):           "prevSize": 32\n
Action.c(140):         },\n
Action.c(140):         {\n
Action.c(140):           "order": 0,\n
Action.c(140):           "name": "Recipes_GM",\n
Action.c(140):           "prevSize": 32\n
Action.c(140):         },\n
Action.c(140):         {\n
Action.c(140):           "order": 0,\n
Action.c(140):           "name": "gf-gas-savings-icon-orig",\n
Action.c(140):           "prevSize": 32\n
Action.c(140):         },\n
Action.c(140):         {\n
Action.c(140):           "order": 0,\n
Action.c(140):           "name": "gm-gas-savings-icon-1",\n
Action.c(140):           "prevSize": 32\n
Action.c(140):         },\n
Action.c(140):         {\n
Action.c(140):           "order": 0,\n
Action.c(140):           "name": "sns-gas-savings-icon",\n
Action.c(140):           "prevSize": 32\n
Action.c(140):         },\n
Action.c(140):         {\n
Action.c(140):           "order": 0,\n
Action.c(140):           "name": "gm-grocery-dollars-icon",\n
Action.c(140):           "prevSize": 32\n
Action.c(140):         },\n
Action.c(140):         {\n
Action.c(140):           "order": 0,\n
Action.c(140):           "name": "sns-grocery-dollars-icon",\n
Action.c(140):           "prevSize": 32\n
Action.c(140):         },\n
Action.c(140):         {\n
Action.c(140):           "order": 0,\n
Action.c(140):           "name": "peapod-powered-by-stop-and-shop",\n
Action.c(140):           "prevSize": 32\n
Action.c(140):         },\n
Action.c(140):         {\n
Action.c(140):           "order": 0,\n
Action.c(140):           "name": "pick-up-gntl",\n
Action.c(140):           "prevSize": 32\n
Action.c(140):         },\n
Action.c(140):         {\n
Action.c(140):           "order": 0,\n
Action.c(140):           "name": "pick-up-gntc"\n
Action.c(140):         },\n
Action.c(140):         {\n
Action.c(140):           "order": 0,\n
Action.c(140):           "name": "delivery-gntc",\n
Action.c(140):           "prevSize": 32\n
Action.c(140):         },\n
Action.c(140):         {\n
Action.c(140):           "order": 0,\n
Action.c(140):           "name": "delivery-mrtn"\n
Action.c(140):         },\n
Action.c(140):         {\n
Action.c(140):           "order": 0,\n
Action.c(140):           "name": "in-store-gntc"\n
Action.c(140):         },\n
Action.c(140):         {\n
Action.c(140):           "order": 0,\n
Action.c(140):           "name": "in-store-gntl"\n
Action.c(140):         },\n
Action.c(140):         {\n
Action.c(140):           "order": 0,\n
Action.c(140):           "name": "in-store-mrtn"\n
Action.c(140):         },\n
Action.c(140):         {\n
Action.c(140):           "order": 0,\n
Action.c(140):           "name": "pick-up-mrtn"\n
Action.c(140):         },\n
Action.c(140):         {\n
Action.c(140):           "order": 0,\n
Action.c(140):           "name": "delivery-gntl"\n
Action.c(140):         },\n
Action.c(140):         {\n
Action.c(140):           "order": 0,\n
Action.c(140):           "name": "delivery-stsh"\n
Action.c(140):         },\n
Action.c(140):         {\n
Action.c(140):           "order": 0,\n
Action.c(140):           "name": "in-store-stsh"\n
Action.c(140):         },\n
Action.c(140):         {\n
Action.c(140):           "order": 0,\n
Action.c(140):           "name": "pick-up-stsh"\n
Action.c(140):         },\n
Action.c(140):         {\n
Action.c(140):           "order": 0,\n
Action.c(140):           "name": "martins-powered-by-peapod"\n
Action.c(140):         },\n
Action.c(140):         {\n
Action.c(140):           "order": 0,\n
Action.c(140):           "name": "giant-carlisle-powered-by-peapod"\n
Action.c(140):         },\n
Action.c(140):         {\n
Action.c(140):           "order": 0,\n
Action.c(140):           "name": "giant-landover-powered-by-peapod"\n
Action.c(140):         },\n
Action.c(140):         {\n
Action.c(140):           "order": 0,\n
Action.c(140):           "name": "stop-and-shop-powered-by-peapod"\n
Action.c(140):         },\n
Action.c(140):         {\n
Action.c(140):           "order": 0,\n
Action.c(140):           "name": "barcode-icon",\n
Action.c(140):           "prevSize": 32\n
Action.c(140):         },\n
Action.c(140):         {\n
Action.c(140):           "order": 0,\n
Action.c(140):           "name": "Print",\n
Action.c(140):           "prevSize": 32\n
Action.c(140):         },\n
Action.c(140):         {\n
Action.c(140):           "order": 0,\n
Action.c(140):           "name": "icon
Action.c(140): t=19957ms: 12288-byte ENCODED response body received for "https://stage.peapod.com/shop/images/icons/PeapodIcons.json" (RelFrameId=1, Internal ID=13)
Action.c(140): t=19958ms: 12288-byte DECODED response body for "https://stage.peapod.com/shop/images/icons/PeapodIcons.json" (RelFrameId=1, Internal ID=13)
Action.c(140):     _rewards"\n
Action.c(140):         },\n
Action.c(140):         {\n
Action.c(140):           "order": 0,\n
Action.c(140):           "name": "Coupon-Fulfilled-3",\n
Action.c(140):           "prevSize": 32\n
Action.c(140):         },\n
Action.c(140):         {\n
Action.c(140):           "order": 0,\n
Action.c(140):           "name": "Information",\n
Action.c(140):           "prevSize": 32\n
Action.c(140):         },\n
Action.c(140):         {\n
Action.c(140):           "order": 0,\n
Action.c(140):           "name": "Coupon-Fulfilled-1",\n
Action.c(140):           "prevSize": 32\n
Action.c(140):         },\n
Action.c(140):         {\n
Action.c(140):           "order": 0,\n
Action.c(140):           "name": "person",\n
Action.c(140):           "prevSize": 32\n
Action.c(140):         },\n
Action.c(140):         {\n
Action.c(140):           "order": 0,\n
Action.c(140):           "name": "menu",\n
Action.c(140):           "prevSize": 32\n
Action.c(140):         },\n
Action.c(140):         {\n
Action.c(140):           "order": 0,\n
Action.c(140):           "name": "fuel-rewards",\n
Action.c(140):           "prevSize": 32\n
Action.c(140):         },\n
Action.c(140):         {\n
Action.c(140):           "order": 0,\n
Action.c(140):           "name": "Fuel-savings",\n
Action.c(140):           "prevSize": 32\n
Action.c(140):         },\n
Action.c(140):         {\n
Action.c(140):           "order": 0,\n
Action.c(140):           "name": "pin",\n
Action.c(140):           "prevSize": 32\n
Action.c(140):         },\n
Action.c(140):         {\n
Action.c(140):           "order": 0,\n
Action.c(140):           "name": "google-play",\n
Action.c(140):           "prevSize": 32\n
Action.c(140):         },\n
Action.c(140):         {\n
Action.c(140):           "order": 0,\n
Action.c(140):           "name": "app-store",\n
Action.c(140):           "prevSize": 32\n
Action.c(140):         },\n
Action.c(140):         {\n
Action.c(140):           "order": 0,\n
Action.c(140):           "name": "icon-directions",\n
Action.c(140):           "prevSize": 32\n
Action.c(140):         },\n
Action.c(140):         {\n
Action.c(140):           "order": 0,\n
Action.c(140):           "name": "icon-locator-pin",\n
Action.c(140):           "prevSize": 32\n
Action.c(140):         },\n
Action.c(140):         {\n
Action.c(140):           "order": 0,\n
Action.c(140):           "name": "organic",\n
Action.c(140):           "prevSize": 32\n
Action.c(140):         },\n
Action.c(140):         {\n
Action.c(140):           "order": 0,\n
Action.c(140):           "name": "giant-logo-solo",\n
Action.c(140):           "prevSize": 32\n
Action.c(140):         },\n
Action.c(140):         {\n
Action.c(140):           "order": 0,\n
Action.c(140):           "name": "martins-logo-solo",\n
Action.c(140):           "prevSize": 32\n
Action.c(140):         },\n
Action.c(140):         {\n
Action.c(140):           "order": 0,\n
Action.c(140):           "name": "martins-direct-logo",\n
Action.c(140):           "prevSize": 32\n
Action.c(140):         },\n
Action.c(140):         {\n
Action.c(140):           "order": 0,\n
Action.c(140):           "name": "giant-direct-logo",\n
Action.c(140):           "prevSize": 32\n
Action.c(140):         },\n
Action.c(140):         {\n
Action.c(140):           "order": 0,\n
Action.c(140):           "name": "martins-logo",\n
Action.c(140):           "prevSize": 32,\n
Action.c(140):           "codes": [\n
Action.c(140):             59649,\n
Action.c(140):             59650,\n
Action.c(140):             59651,\n
Action.c(140):             59652,\n
Action.c(140):             59653,\n
Action.c(140):             59654,\n
Action.c(140):             59665,\n
Action.c(140):             59666,\n
Action.c(140):             59667,\n
Action.c(140):             59668,\n
Action.c(140):             59669,\n
Action.c(140):             59670,\n
Action.c(140):             59671,\n
Action.c(140):             59672,\n
Action.c(140):             59673,\n
Action.c(140):             59674,\n
Action.c(140):             59675,\n
Action.c(140):             59676,\n
Action.c(140):             59677,\n
Action.c(140):             59678,\n
Action.c(140):             59679,\n
Action.c(140):             59680,\n
Action.c(140):             59681,\n
Action.c(140):             59682,\n
Action.c(140):             59683,\n
Action.c(140):             59684,\n
Action.c(140):             59685,\n
Action.c(140):             59686,\n
Action.c(140):             59687,\n
Action.c(140):             59688,\n
Action.c(140):             59689,\n
Action.c(140):             59690,\n
Action.c(140):             59691,\n
Action.c(140):             59692,\n
Action.c(140):             59693,\n
Action.c(140):             59694,\n
Action.c(140):             59695,\n
Action.c(140):             59696,\n
Action.c(140):             59697,\n
Action.c(140):             59698\n
Action.c(140):           ]\n
Action.c(140):         },\n
Action.c(140):         {\n
Action.c(140):           "order": 0,\n
Action.c(140):           "name": "peapod-by-martins",\n
Action.c(140):           "prevSize": 32\n
Action.c(140):         },\n
Action.c(140):         {\n
Action.c(140):           "order": 0,\n
Action.c(140):           "name": "SSlogo_noTM",\n
Action.c(140):           "prevSize": 32,\n
Action.c(140):           "codes": [\n
Action.c(140):             59699,\n
Action.c(140):             59700,\n
Action.c(140):             59701,\n
Action.c(140):             59702,\n
Action.c(140):             59703,\n
Action.c(140):             59704,\n
Action.c(140):             59705,\n
Action.c(140):             59706,\n
Action.c(140):             59707,\n
Action.c(140):             59708,\n
Action.c(140):             59709\n
Action.c(140):           ]\n
Action.c(140):         },\n
Action.c(140):         {\n
Action.c(140):           "order": 0,\n
Action.c(140):           "name": "svgxmlbase64, PHN2ZyB4bWxucz0iaHR0cDovL3d3dy53My5vcmcvMjAwMC9zdmciIHZlcnNpb
Action.c(140):     249IjEuMSIgeD0iMHB4IiB5PSIwcHgiIGZvY3VzYWJsZT0iZmFsc2UiIHZpZXdCb3g9IjAgMCAzNTIwIDEwMjQiIGN
Action.c(140):     sYXNzPSIiIHJvbGU9InByZXNlbnRhdGlvbiIgYXJpYS1oaWRkZW49InRydWUiPjx0aXRsZT5QZ",\n
Action.c(140):           "prevSize": 32\n
Action.c(140):         },\n
Action.c(140):         {\n
Action.c(140):           "order": 0,\n
Action.c(140):           "name": "giant-carlisle-logo",\n
Action.c(140):           "prevSize": 32,\n
Action.c(140):           "codes": [\n
Action.c(140):             59655,\n
Action.c(140):             59656,\n
Action.c(140):             59657,\n
Action.c(140):             59658,\n
Action.c(140):             59659,\n
Action.c(140):             59660,\n
Action.c(140):             59661,\n
Action.c(140):             59662,\n
Action.c(140):             59663,\n
Action.c(140):             59664\n
Action.c(140):           ]\n
Action.c(140):         },\n
Action.c(140):         {\n
Action.c(140):           "order": 13,\n
Action.c(140):           "name": "giant-landover-logo",\n
Action.c(140):           "prevSize": 32,\n
Action.c(140):           "codes": [\n
Action.c(140):             59665,\n
Action.c(140):             59666,\n
Action.c(140):             59667,\n
Action.c(140):             59668,\n
Action.c(140):             59669,\n
Action.c(140):             59670,\n
Action.c(140):             59671,\n
Action.c(140):             59672,\n
Action.c(140):             59673,\n
Action.c(140):             59674,\n
Action.c(140):             59675\n
Action.c(140):           ]\n
Action.c(140):         },\n
Action.c(140):         {\n
Action.c(140):           "order": 0,\n
Action.c(140):           "name": "sns-logo",\n
Action.c(140):           "prevSize": 32,\n
Action.c(140):           "codes": [\n
Action.c(140):             59676,\n
Action.c(140):             59677,\n
Action.c(140):             59678,\n
Action.c(140):             59679,\n
Action.c(140):             59680,\n
Action.c(140):             59681,\n
Action.c(140):             59682,\n
Action.c(140):             59683,\n
Action.c(140):             59684,\n
Action.c(140):             59685,\n
Action.c(140):             59686,\n
Action.c(140):             59687,\n
Action.c(140):             59688,\n
Action.c(140):             59689,\n
Action.c(140):             59690\n
Action.c(140):           ]\n
Action.c(140):         },\n
Action.c(140):         {\n
Action.c(140):           "order": 0,\n
Action.c(140):           "name": "peapod-giant-landover-link-logo",\n
Action.c(140):           "prevSize": 32,\n
Action.c(140):           "codes": [\n
Action.c(140):             59691,\n
Action.c(140):             59692,\n
Action.c(140):             59693,\n
Action.c(140):             59694,\n
Action.c(140):             59695,\n
Action.c(140):             59696,\n
Action.c(140):             59697,\n
Action.c(140):             59698,\n
Action.c(140):             59699,\n
Action.c(140):             59700,\n
Action.c(140):             59701,\n
Action.c(140):             59702,\n
Action.c(140):             59703,\n
Action.c(140):             59704,\n
Action.c(140):             59705,\n
Action.c(140):             59706,\n
Action.c(140):             59707,\n
Action.c(140):             59708,\n
Action.c(140):             59709,\n
Action.c(140):             59710\n
Action.c(140):           ]\n
Action.c(140):         },\n
Action.c(140):         {\n
Action.c(140):           "order": 0,\n
Action.c(140):           "name": "peapod-giant-carlisle-link-logo",\n
Action.c(140):           "prevSize": 32,\n
Action.c(140):           "codes": [\n
Action.c(140):             59711,\n
Action.c(140):             59712,\n
Action.c(140):             59713,\n
Action.c(140):             59714,\n
Action.c(140):             59715,\n
Action.c(140):             59716,\n
Action.c(140):             59717,\n
Action.c(140):             59718,\n
Action.c(140):             59719,\n
Action.c(140):             59720,\n
Action.c(140):             59721,\n
Action.c(140):             59722,\n
Action.c(140):             59723,\n
Action.c(140):             59724,\n
Action.c(140):             59725,\n
Action.c(140):             59726,\n
Action.c(140):             59727,\n
Action.c(140):             59728,\n
Action.c(140):             59729\n
Action.c(140):           ]\n
Action.c(140):         },\n
Action.c(140):         {\n
Action.c(140):           "order": 0,\n
Action.c(140):           "name": "peapod-stopnshop-link-logo",\n
Action.c(140):           "prevSize": 32,\n
Action.c(140):           "codes": [\n
Action.c(140):             59730,\n
Action.c(140):             59731,\n
Action.c(140):             59732,\n
Action.c(140):             59733,\n
Action.c(140):             59734,\n
Action.c(140):             59735,\n
Action.c(140):             59736,\n
Action.c(140):             59737,\n
Action.c(140):             59738,\n
Action.c(140):             59739,\n
Action.c(140):             59740,\n
Action.c(140):             59741,\n
Action.c(140):             59742,\n
Action.c(140):             59743,\n
Action.c(140):             59744,\n
Action.c(140):             59745,\n
Action.c(140):             59746,\n
Action.c(140):             59747,\n
Action.c(140):             59748,\n
Action.c(140):             59749,\n
Action.c(140):             59750,\n
Action.c(140):             59751,\n
Action.c(140):             59752,\n
Action.c(140):             59753\n
Action.c(140):           ]\n
Action.c(140):         },\n
Action.c(140):         {\n
Action.c(140):           "order": 0,\n
Action.c(140):           "name": "icon_truck",\n
Action.c(140):           "prevSize": 32\n
Action.c(140):         },\n
Action.c(140):         {\n
Action.c(140):           "order": 0,\n
Action.c(140):           "name": "truck",\n
Action.c(140):           "prevSize": 32\n
Action.c(140):         },\n
Action.c(140):         {\n
Action.c(140):           "order": 0,\n
Action.c(140):           "prevSize": 32,\n
Action.c(140):           "name": "peapod-logo-giant-carlisle",\n
Action.c(140):           "codes": [\n
Action.c(140):             59756,\n
Action.c(140):             59757,\n
Action.c(140):             59758,\n
Action.c(140):             59759,\n
Action.c(140):             59760,\n
Action.c(140):             59761,\n
Action.c(140):             59762,\n
Action.c(140):             59763,\n
Action.c(140):             59764,\n
Action.c(140):             59765,\n
Action.c(140):             59766,\n
Action.c(140):             59767,\n
Action.c(140):             59768,\n
Action.c(140):             59769,\n
Action.c(140):             59770,\n
Action.c(140):             59771,\n
Action.c(140):             59772,\n
Action.c(140):             59773,\n
Action.c(140):             59774,\n
Action.c(140):             59775,\n
Action.c(140):             59776,\n
Action.c(140):             59777\n
Action.c(140):           ]\n
Action.c(140):         },\n
Action.c(140):         {\n
Action.c(140):           "order": 0,\n
Action.c(140):           "name": "guiding-stars-1",\n
Action.c(140):           "prevSize": 32,\n
Action.c(140):           "codes": [\n
Action.c(140):             59778,\n
Action.c(140):             59779,\n
Action.c(140):             59780,\n
Action.c(140):             59781,\n
Action.c(140):             59782,\n
Action.c(140):             59783,\n
Action.c(140):             59784,\n
Action.c(140):             59785\n
Action.c(140):           ]\n
Action.c(140):         },\n
Action.c(140):         {\n
Action.c(140):           "order": 0,\n
Action.c(140):           "name": "guiding-stars-2",\n
Action.c(140):           "prevSize": 32,\n
Action.c(140):           "codes": [\n
Action.c(140):             59786,\n
Action.c(140):             59787,\n
Action.c(140):             59788,\n
Action.c(140):             59789,\n
Action.c(140):             59790,\n
Action.c(140):             59791,\n
Action.c(140):             59792,\n
Action.c(140):             59793,\n
Action.c(140):             59794,\n
Action.c(140):             59795\n
Action.c(140):           ]\n
Action.c(140):         },\n
Action.c(140):         {\n
Action.c(140):           "order": 0,\n
Action.c(140):           "name": "guiding-stars-3",\n
Action.c(140):           "prevSize": 32,\n
Action.c(140):           "codes": [\n
Action.c(140):             59796,\n
Action.c(140):             59797,\n
Action.c(140):             59798,\n
Action.c(140):             59799,\n
Action.c(140):             59800,\n
Action.c(140):             59801,\n
Action.c(140):             59802,\n
Action.c(140):             59803,\n
Action.c(140):             59804,\n
Action.c(140):             59805,\n
Action.c(140):             59806,\n
Action.c(140):             59807\n
Action.c(140):           ]\n
Action.c(140):         },\n
Action.c(140):         {\n
Action.c(140):           "order": 0,\n
Action.c(140):           "name": "shop_icon",\n
Action.c(140):           "prevSize": 32,\n
Action.c(140):           "codes": [\n
Action.c(140):             59808,\n
Action.c(140):             59809,\n
Action.c(140):             59810,\n
Action.c(140):             59811,\n
Action.c(140):             59812,\n
Action.c(140):             59813\n
Action.c(140):           ]\n
Action.c(140):         },\n
Action.c(140):         {\n
Action.c(140):           "order": 0,\n
Action.c(140):           "name": "schedule_icon",\n
Action.c(140):           "prevSize": 32,\n
Action.c(140):           "codes": [\n
Action.c(140):             59814,\n
Action.c(140):             59815,\n
Action.c(140):             59816,\n
Action.c(140):             59817\n
Action.c(140):           ]\n
Action.c(140):         },\n
Action.c(140):         {\n
Action.c(140):           "order": 0,\n
Action.c(140):           "name": "deliver_icon",\n
Action.c(140):           "prevSize": 32,\n
Action.c(140):           "codes": [\n
Action.c(140):             59818,\n
Action.c(140):             59819,\n
Action.c(140):             59820\n
Action.c(140):           ]\n
Action.c(140):         },\n
Action.c(140):         {\n
Action.c(140):           "order": 0,\n
Action.c(140):           "name": "trash-can-closed",\n
Action.c(140):           "prevSize": 32\n
Action.c(140):         },\n
Action.c(140):         {\n
Action.c(140):           "order": 0,\n
Action.c(140):           "name": "trash-can-open",\n
Action.c(140):           "prevSize": 32\n
Action.c(140):         },\n
Action.c(140):         {\n
Action.c(140):           "order": 0,\n
Action.c(140):           "name": "coffee",\n
Action.c(140):           "prevSize": 32\n
Action.c(140):         },\n
Action.c(140):         {\n
Action.c(140):           "order": 0,\n
Action.c(140):           "name": "carrot",\n
Action.c(140):           "prevSize": 32\n
Action.c(140):         },\n
Action.c(140):         {\n
Action.c(140):           "order": 0,\n
Action.c(140):           "name": "minus",\n
Action.c(140):           "prevSize": 32\n
Action.c(140):         },\n
Action.c(140):         {\n
Action.c(140):           "order": 0,\n
Action.c(140):           "name": "plus",\n
Action.c(140):           "prevSize": 32\n
Action.c(140):         },\n
Action.c(140):         {\n
Action.c(140):           "order": 0,\n
Action.c(140):           "prevSize": 32,\n
Action.c(140):           "name": "icon_pencil-edit"\n
Action.c(140):         },\n
Action.c(140):         {\n
Action.c(140):           "order": 0,\n
Action.c(140):           "prevSize": 32,\n
Action.c(140):           "name": "barcode"\n
Action.c(140):         },\n
Action.c(140):         {\n
Action.c(140):           "order": 0,\n
Action.c(140):           "prevSize": 32,\n
Action.c(140):           "name": "social-facebook"\n
Action.c(140):         },\n
Action.c(140):         {\n
Action.c(140):           "order": 0,\n
Action.c(140):           "prevSize": 32,\n
Action.c(140):           "name": "social-instagram"\n
Action.c(140):         },\n
Action.c(140):         {\n
Action.c(140):           "order": 0,\n
Action.c(140):           "prevSize": 32,\n
Action.c(140):           "name": "social-pinterest"\n
Action.c(140):         },\n
Action.c(140):         {\n
Action.c(140):           "order": 0,\n
Action.c(140):           "prevSize": 32,\n
Action.c(140):           "name": "social-twitter"\n
Action.c(140):         },\n
Action.c(140):         {\n
Action.c(140):           "order": 0,\n
Action.c(140):           "prevSize": 32,\n
Action.c(140):           "name": "social-youtube"\n
Action.c(140):         },\n
Action.c(140):         {\n
Action.c(140):           "order": 0,\n
Action.c(140):           "prevSize": 32,\n
Action.c(140):           "name": "icon_star"\n
Action.c(140):         },\n
Action.c(140):         {\n
Action.c(140):           "order": 0,\n
Action.c(140):           "prevSize": 32,\n
Action.c(140):           "name": "icon_contacts_alt"\n
Action.c(140):         },\n
Action.c(140):         {\n
Action.c(140):           "order": 0,\n
Action.c(140):           "prevSize": 32,\n
Action.c(140):           "name": "peapod-logo-2c",\n
Action.c(140):           "codes": [\n
Action.c(140):             59648,\n
Action.c(140):             59649,\n
Action.c(140):             59650,\n
Action.c(140):             59651,\n
Action.c(140):             59652,\n
Action.c(140):             59653,\n
Action.c(140):             59654\n
Action.c(140):           ]\n
Action.c(140):         },\n
Action.c(140):         {\n
Action.c(140):           "order": 0,\n
Action.c(140):           "prevSize": 32,\n
Action.c(140):           "name": "peapod-logo-business-2c",\n
Action.c(140):           "codes": [\n
Action.c(140):             59836,\n
Action.c(140):             59837,\n
Action.c(140):             59838,\n
Action.c(140):             59839,\n
Action.c(140):             59840,\n
Action.c(140):             59841,\n
Action.c(140):             59842,\n
Action.c(140):             59843,\n
Action.c(140):             59844,\n
Action.c(140):             59845,\n
Action.c(140):             59846,\n
Action.c(140):             59847,\n
Action.c(140):             59848,\n
Action.c(140):             59849,\n
Action.c(140):             59850,\n
Action.c(140):             59851,\n
Action.c(140):             59852,\n
Action.c(140):             59853,\n
Action.c(140):             59854,\n
Action.c(140):             59855,\n
Action.c(140):             59856,\n
Action.c(140):             59857,\n
Action.c(140):             59858\n
Action.c(140):           ]\n
Action.c(140):         },\n
Action.c(140):         {\n
Action.c(140):           "order": 0,\n
Action.c(140):           "prevSize": 32,\n
Action.c(140):           "name": "peapod-logo-giant-carlisle1",\n
Action.c(140):           "codes": [\n
Action.c(140):             59859,\n
Action.c(140):             59860,\n
Action.c(140):             59861,\n
Action.c(140):             59862,\n
Action.c(140):             59863,\n
Action.c(140):             59864,\n
Action.c(140):             59865,\n
Action.c(140):             59866,\n
Action.c(140):             59867,\n
Action.c(140):             59868,\n
Action.c(140):             59869,\n
Action.c(140):             59870,\n
Action.c(140):             59871,\n
Action.c(140):             59872,\n
Action.c(140):             59873,\n
Action.c(140):             59874,\n
Action.c(140):             59875,\n
Action.c(140):             59876,\n
Action.c(140):             59877,\n
Action.c(140):             59878,\n
Action.c(140):             59879,\n
Action.c(140):             59880\n
Action.c(140):           ]\n
Action.c(140):         },\n
Action.c(140):         {\n
Action.c(140):           "order": 0,\n
Action.c(140):           "prevSize": 32,\n
Action.c(140):           "name": "peapod-logo-giant-landover",\n
Action.c(140):           "codes": [\n
Action.c(140):             59881,\n
Action.c(140):             59882,\n
Action.c(140):             59883,\n
Action.c(140):             59884,\n
Action.c(140):             59885,\n
Action.c(140):             59886,\n
Action.c(140):             59887,\n
Action.c(140):             59888,\n
Action.c(140):             59889,\n
Action.c(140):             59890,\n
Action.c(140):             59891,\n
Action.c(140):             59892,\n
Action.c(140):             59893,\n
Action.c(140):             59894,\n
Action.c(140):             59895,\n
Action.c(140):             59896,\n
Action.c(140):             59897,\n
Action.c(140):             59898,\n
Action.c(140):             59899,\n
Action.c(140):             59900\n
Action.c(140):           ]\n
Action.c(140):         },\n
Action.c(140):         {\n
Action.c(140):           "order": 0,\n
Action.c(140):           "prevSize": 32,\n
Action.c(140):           "name": "peapod-logo-stopnshop",\n
Action.c(140):           "codes": [\n
Action.c(140):             59901,\n
Action.c(140):             59902,\n
Action.c(140):             59903,\n
Action.c(140):             59904,\n
Action.c(140):             59905,\n
Action.c(140):             59906,\n
Action.c(140):             59907,\n
Action.c(140):             59908,\n
Action.c(140):             59909,\n
Action.c(140):             59910,\n
Action.c(140):             59911,\n
Action.c(140):             59912,\n
Action.c(140):             59913,\n
Action.c(140):             59914,\n
Action.c(140):             59915,\n
Action.c(140):             59916,\n
Action.c(140):             59917,\n
Action.c(140):             59918,\n
Action.c(140):             59919,\n
Action.c(140):             59920,\n
Action.c(140):             59921,\n
Action.c(140):             59922,\n
Action.c(140):             59923\n
Action.c(140):           ]\n
Action.c(140):         },\n
Action.c(140):         {\n
Action.c(140):           "order": 0,\n
Action.c(140):           "prevSize": 32,\n
Action.c(140):           "name": "icon_ul"\n
Action.c(140):         },\n
Action.c(140):         {\n
Action.c(140):           "order": 0,\n
Action.c(140):           "prevSize": 32,\n
Action.c(140):           "name": "icon_grid-2x2"\n
Action.c(140):         },\n
Action.c(140):         {\n
Action.c(140):           "order": 0,\n
Action.c(140):           "prevSize": 32,\n
Action.c(140):           "name": "icon_plus"\n
Action.c(140):         },\n
Action.c(140):         {\n
Action.c(140):           "order": 0,\n
Action.c(140):           "prevSize": 32,\n
Action.c(140):           "name": "icon_error-triangle_alt"\n
Action.c(140):         },\n
Action.c(140):         {\n
Action.c(140):           "order": 0,\n
Action.c(140):           "prevSize": 32,\n
Action.c(140):           "name": "icon_check_circle"\n
Action.c(140):         },\n
Action.c(140):         {\n
Action.c(140):           "order": 0,\n
Action.c(140):           "prevSize": 32,\n
Action.c(140):           "name": "arrow_triangle-down"\n
Action.c(140):         },\n
Action.c(140):         {\n
Action.c(140):           "order": 0,\n
Action.c(140):           "prevSize": 32,\n
Action.c(140):           "name": "icon_chat_alt"\n
Action.c(140):         },\n
Action.c(140):         {\n
Action.c(140):           "order": 0,\n
Action.c(140):           "prevSize": 32,\n
Action.c(140):           "name": "icon_box-checked"\n
Action.c(140):         },\n
Action.c(140):         {\n
Action.c(140):           "order": 0,\n
Action.c(140):           "prevSize": 32,\n
Action.c(140):           "name": "vip_ribbon"\n
Action.c(140):         },\n
Action.c(140):         {\n
Action.c(140):           "order": 0,\n
Action.c(140):           "prevSize": 32,\n
Action.c(140):           "name": "cc_amex_bw"\n
Action.c(140):         },\n
Action.c(140):         {\n
Action.c(140):           "order": 0,\n
Action.c(140):           "prevSize": 32,\n
Action.c(140):           "name": "cc_discover_bw",\n
Action.c(140):           "codes": [\n
Action.c(140):             59934,\n
Action.c(140):             59935,\n
Action.c(140):             59936,\n
Action.c(140):             59937,\n
Action.c(140):             59938,\n
Action.c(140):             59939,\n
Action.c(140):             59940,\n
Action.c(140):             59941\n
Action.c(140):           ]\n
Action.c(140):         },\n
Action.c(140):         {\n
Action.c(140):           "order": 0,\n
Action.c(140):           "prevSize": 32,\n
Action.c(140):           "name": "cc_mastercard_bw",\n
Action.c(140):           "codes": [\n
Action.c(140):             59942,\n
Action.c(140):             59943\n
Action.c(140):           ]\n
Action.c(140):         },\n
Action.c(140):         {\n
Action.c(140):           "order": 0,\n
Action.c(140):           "prevSize": 32,\n
Action.c(140):           "name": "cc_visa_bw"\n
Action.c(140):         },\n
Action.c(140):         {\n
Action.c(140):           "order": 0,\n
Action.c(140):           "prevSize": 32,\n
Action.c(140):           "name": "largeIcon_addToCart"\n
Action.c(140):         },\n
Action.c(140):         {\n
Action.c(140):           "order": 0,\n
Action.c(140):           "prevSize": 32,\n
Action.c(140):           "name": "largeIcon_addToCartSuccess"\n
Action.c(140):         },\n
Action.c(140):         {\n
Action.c(140):           "order": 0,\n
Action.c(140):           "prevSize": 32,\n
Action.c(140):           "name": "largeIcon_calendar"\n
Action.c(140):         },\n
Action.c(140):         {\n
Action.c(140):           "order": 0,\n
Action.c(140):           "prevSize": 32,\n
Action.c(140):           "name": "largeIcon_calendarClock"\n
Action.c(140):         },\n
Action.c(140):         {\n
Action.c(140):           "order": 0,\n
Action.c(140):           "prevSize": 32,\n
Action.c(140):           "name": "largeIcon_dollarSign"\n
Action.c(140):         },\n
Action.c(140):         {\n
Action.c(140):           "order": 0,\n
Action.c(140):           "prevSize": 32,\n
Action.c(140):           "name": "largeIcon_orderGenius"\n
Action.c(140):         },\n
Action.c(140):         {\n
Action.c(140):           "order": 0,\n
Action.c(140):           "prevSize": 32,\n
Action.c(140):           "name": "largeIcon_success"\n
Action.c(140):         },\n
Action.c(140):         {\n
Action.c(140):           "order": 0,\n
Action.c(140):           "prevSize": 32,\n
Action.c(140):           "name": "cc_visa",\n
Action.c(140):           "codes": [\n
Action.c(140):             59952,\n
Action.c(140):             59953,\n
Action.c(140):             59954,\n
Action.c(140):             59955,\n
Action.c(140):             59956,\n
Action.c(140):             59957\n
Action.c(140):           ]\n
Action.c(140):         },\n
Action.c(140):         {\n
Action.c(140):           "order": 0,\n
Action.c(140):           "prevSize": 32,\n
Action.c(140):           "name"
Action.c(140): t=20091ms: 12288-byte DECODED response body for "https://stage.peapod.com/shop/images/icons/PeapodIcons.json" (RelFrameId=1, Internal ID=13)
Action.c(140):     : "cc_mastercard",\n
Action.c(140):           "codes": [\n
Action.c(140):             59958,\n
Action.c(140):             59959,\n
Action.c(140):             59960\n
Action.c(140):           ]\n
Action.c(140):         },\n
Action.c(140):         {\n
Action.c(140):           "order": 0,\n
Action.c(140):           "prevSize": 32,\n
Action.c(140):           "name": "cc_discover",\n
Action.c(140):           "codes": [\n
Action.c(140):             59961,\n
Action.c(140):             59962,\n
Action.c(140):             59963,\n
Action.c(140):             59964,\n
Action.c(140):             59965,\n
Action.c(140):             59966,\n
Action.c(140):             59967,\n
Action.c(140):             59968,\n
Action.c(140):             59969\n
Action.c(140):           ]\n
Action.c(140):         },\n
Action.c(140):         {\n
Action.c(140):           "order": 0,\n
Action.c(140):           "prevSize": 32,\n
Action.c(140):           "name": "cc_amex",\n
Action.c(140):           "codes": [\n
Action.c(140):             59970,\n
Action.c(140):             59971,\n
Action.c(140):             59972,\n
Action.c(140):             59973,\n
Action.c(140):             59974\n
Action.c(140):           ]\n
Action.c(140):         },\n
Action.c(140):         {\n
Action.c(140):           "order": 0,\n
Action.c(140):           "prevSize": 32,\n
Action.c(140):           "name": "icon_printer"\n
Action.c(140):         },\n
Action.c(140):         {\n
Action.c(140):           "order": 0,\n
Action.c(140):           "prevSize": 32,\n
Action.c(140):           "name": "icon_lightbulb"\n
Action.c(140):         },\n
Action.c(140):         {\n
Action.c(140):           "order": 0,\n
Action.c(140):           "prevSize": 32,\n
Action.c(140):           "name": "ahold-wedge",\n
Action.c(140):           "codes": [\n
Action.c(140):             59977,\n
Action.c(140):             59978,\n
Action.c(140):             59979,\n
Action.c(140):             59980\n
Action.c(140):           ]\n
Action.c(140):         },\n
Action.c(140):         {\n
Action.c(140):           "order": 0,\n
Action.c(140):           "prevSize": 32,\n
Action.c(140):           "name": "icon_logout"\n
Action.c(140):         },\n
Action.c(140):         {\n
Action.c(140):           "order": 0,\n
Action.c(140):           "prevSize": 32,\n
Action.c(140):           "name": "icon_login"\n
Action.c(140):         },\n
Action.c(140):         {\n
Action.c(140):           "order": 0,\n
Action.c(140):           "prevSize": 32,\n
Action.c(140):           "name": "icon_search"\n
Action.c(140):         },\n
Action.c(140):         {\n
Action.c(140):           "order": 0,\n
Action.c(140):           "prevSize": 32,\n
Action.c(140):           "name": "icon_zoom-in_alt"\n
Action.c(140):         },\n
Action.c(140):         {\n
Action.c(140):           "order": 0,\n
Action.c(140):           "prevSize": 32,\n
Action.c(140):           "name": "icon_wallet"\n
Action.c(140):         },\n
Action.c(140):         {\n
Action.c(140):           "order": 0,\n
Action.c(140):           "prevSize": 32,\n
Action.c(140):           "name": "icon_profile"\n
Action.c(140):         },\n
Action.c(140):         {\n
Action.c(140):           "order": 0,\n
Action.c(140):           "prevSize": 32,\n
Action.c(140):           "name": "icon_mobile"\n
Action.c(140):         },\n
Action.c(140):         {\n
Action.c(140):           "order": 0,\n
Action.c(140):           "prevSize": 32,\n
Action.c(140):           "name": "icon_old-phone"\n
Action.c(140):         },\n
Action.c(140):         {\n
Action.c(140):           "order": 0,\n
Action.c(140):           "prevSize": 32,\n
Action.c(140):           "name": "icon_pin_alt"\n
Action.c(140):         },\n
Action.c(140):         {\n
Action.c(140):           "order": 0,\n
Action.c(140):           "prevSize": 32,\n
Action.c(140):           "name": "icon_mail_alt"\n
Action.c(140):         },\n
Action.c(140):         {\n
Action.c(140):           "order": 0,\n
Action.c(140):           "prevSize": 32,\n
Action.c(140):           "name": "icon_lock_alt"\n
Action.c(140):         },\n
Action.c(140):         {\n
Action.c(140):           "order": 0,\n
Action.c(140):           "prevSize": 32,\n
Action.c(140):           "name": "icon_info"\n
Action.c(140):         },\n
Action.c(140):         {\n
Action.c(140):           "order": 0,\n
Action.c(140):           "prevSize": 32,\n
Action.c(140):           "name": "icon_id"\n
Action.c(140):         },\n
Action.c(140):         {\n
Action.c(140):           "order": 0,\n
Action.c(140):           "prevSize": 32,\n
Action.c(140):           "name": "icon_house_alt"\n
Action.c(140):         },\n
Action.c(140):         {\n
Action.c(140):           "order": 0,\n
Action.c(140):           "prevSize": 32,\n
Action.c(140):           "name": "icon_heart_alt"\n
Action.c(140):         },\n
Action.c(140):         {\n
Action.c(140):           "order": 0,\n
Action.c(140):           "prevSize": 32,\n
Action.c(140):           "name": "icon_grid-2x22"\n
Action.c(140):         },\n
Action.c(140):         {\n
Action.c(140):           "order": 0,\n
Action.c(140):           "prevSize": 32,\n
Action.c(140):           "name": "icon_gift_alt"\n
Action.c(140):         },\n
Action.c(140):         {\n
Action.c(140):           "order": 0,\n
Action.c(140):           "prevSize": 32,\n
Action.c(140):           "name": "icon_error-circle_alt"\n
Action.c(140):         },\n
Action.c(140):         {\n
Action.c(140):           "order": 0,\n
Action.c(140):           "prevSize": 32,\n
Action.c(140):           "name": "icon_document_alt"\n
Action.c(140):         },\n
Action.c(140):         {\n
Action.c(140):           "order": 0,\n
Action.c(140):           "prevSize": 32,\n
Action.c(140):           "name": "icon_currency"\n
Action.c(140):         },\n
Action.c(140):         {\n
Action.c(140):           "order": 0,\n
Action.c(140):           "prevSize": 32,\n
Action.c(140):           "name": "icon_creditcard"\n
Action.c(140):         },\n
Action.c(140):         {\n
Action.c(140):           "order": 0,\n
Action.c(140):           "prevSize": 32,\n
Action.c(140):           "name": "icon_contacts_alt1"\n
Action.c(140):         },\n
Action.c(140):         {\n
Action.c(140):           "order": 0,\n
Action.c(140):           "prevSize": 32,\n
Action.c(140):           "name": "icon_comment_alt"\n
Action.c(140):         },\n
Action.c(140):         {\n
Action.c(140):           "order": 0,\n
Action.c(140):           "prevSize": 32,\n
Action.c(140):           "name": "icon_check"\n
Action.c(140):         },\n
Action.c(140):         {\n
Action.c(140):           "order": 0,\n
Action.c(140):           "prevSize": 32,\n
Action.c(140):           "name": "icon_cart_alt"\n
Action.c(140):         },\n
Action.c(140):         {\n
Action.c(140):           "order": 0,\n
Action.c(140):           "prevSize": 32,\n
Action.c(140):           "name": "icon_bag_alt"\n
Action.c(140):         },\n
Action.c(140):         {\n
Action.c(140):           "order": 0,\n
Action.c(140):           "prevSize": 32,\n
Action.c(140):           "name": "icon_calendar"\n
Action.c(140):         },\n
Action.c(140):         {\n
Action.c(140):           "order": 0,\n
Action.c(140):           "prevSize": 32,\n
Action.c(140):           "name": "arrow_triangle-right_alt2"\n
Action.c(140):         },\n
Action.c(140):         {\n
Action.c(140):           "order": 0,\n
Action.c(140):           "prevSize": 32,\n
Action.c(140):           "name": "icon_easel"\n
Action.c(140):         },\n
Action.c(140):         {\n
Action.c(140):           "order": 0,\n
Action.c(140):           "prevSize": 32,\n
Action.c(140):           "name": "arrow_carrot-left"\n
Action.c(140):         },\n
Action.c(140):         {\n
Action.c(140):           "order": 0,\n
Action.c(140):           "prevSize": 32,\n
Action.c(140):           "name": "arrow_carrot-right"\n
Action.c(140):         },\n
Action.c(140):         {\n
Action.c(140):           "order": 0,\n
Action.c(140):           "prevSize": 32,\n
Action.c(140):           "name": "arrow_carrot-up"\n
Action.c(140):         },\n
Action.c(140):         {\n
Action.c(140):           "order": 0,\n
Action.c(140):           "prevSize": 32,\n
Action.c(140):           "name": "arrow_carrot-down"\n
Action.c(140):         },\n
Action.c(140):         {\n
Action.c(140):           "order": 0,\n
Action.c(140):           "prevSize": 32,\n
Action.c(140):           "name": "icon_star-half-color",\n
Action.c(140):           "codes": [\n
Action.c(140):             60014,\n
Action.c(140):             60015\n
Action.c(140):           ]\n
Action.c(140):         },\n
Action.c(140):         {\n
Action.c(140):           "order": 0,\n
Action.c(140):           "prevSize": 32,\n
Action.c(140):           "name": "icon_clock_alt"\n
Action.c(140):         },\n
Action.c(140):         {\n
Action.c(140):           "order": 0,\n
Action.c(140):           "prevSize": 32,\n
Action.c(140):           "name": "icon_close"\n
Action.c(140):         },\n
Action.c(140):         {\n
Action.c(140):           "order": 0,\n
Action.c(140):           "name": "location_alt",\n
Action.c(140):           "prevSize": 32\n
Action.c(140):         },\n
Action.c(140):         {\n
Action.c(140):           "order": 0,\n
Action.c(140):           "name": "bmsm-sticker",\n
Action.c(140):           "prevSize": 32,\n
Action.c(140):           "codes": [\n
Action.c(140):             60019,\n
Action.c(140):             60020,\n
Action.c(140):             60021,\n
Action.c(140):             60022,\n
Action.c(140):             60023,\n
Action.c(140):             60024,\n
Action.c(140):             60025,\n
Action.c(140):             60026,\n
Action.c(140):             60027,\n
Action.c(140):             60028,\n
Action.c(140):             60029,\n
Action.c(140):             60030\n
Action.c(140):           ]\n
Action.c(140):         },\n
Action.c(140):         {\n
Action.c(140):           "order": 0,\n
Action.c(140):           "name": "view-deal-sticker",\n
Action.c(140):           "prevSize": 32,\n
Action.c(140):           "codes": [\n
Action.c(140):             60031,\n
Action.c(140):             60032,\n
Action.c(140):             60033,\n
Action.c(140):             60034,\n
Action.c(140):             60035,\n
Action.c(140):             60036,\n
Action.c(140):             60037,\n
Action.c(140):             60038,\n
Action.c(140):             60039,\n
Action.c(140):             60040\n
Action.c(140):           ]\n
Action.c(140):         },\n
Action.c(140):         {\n
Action.c(140):           "order": 0,\n
Action.c(140):           "name": "tool-tip",\n
Action.c(140):           "prevSize": 32,\n
Action.c(140):           "codes": [\n
Action.c(140):             60041\n
Action.c(140):           ]\n
Action.c(140):         }\n
Action.c(140):       ],\n
Action.c(140):       "metadata": {\n
Action.c(140):         "name": "PeapodIcons",\n
Action.c(140):         "importSize": {\n
Action.c(140):           "width": 332,\n
Action.c(140):           "height": 92\n
Action.c(140):         },\n
Action.c(140):         "iconsHash": 716739837\n
Action.c(140):       },\n
Action.c(140):       "height": 1024,\n
Action.c(140):       "prevSize": 32,\n
Action.c(140):       "icons": [\n
Action.c(140):         {\n
Action.c(140):           "paths": [\n
Action.c(140):             "M1871.237 913.481c-89.867 46.612-196.15 74.073-308.818 74.385l-0.1 0c-264.978 0-4
Action.c(140):     40.737-167.953-440.737-413.637 0-233.305 176.986-421.667 462.149-421.667 87.908 0.788 171.
Action.c(140):     909 16.454 249.95 44.596l-5.27-1.66v137.284c-66.583-41.941-147.289-67.339-233.831-68.693l-
Action.c(140):     0.366-0.005c-183.678 0-317.839 126.244-317.839 307.691 0 171.299 117.21 308.806 301.111 30
Action.c(140):     8.806 2.724 0.086 5.928 0.135 9.143 0.135 53.188 0 103.241-13.428 146.952-37.078l-1.636 0.
Action.c(140):     809 3.346-182.562h-204.532l66.914-109.404h280.145z",\n
Action.c(140):             "M2107.107 968.573h-131.82v-557.613h131.82zM2111.568 224.495c0.038 0.864 0.060 1.8
Action.c(140):     78 0.060 2.897 0 38.926-31.556 70.482-70.482 70.482s-70.482-31.556-70.482-70.482c0-38.709 
Action.c(140):     31.205-70.13 69.832-70.479l0.033-0c1.066-0.060 2.314-0.094 3.569-0.094 37.425 0 67.78 30.2
Action.c(140):     7 67.917 67.663l0 0.013z",\n
Action.c(140):             "M2315.989 809.654c0-36.133 20.297-71.151 67.583-85.761 13.494-4.572 37.249-9.033 
Action.c(140):     89.218-9.033 11.152 0 23.754 1.115 36.022 2.342v146.541c-28.877 14.64-62.712 23.987-98.528
Action.c(140):      25.848l-0.615 0.025c-69.925 0-93.567-40.594-93.567-79.962zM2646.43 968.573c-6.803-24.758-
Action.c(140):     9.033-32.676-9.033-144.979v-224.829c-1.115-47.397-1.115-103.716-47.286-149.998-48.512-48.4
Action.c(140):     01-118.437-51.858-159.031-51.858-49.096 1.447-95.931 7.992-140.953 19.133l4.561-0.955-68.8
Action.c(140):     09 117.21c48.512-19.182 103.604-39.479 165.723-39.479 100.37 0 117.21 52.973 117.21 137.50
Action.c(140):     7-20.665-2.913-44.537-4.577-68.797-4.577-0.749 0-1.498 0.002-2.247 0.005l0.116-0c-2.293-0.
Action.c(140):     051-4.995-0.080-7.704-0.080-50.042 0-97.762 9.946-141.289 27.968l2.452-0.9c-58.661 24.87-1
Action.c(140):     09.404 78.066-109.404 161.15-0.060 1.626-0.095 3.536-0.095 5.454 0 47.266 20.913 89.647 53
Action.c(140):     .992 118.396l0.192 0.163c30.446 25.985 75.501 44.051 142.080 44.051 49.565-1.806 96.396-11
Action.c(140):     .015 140.233-26.553l-3.283 1.015c0.892 4.015 1.673 8.253 2.9 12.044z",\n
Action.c(140):             "M3539.503 974.484c-20.087 5.078-43.153 8.004-66.898 8.030l-0.016 0c-31.561 0-76.6
Action.c(140):     16-4.572-111.523-42.936s-33.457-78.066-32.676-127.359l2.342-305.46h-72.155v-95.129h74.386v
Action.c(140):     -104.831l130.704-40.594v144.979h125.128v95.798h-127.359l-2.23 243.454c0 60.891 0 84.646 13
Action.c(140):     .494 104.831 10.149 14.609 31.672 30.446 68.809 30.446 26.978-1.087 52.395-6.352 76.086-15
Action.c(140):     .163l-1.7 0.554z",\n
Action.c(140):             "M3165.233 444.417c-46.17-41.598-105.835-46.17-139.738-46.17-40.185 0.968-78.396 8
Action.c(140):     .037-114.19 20.311l2.667-0.795c-13.16 4.684-30.669 12.602-45.724 19.739v-25.093h-133.827v5
Action.c(140):     56.832h133.827v-434.938c28.683-21.395 64.788-34.308 103.903-34.46l0.036-0c1.908-0.111 4.13
Action.c(140):     9-0.175 6.384-0.175 26.494 0 50.927 8.824 70.521 23.694l-0.29-0.211c37.137 31.672 37.137 7
Action.c(140):     5.612 38.252 163.492v282.598h131.82v-371.482c-0.669-48.512-1.784-105.835-53.642-153.343z",
Action.c(140):     \n
Action.c(140):             "M3660.17 455.681h6.914c4.349 0 7.695-0.669 7.695-5.465s-4.461-4.907-8.030-4.907h-
Action.c(140):     6.58zM3652.363 439.287h14.832c9.814 0 15.39 3.123 15.39 11.152 0.015 0.204 0.024 0.441 0.0
Action.c(140):     24 0.68 0 5.42-4.394 9.814-9.814 9.814-0.165 0-0.329-0.004-0.493-0.012l0.023 0.001 10.483 
Action.c(140):     17.063h-8.141l-9.479-16.728h-4.907v17.286h-7.807zM3666.304 486.573c0.333 0.014 0.723 0.023
Action.c(140):      1.115 0.023 15.213 0 27.546-12.333 27.546-27.546s-12.333-27.546-27.546-27.546c-15.166 0-2
Action.c(140):     7.47 12.256-27.546 27.405l-0 0.007c-0.012 0.299-0.019 0.651-0.019 1.004 0 14.626 11.831 26
Action.c(140):     .49 26.445 26.542l0.005 0zM3666.304 424.009c18.952 0.498 34.126 15.981 34.126 35.007 0 19.
Action.c(140):     34-15.678 35.018-35.018 35.018s-35.018-15.678-35.018-35.018c0-0.035 0-0.070 0-0.106l-0 0.0
Action.c(140):     05c-0.001-0.073-0.001-0.159-0.001-0.245 0-19.155 15.528-34.684 34.684-34.684 0.432 0 0.862
Action.c(140):      0.008 1.289 0.024l-0.062-0.002z",\n
Action.c(140):             "M889.615 640.362h-248.138l295.646-295.646c9.265-9.247 14.997-22.031 14.997-36.154
Action.c(140):      0-21.653-13.473-40.159-32.493-47.591l-0.347-0.12-2.342-0.781h1.004c-23.886-8.46-51.433-13
Action.c(140):     .348-80.121-13.348-67.946 0-129.488 27.421-174.164 71.8l0.014-0.014c-4.238 4.126-8.141 8.4
Action.c(140):     76-12.044 12.937v-277.357c-0.040-29.842-24.241-54.018-54.088-54.018-7.912 0-15.426 1.699-2
Action.c(140):     2.2 4.751l0.341-0.138-1.896 0.892h-1.004c-103.387 52.103-173.149 157.263-173.529 278.755l-
Action.c(140):     0 0.051c0.016 16.864 1.394 33.394 4.031 49.5l-0.239-1.769-205.090-205.090c-10.528-10.494-2
Action.c(140):     5.054-16.983-41.096-16.983s-30.568 6.489-41.098 16.984l0.002-0.002c-5.563 5.553-9.993 12.2
Action.c(140):     4-12.913 19.684l-0.135 0.39-0.781 2.23v-0.892c-14.075 39.274-22.21 84.586-22.21 131.797 0 
Action.c(140):     156.799 89.737 292.639 220.656 358.963l2.294 1.054h-239.104c-0.033-0-0.072-0-0.112-0-35.04
Action.c(140):     6 0-63.456 28.41-63.456 63.456 0 9.327 2.012 18.184 5.626 26.161l-0.162-0.399 1.004 2.007v
Action.c(140):     -0.669c86.271 175.149 263.507 293.537 468.395 293.537s382.124-118.387 467.035-290.487l1.36
Action.c(140):     -3.049-1.338 2.453c0.781-1.338 1.45-2.677 2.007-4.015 3.526-7.641 5.582-16.58 5.582-26 0-3
Action.c(140):     3.574-26.12-61.047-59.147-63.208l-0.189-0.010z",\n
Action.c(140):             "M43.717 712.741c-1.154-2.561-1.826-5.551-1.826-8.699 0-11.949 9.686-21.635 21.635
Action.c(140):     -21.635 0.015 0 0.029 0 0.044 0l-0.002-0h821.698c0.063-0.001 0.138-0.001 0.213-0.001 11.88
Action.c(140):     7 0 21.524 9.637 21.524 21.524 0 3.192-0.695 6.221-1.941 8.946l0.055-0.134c-79.384 160.946
Action.c(140):     -242.312 269.715-430.644 269.715s-351.26-108.769-429.393-266.915l-1.251-2.8z",\n
Action.c(140):             "M141.634 162.154c0.865-2.179 2.114-4.037 3.678-5.574l0.002-0.002c2.944-2.931 7.00
Action.c(140):     4-4.743 11.487-4.743s8.543 1.812 11.487 4.743l-0.001-0.001 437.168 437.168c2.964 2.949 4.7
Action.c(140):     98 7.032 4.798 11.543s-1.834 8.593-4.798 11.542l-0.001 0.001c-1.541 1.564-3.398 2.812-5.46
Action.c(140):     8 3.642l-0.108 0.038c-35.185 12.616-75.78 19.909-118.078 19.909-198.881 0-360.106-161.225-
Action.c(140):     360.106-360.106 0-42.329 7.303-82.952 20.718-120.678l-0.781 2.517z",\n
Action.c(140):             "M592.854 42.936c1.36-0.636 2.952-1.007 4.631-1.007 0.097 0 0.194 0.001 0.29 0.004
Action.c(140):     l-0.014-0c6.714 0 12.156 5.442 12.156 12.156v0 0 461.257c0 6.714-5.442 12.156-12.156 12.15
Action.c(140):     6v0c-0.028 0-0.060 0-0.093 0-1.741 0-3.396-0.37-4.891-1.035l0.077 0.030c-90.415-44.529-151
Action.c(140):     .53-136.018-151.53-241.781s61.115-197.252 149.956-241.079l1.574-0.702z",\n
Action.c(140):             "M904.448 300.107c1.265 0.491 2.344 1.211 3.233 2.117l0.001 0.001c1.662 1.673 2.69
Action.c(140):      3.979 2.69 6.524s-1.028 4.851-2.691 6.525l0-0-247.58 247.022c-1.66 1.688-3.969 2.735-6.52
Action.c(140):     2 2.735-3.868 0-7.175-2.402-8.512-5.795l-0.022-0.062c-7.047-19.794-11.12-42.626-11.12-66.4
Action.c(140):     09 0-112.591 91.273-203.863 203.863-203.863 23.876 0 46.793 4.104 68.084 11.646l-1.426-0.4
Action.c(140):     4z"\n
Action.c(140):           ],\n
Action.c(140):           "attrs": [\n
Action.c(140):             {\n
Action.c(140):               "fill": "rgb(112, 40, 119)"\n
Action.c(140):             },\n
Action.c(140):             {\n
Action.c(140):               "fill": "rgb(112, 40, 119)"\n
Action.c(140):             },\n
Action.c(140):             {\n
Action.c(140):               "fill": "rgb(112, 40, 119)"\n
Action.c(140):             },\n
Action.c(140):             {\n
Action.c(140):               "fill": "rgb(112, 40, 119)"\n
Action.c(140):             },\n
Action.c(140):             {\n
Action.c(140):               "fill": "rgb(112, 40, 119)"\n
Action.c(140):             },\n
Action.c(140):             {\n
Action.c(140):               "fill": "rgb(112, 40, 119)"\n
Action.c(140):             },\n
Action.c(140):             {\n
Action.c(140):               "fill": "rgb(255, 255, 255)"\n
Action.c(140):             },\n
Action.c(140):             {\n
Action.c(140):               "fill": "rgb(247, 168, 0)"\n
Action.c(140):             },\n
Action.c(140):             {\n
Action.c(140):               "fill": "rgb(226, 35, 26)"\n
Action.c(140):             },\n
Action.c(140):             {\n
Action.c(140):               "fill": "rgb(113, 33, 119)"\n
Action.c(140):             },\n
Action.c(140):             {\n
Action.c(140):               "fill": "rgb(130, 188, 0)"\n
Action.c(140):             }\n
Action.c(140):           ],\n
Action.c(140):           "width": 3702,\n
Action.c(140):           "isMulticolor": true,\n
Action.c(140):           "grid": 32,\n
Action.c(140):           "tags": [\n
Action.c(140):             "gntl-logo"\n
Action.c(140):           ]\n
Action.c(140):         },\n
Action.c(140):         {\n
Action.c(140):           "paths": [\n
Action.c(140):             "M512 0l152.316 345.623 359.684 45.506-265.563 259.113 70.015 373.758-316.452-185.
Action.c(140):     497-316.428 185.497 69.992-373.758-265.563-259.113 359.708-45.506 152.292-345.623zM512.002
Action.c(140):      84.646l-128.848 292.416-308.673 39.049 227.995 222.457-59.572 318.118 269.096-157.75 269.
Action.c(140):     116 157.75-59.592-318.117 227.996-222.459-308.65-39.049-128.867-292.416z",\n
Action.c(140):             "M410.125 593.875c-0.525-0.525-0.525-1.050-0.525-2.1 0-2.625 2.1-4.725 4.725-4.725
Action.c(140):     v0h187.94c2.625 0 4.725 2.1 4.725 4.725 0 0.525 0 1.575-0.525 2.1v0c-17.849 36.748-55.
Action.c(140): t=20157ms: 12288-byte DECODED response body for "https://stage.peapod.com/shop/images/icons/PeapodIcons.json" (RelFrameId=1, Internal ID=13)
Action.c(140):     122 61.422-98.695 61.422-41.998 0.525-79.796-24.674-97.645-61.422z",\n
Action.c(140):             "M432.699 468.406c0-0.525 0.525-1.050 1.050-1.050 1.575-1.575 3.675-1.575 5.25 0v0
Action.c(140):     l99.745 99.745c1.575 1.575 1.575 3.675 0 5.25-0.525 0.525-1.050 0.525-1.050 1.050v0c-28.87
Action.c(140):     4 9.974-61.947 3.675-85.046-19.424-23.624-23.624-29.923-56.697-19.949-85.571z",\n
Action.c(140):             "M536.118 441.108c0.525 0 0.525 0 1.050 0 1.575 0 2.625 1.050 2.625 2.625v0 105.52
Action.c(140):     c0 1.575-1.050 2.625-2.625 2.625-0.525 0-0.525 0-1.050 0v0c-20.474-9.974-34.648-30.973-34.
Action.c(140):     648-55.122 0-24.674 14.174-45.673 34.648-55.647z",\n
Action.c(140):             "M606.99 499.905c0 0 0.525 0 0.525 0.525 1.050 1.050 1.050 2.1 0 3.15v0l-56.697 56
Action.c(140):     .697c-1.050 1.050-2.1 1.050-3.15 0 0 0-0.525-0.525-0.525-0.525v0c-5.775-16.274-2.1-35.173 
Action.c(140):     11.024-48.298 13.649-13.649 32.548-17.324 48.822-11.549z"\n
Action.c(140):           ],\n
Action.c(140):           "attrs": [\n
Action.c(140):             {\n
Action.c(140):               "fill": "rgb(255, 255, 255)"\n
Action.c(140):             },\n
Action.c(140):             {\n
Action.c(140):               "fill": "rgb(255, 255, 255)"\n
Action.c(140):             },\n
Action.c(140):             {\n
Action.c(140):               "fill": "rgb(255, 255, 255)"\n
Action.c(140):             },\n
Action.c(140):             {\n
Action.c(140):               "fill": "rgb(255, 255, 255)"\n
Action.c(140):             },\n
Action.c(140):             {\n
Action.c(140):               "fill": "rgb(255, 255, 255)"\n
Action.c(140):             }\n
Action.c(140):           ],\n
Action.c(140):           "grid": 32,\n
Action.c(140):           "tags": [\n
Action.c(140):             "flexible rewards mark"\n
Action.c(140):           ]\n
Action.c(140):         },\n
Action.c(140):         {\n
Action.c(140):           "paths": [\n
Action.c(140):             "M628.765 140.272l-1.89-140.272 459.381 507.020-456.734 516.85-1.89-136.113-627.63
Action.c(140):     1 5.293 1.512-747.108z",\n
Action.c(140):             "M118.721 770.549h-23.82v-139.894h33.65c26.844 0 40.834 11.343 40.834 41.212 0 22.
Action.c(140):     307-8.696 31.382-17.014 35.162l20.417 63.141h-24.576l-17.014-57.47c-3.025 0.378-7.94 0.756
Action.c(140):     -12.477 0.756v57.092zM118.721 693.419h8.696c12.855 0 17.77-4.915 17.77-21.551s-4.915-21.55
Action.c(140):     1-17.77-21.551h-8.696v43.102z",\n
Action.c(140):             "M185.265 770.549v-139.894h64.275v20.795h-40.078v35.919h31.003v20.795h-31.003v41.2
Action.c(140):     12h43.102v20.795h-67.3z",\n
Action.c(140):             "M310.791 630.656h19.661l16.258 88.851h0.378l13.233-88.851h22.307l-24.576 139.894h
Action.c(140):     -20.039l-17.392-92.254h-0.378l-16.258 92.254h-20.039l-26.466-139.894h22.307l14.746 88.851h
Action.c(140):     0.378z",\n
Action.c(140):             "M400.776 770.549h-23.064l25.71-139.894h29.869l25.71 139.894h-23.064l-4.159-31.003
Action.c(140):     h-26.466l-4.537 31.003zM408.716 718.751h19.283l-9.452-60.116h-0.378l-9.452 60.116z",\n
Action.c(140):             "M493.031 770.549h-23.82v-139.894h33.65c26.844 0 40.834 11.343 40.834 41.212 0 22.
Action.c(140):     307-8.696 31.382-17.014 35.162l20.417 63.141h-24.576l-17.014-57.848c-3.025 0.378-8.318 0.7
Action.c(140):     56-12.477 0.756v57.47zM493.031 693.419h8.696c12.855 0 17.77-4.915 17.77-21.551s-4.915-21.5
Action.c(140):     51-17.77-21.551h-8.696v43.102z",\n
Action.c(140):             "M559.197 630.656h35.541c24.954 0 37.809 13.611 37.809 42.346v55.201c0 28.735-13.2
Action.c(140):     33 42.346-37.809 42.346h-35.541v-139.894zM583.394 750.889h8.318c12.855 0 17.392-4.915 17.3
Action.c(140):     92-19.661v-61.251c0-14.746-4.537-19.661-17.392-19.661h-8.318v100.572z",\n
Action.c(140):             "M694.175 665.062c-1.134-12.099-7.184-15.502-12.855-15.502-7.562 0-12.099 4.915-12
Action.c(140):     .099 13.611 0 23.82 48.774 35.162 48.774 73.35 0 23.064-15.502 35.919-37.809 35.919s-35.16
Action.c(140):     2-17.77-35.919-38.565l22.685-3.403c1.134 13.989 6.428 21.173 14.367 21.173 8.318 0 13.989-
Action.c(140):     4.537 13.989-12.855 0-27.601-48.774-35.162-48.774-75.24 0-22.307 13.611-34.784 37.053-34.7
Action.c(140):     84 19.661 0 31.003 13.989 33.272 34.028l-22.685 2.269z",\n
Action.c(140):             "M717.239 605.702v-28.735h-58.982v-56.336h42.724v-28.735h-42.724v-49.53h55.201v-28
Action.c(140):     .735h-88.473v192.070h92.254zM605.324 477.907v-13.989c0-28.735-15.88-52.555-48.774-52.555-3
Action.c(140):     4.406 0-50.664 21.929-50.664 49.152v99.060c0 27.223 15.88 49.152 50.664 49.152 32.894 0 48
Action.c(140):     .774-21.929 48.774-49.152v-21.929h-32.894v23.064c0 12.477-4.159 19.283-15.88 19.283-13.233
Action.c(140):      0-17.392-6.806-17.392-21.173v-97.169c0-14.367 4.159-21.173 17.392-21.173 8.318 0 15.88 6.
Action.c(140):     806 15.88 23.064v14.746h32.894v-0.378z",\n
Action.c(140):             "M454.087 413.632h32.894v192.070h-32.894v-192.070z",\n
Action.c(140):             "M367.126 460.893c0-14.367 4.159-21.173 17.392-21.173s17.392 6.806 17.392 21.173v9
Action.c(140):     7.169c0 14.367-4.159 21.173-17.392 21.173s-17.392-6.806-17.392-21.173v-97.169zM334.232 559
Action.c(140):     .197c0 27.223 15.88 49.152 50.664 49.152s50.664-21.929 50.664-49.152v-99.060c0-27.223-15.8
Action.c(140):     8-49.152-50.664-49.152s-50.664 21.929-50.664 49.152v99.060zM246.137 605.702v-85.070h35.162
Action.c(140):     v85.070h32.894v-192.070h-32.894v78.265h-35.162v-78.265h-32.894v192.070h32.894zM193.204 477
Action.c(140):     .907v-13.989c0-28.735-15.88-52.555-48.774-52.555-34.406 0-50.664 21.929-50.664 49.152v99.0
Action.c(140):     60c0 27.223 15.88 49.152 50.664 49.152 32.894 0 48.774-21.929 48.774-49.152v-21.929h-32.89
Action.c(140):     4v23.064c0 12.477-4.159 19.283-15.88 19.283-13.233 0-17.392-6.806-17.392-21.173v-97.169c0-
Action.c(140):     14.367 4.159-21.173 17.392-21.173 8.318 0 15.88 6.806 15.88 23.064v14.746h32.894v-0.378z",
Action.c(140):     \n
Action.c(140):             "M703.249 374.31c0-2.269-1.512-3.403-4.159-3.403h-4.537v12.099h1.89v-5.293h2.269l3
Action.c(140):     .025 5.293h1.89l-3.403-5.293c1.512-0.378 3.025-1.134 3.025-3.403v0zM696.065 376.201v-3.781
Action.c(140):     h2.647c1.134 0 2.647 0.378 2.647 1.89 0 1.89-1.512 1.89-3.025 1.89h-2.269z",\n
Action.c(140):             "M698.334 366.748c-5.671 0-10.587 4.537-10.587 10.208 0 6.049 4.915 10.587 10.587 
Action.c(140):     10.587s10.587-4.537 10.587-10.587c0-6.049-4.915-10.208-10.587-10.208zM698.334 385.653c-4.9
Action.c(140):     15 0-8.318-3.781-8.318-8.696s3.781-8.696 8.318-8.696c4.537 0 8.318 3.781 8.318 8.696s-3.78
Action.c(140):     1 8.696-8.318 8.696z",\n
Action.c(140):             "M134.978 316.462v0c0.756-5.671 4.159-12.099 8.318-17.014 2.269-2.269 4.537-4.159 
Action.c(140):     6.806-5.671s4.537-2.269 6.428-1.89h75.24v-39.321h-72.972c-1.134 0-2.269 0-3.025 0-8.318 0-
Action.c(140):     15.88 1.134-23.064 3.781s-13.989 7.184-20.795 13.611v0 0c-13.989 13.611-20.039 31.76-20.03
Action.c(140):     9 49.152 0 7.94 1.134 15.88 3.781 23.442 3.781 11.721 11.343 22.307 20.795 30.625s20.795 1
Action.c(140):     3.611 32.516 14.746v0h82.424v-70.325h-40.456v31.382h-36.297c-2.647 0-4.915-1.134-7.562-3.0
Action.c(140):     25-3.403-2.647-6.806-7.562-9.074-12.477s-3.403-10.587-3.403-14.367c0.378-1.134 0.378-1.89 
Action.c(140):     0.378-2.647v0z",\n
Action.c(140):             "M455.6 384.14l-52.177-111.915-5.293-10.587c-3.781-6.806-11.343-10.965-18.526-12.4
Action.c(140):     77-1.512-0.378-3.403-0.378-4.915-0.378-4.537 0-9.074 1.134-12.855 3.403-4.159 1.89-7.562 4
Action.c(140):     .915-9.83 8.696v0 0c-0.378 0.756-0.756 1.512-1.512 2.647-2.647 4.537-7.184 14.746-12.477 2
Action.c(140):     6.844-16.636 37.053-41.59 95.279-41.59 95.279l-1.134 2.269h45.371l34.406-86.205 19.661 46.
Action.c(140):     127h-28.357v39.7h86.583c0.756 0 1.134 0 1.512 0s0.756 0 1.134-0.378c0.378 0 0.378-0.378 0.
Action.c(140):     378-0.756s0-0.756 0-0.756c0-0.756 0-1.134-0.378-1.512z",\n
Action.c(140):             "M552.769 251.809v69.569l-39.7-59.738c-1.512-2.647-3.403-4.915-5.671-6.806s-4.915-
Action.c(140):     3.403-7.562-4.537v0 0c-3.781-1.512-7.184-2.269-10.587-2.269-6.806 0-13.233 2.647-17.392 6.
Action.c(140):     049s-6.806 8.318-8.696 13.233c-1.89 4.915-2.647 9.83-2.647 13.233v105.865h40.456v-70.703l4
Action.c(140):     6.505 70.703h45.749v-1.512c0 0 0-62.007 0-94.145h40.456v96.035h43.859v-94.901h40.456v-40.0
Action.c(140):     78h-165.226z",\n
Action.c(140):             "M243.869 388.678h44.615v-136.869h-44.615z"\n
Action.c(140):           ],\n
Action.c(140):           "attrs": [\n
Action.c(140):             {\n
Action.c(140):               "fill": "rgb(255, 255, 255)"\n
Action.c(140):             },\n
Action.c(140):             {\n
Action.c(140):               "fill": "rgb(234, 0, 41)"\n
Action.c(140):             },\n
Action.c(140):             {\n
Action.c(140):               "fill": "rgb(234, 0, 41)"\n
Action.c(140):             },\n
Action.c(140):             {\n
Action.c(140):               "fill": "rgb(234, 0, 41)"\n
Action.c(140):             },\n
Action.c(140):             {\n
Action.c(140):               "fill": "rgb(234, 0, 41)"\n
Action.c(140):             },\n
Action.c(140):             {\n
Action.c(140):               "fill": "rgb(234, 0, 41)"\n
Action.c(140):             },\n
Action.c(140):             {\n
Action.c(140):               "fill": "rgb(234, 0, 41)"\n
Action.c(140):             },\n
Action.c(140):             {\n
Action.c(140):               "fill": "rgb(234, 0, 41)"\n
Action.c(140):             },\n
Action.c(140):             {\n
Action.c(140):               "fill": "rgb(0, 0, 0)"\n
Action.c(140):             },\n
Action.c(140):             {\n
Action.c(140):               "fill": "rgb(0, 0, 0)"\n
Action.c(140):             },\n
Action.c(140):             {\n
Action.c(140):               "fill": "rgb(0, 0, 0)"\n
Action.c(140):             },\n
Action.c(140):             {\n
Action.c(140):               "fill": "rgb(234, 0, 41)"\n
Action.c(140):             },\n
Action.c(140):             {\n
Action.c(140):               "fill": "rgb(234, 0, 41)"\n
Action.c(140):             },\n
Action.c(140):             {\n
Action.c(140):               "fill": "rgb(234, 0, 41)"\n
Action.c(140):             },\n
Action.c(140):             {\n
Action.c(140):               "fill": "rgb(234, 0, 41)"\n
Action.c(140):             },\n
Action.c(140):             {\n
Action.c(140):               "fill": "rgb(234, 0, 41)"\n
Action.c(140):             },\n
Action.c(140):             {\n
Action.c(140):               "fill": "rgb(234, 0, 41)"\n
Action.c(140):             }\n
Action.c(140):           ],\n
Action.c(140):           "width": 1086,\n
Action.c(140):           "isMulticolor": true,\n
Action.c(140):           "grid": 32,\n
Action.c(140):           "tags": [\n
Action.c(140):             "giant choice rewards logo"\n
Action.c(140):           ]\n
Action.c(140):         },\n
Action.c(140):         {\n
Action.c(140):           "paths": [\n
Action.c(140):             "M512 1024c-282.772 0-512-229.228-512-512s229.228-512 512-512c282.772 0 512 229.22
Action.c(140):     8 512 512s-229.228 512-512 512z",\n
Action.c(140):             "M365.334 492.066h111.209v125.051c-15.002 12.991-32.527 23.015-52.576 30.078-20.05
Action.c(140):     4 7.069-42.915 10.604-68.583 10.604-23.657 0-44.791-3.683-63.395-11.036-18.605-7.359-34.39
Action.c(140):     7-17.667-47.375-30.942-12.985-13.263-22.873-29.135-29.647-47.597-6.779-18.457-10.166-38.79
Action.c(140):     5-10.166-61.014 0-21.634 3.603-41.682 10.814-60.145 7.211-18.457 17.457-34.545 30.726-48.2
Action.c(140):     51 13.263-13.694 28.987-24.446 47.16-32.237 18.179-7.785 38.369-11.677 60.583-11.677 26.24
Action.c(140):     8 0 49.257 4.83 69.021 14.49 19.752 9.672 36.13 23.151 49.109 40.46l-44.137 41.972c-9.235-
Action.c(140):     10.962-19.4-19.9-30.504-26.828-11.11-6.921-24.736-10.388-40.892-10.388-13.275 0-25.094 2.4
Action.c(140):     61-35.482 7.359-10.388 4.91-19.185 11.542-26.396 19.906-7.211 8.371-12.695 18.173-16.44 29
Action.c(140):     .425-3.757 11.252-5.626 23.225-5.626 35.914 0 13.849 2.165 26.396 6.489 37.647s10.388 20.8
Action.c(140):     44 18.173 28.777c7.791 7.933 16.945 14.058 27.475 18.395 10.53 4.324 21.997 6.483 34.403 6
Action.c(140):     .483 11.535 0 22.065-1.363 31.584-4.108 9.524-2.739 18.031-7.137 25.538-13.201v-36.346h-51
Action.c(140):     .064v-52.792z",\n
Action.c(140):             "M667.796 596.779c12.689 0 24.083-2.443 34.187-7.353 10.092-4.898 18.673-11.529 25
Action.c(140):     .742-19.906 7.069-8.359 12.479-18.025 16.23-28.987 3.744-10.962 5.626-22.645 5.626-35.050s
Action.c(140):     -1.881-24.083-5.626-35.050c-3.751-10.962-9.16-20.554-16.23-28.777s-15.65-14.712-25.742-19.
Action.c(140):     475c-10.104-4.762-21.498-7.137-34.187-7.137-12.695 0-24.163 2.375-34.403 7.137-10.246 4.76
Action.c(140):     2-18.895 11.252-25.964 19.475s-12.479 17.815-16.217 28.777c-3.757 10.968-5.632 22.645-5.63
Action.c(140):     2 35.050s1.875 24.089 5.632 35.050c3.738 10.962 9.148 20.628 16.217 28.987 7.069 8.377 15.
Action.c(140):     718 15.008 25.964 19.906 10.24 4.91 21.708 7.353 34.403 7.353zM667.796 658.232c-21.35 0-41
Action.c(140):     .182-3.899-59.497-11.683-18.327-7.791-34.187-18.463-47.597-32.022-13.417-13.559-23.953-29.
Action.c(140):     647-31.59-48.245-7.643-18.611-11.468-38.579-11.468-59.935 0-21.634 3.825-41.682 11.468-60.
Action.c(140):     151 7.637-18.457 18.173-34.464 31.59-48.029 13.411-13.553 29.27-24.231 47.597-32.022 18.31
Action.c(140):     5-7.791 38.147-11.683 59.497-11.683s41.17 3.892 59.497 11.683c18.315 7.791 34.187 18.469 4
Action.c(140):     7.597 32.022 13.417 13.565 23.947 29.573 31.59 48.029 7.637 18.469 11.461 38.517 11.461 60
Action.c(140):     .151 0 21.356-3.825 41.324-11.461 59.935-7.643 18.599-18.173 34.686-31.59 48.245-13.411 13
Action.c(140):     .559-29.283 24.231-47.597 32.022-18.327 7.785-38.147 11.683-59.497 11.683v0z",\n
Action.c(140):             "M239.776 748.134c3.788 0 6.761-1.123 8.926-3.387 2.165-2.245 3.245-5.083 3.245-8.
Action.c(140):     507 0-3.701-1.080-6.631-3.245-8.797s-5.139-3.245-8.926-3.245h-12.572v23.934h12.572zM207.32
Action.c(140):     9 707.433h33.533c5.225 0 9.821 0.746 13.793 2.233 3.96 1.48 7.273 3.51 9.938 6.082 2.659 2
Action.c(140):     .566 4.639 5.57 5.947 8.988 1.308 3.43 1.962 7.088 1.962 10.956 0 5.86-1.283 10.98-3.855 1
Action.c(140):     5.348-2.572 4.374-6.193 7.865-10.882 10.481l20.011 36.105h-22.448l-16.766-33.126h-11.357v3
Action.c(140):     3.126h-19.875v-90.192z",\n
Action.c(140):             "M289.403 707.433h61.662v17.846h-41.244v17.587h32.046v17.303h-32.046v19.475h44.217
Action.c(140):     v17.982h-64.635v-90.192z",\n
Action.c(140):             "M360.8 707.433h21.905l13.256 65.314 15.823-62.883h18.525l15.952 62.883 13.115-65.
Action.c(140):     314h21.097l-22.991 90.192h-21.498l-15.416-58.954-15.687 58.954h-21.498l-22.584-90.192z",\n
Action.c(140):             "M530.907 761.119l-10.949-34.082-11.227 34.082h22.176zM509.409 707.433h22.584l32.9
Action.c(140):     96 90.192h-22.318l-6.897-20.69h-31.775l-6.897 20.69h-21.362l33.669-90.192z",\n
Action.c(140):             "M607.17 748.134c3.794 0 6.761-1.123 8.932-3.387 2.159-2.245 3.239-5.083 3.239-8.5
Action.c(140):     07 0-3.701-1.080-6.631-3.239-8.797-2.171-2.165-5.139-3.245-8.932-3.245h-12.572v23.934h12.5
Action.c(140):     72zM574.723 707.433h33.533c5.225 0 9.827 0.746 13.793 2.233 3.96 1.48 7.273 3.51 9.938 6.0
Action.c(140):     82 2.659 2.566 4.645 5.57 5.953 8.988 1.308 3.43 1.955 7.088 1.955 10.956 0 5.86-1.283 10.
Action.c(140):     98-3.849 15.348-2.572 4.374-6.2 7.865-10.888 10.481l20.017 36.105h-22.448l-16.773-33.126h-
Action.c(140):     11.357v33.126h-19.875v-90.192z",\n
Action.c(140):             "M689.664 779.508c9.006 0 15.946-2.375 20.819-7.1 4.873-4.738 7.304-11.245 7.304-1
Action.c(140):     9.542 0-4.145-0.568-7.908-1.69-11.289-1.129-3.38-2.838-6.267-5.139-8.655s-5.206-4.238-8.71
Action.c(140):     6-5.546c-3.522-1.308-7.711-1.955-12.578-1.955h-12.442v54.087h12.442zM656.797 707.433h34.08
Action.c(140):     2c6.94 0 13.361 0.901 19.265 2.702 5.903 1.807 10.999 4.552 15.28 8.248 4.287 3.701 7.618 
Action.c(140):     8.433 10.006 14.2s3.584 12.578 3.584 20.418c0 7.483-1.215 13.997-3.646 19.542-2.437 5.546-
Action.c(140):     5.799 10.191-10.073 13.923-4.287 3.751-9.383 6.545-15.286 8.389s-12.331 2.77-19.271 2.77h-
Action.c(140):     33.94v-90.192z",\n
Action.c(140):             "M759.839 770.718c1.172 1.265 2.548 2.554 4.121 3.849 1.579 1.308 3.337 2.511 5.28
Action.c(140):      3.59 1.937 1.080 4.053 1.962 6.348 2.634 2.301 0.679 4.762 1.012 7.378 1.012 1.53 0 3.060
Action.c(140):     -0.222 4.596-0.672s2.93-1.104 4.189-1.955c1.265-0.864 2.276-1.9 3.041-3.115 0.771-1.221 
Action.c(140): t=20189ms: 5621-byte DECODED response body for "https://stage.peapod.com/shop/images/icons/PeapodIcons.json" (RelFrameId=1, Internal ID=13)
Action.c(140):     1.154-2.591 1.154-4.121 0-3.337-1.629-5.928-4.867-7.779-3.245-1.851-8.383-3.677-15.416-5.4
Action.c(140):     78-3.43-0.814-6.6-1.98-9.537-3.516-2.93-1.53-5.453-3.38-7.575-5.539-2.11-2.171-3.763-4.645
Action.c(140):     -4.929-7.446-1.178-2.794-1.758-5.903-1.758-9.327 0-3.788 0.672-7.347 2.029-10.684 1.345-3.
Action.c(140):     331 3.399-6.286 6.15-8.852 2.745-2.572 6.175-4.602 10.277-6.095 4.102-1.48 8.945-2.227 14.
Action.c(140):     533-2.227 4.596 0 8.655 0.475 12.171 1.425 3.516 0.944 6.508 2.073 8.994 3.374 2.474 1.308
Action.c(140):      4.509 2.659 6.082 4.059 1.579 1.4 2.776 2.504 3.584 3.313l-11.764 12.979c-0.993-0.808-2.1
Action.c(140):     41-1.69-3.448-2.628-1.308-0.95-2.77-1.826-4.392-2.64s-3.405-1.487-5.342-2.029c-1.937-0.543
Action.c(140):     -3.991-0.808-6.15-0.808-1.443 0-2.868 0.222-4.263 0.672-1.4 0.45-2.659 1.061-3.781 1.82-1.
Action.c(140):     129 0.771-2.036 1.678-2.708 2.708-0.672 1.043-1.012 2.141-1.012 3.313 0 3.072 1.622 5.546 
Action.c(140):     4.861 7.439 3.245 1.888 7.711 3.473 13.392 4.731 3.337 0.808 6.6 1.918 9.802 3.313 3.195 1
Action.c(140):     .4 6.058 3.226 8.587 5.478 2.523 2.252 4.552 5.027 6.088 8.315 1.53 3.294 2.295 7.279 2.29
Action.c(140):     5 11.967 0 4.059-0.907 7.803-2.708 11.227s-4.256 6.403-7.365 8.926c-3.109 2.523-6.761 4.47
Action.c(140):     8-10.949 5.879-4.195 1.4-8.723 2.097-13.596 2.097-4.503 0-8.605-0.432-12.307-1.283-3.695-0
Action.c(140):     .864-7.026-1.98-10.006-3.387-2.973-1.394-5.657-2.992-8.038-4.793-2.393-1.801-4.448-3.658-6
Action.c(140):     .156-5.546l13.115-14.2z",\n
Action.c(140):             "M260.010 200.897c0 15.249-12.362 27.605-27.605 27.605-15.249 0-27.605-12.356-27.6
Action.c(140):     05-27.605s12.356-27.605 27.605-27.605c15.243 0 27.605 12.356 27.605 27.605z",\n
Action.c(140):             "M260.010 263.33c0 15.243-12.362 27.605-27.605 27.605-15.249 0-27.605-12.362-27.60
Action.c(140):     5-27.605 0-15.249 12.356-27.611 27.605-27.611 15.243 0 27.605 12.362 27.605 27.611z",\n
Action.c(140):             "M272.921 252.535l9.037-10.789c5.854 4.602 12.208 7.026 18.981 7.026 4.435 0 6.779
Action.c(140):     -1.505 6.779-4.016v-0.167c0-2.511-1.925-3.763-9.956-5.688-12.461-2.844-22.078-6.36-22.078-
Action.c(140):     18.315v-0.173c0-10.869 8.618-18.734 22.664-18.734 9.956 0 17.735 2.677 24.089 7.779l-8.112
Action.c(140):      11.461c-5.354-3.849-11.208-5.774-16.39-5.774-3.936 0-5.86 1.592-5.86 3.763v0.173c0 2.671 
Action.c(140):     2.011 3.843 10.209 5.688 13.38 2.924 21.745 7.273 21.745 18.228v0.167c0 11.961-9.45 19.074
Action.c(140):     -23.669 19.074-10.376 0-20.159-3.263-27.438-9.703z",\n
Action.c(140):             "M347.778 216.905h-18.833v-14.219h53.976v14.219h-18.919v44.328h-16.224v-44.328z",\n
Action.c(140):             "M432.813 232.129v-0.167c0-8.531-6.021-15.81-14.971-15.81s-14.885 7.193-14.885 15.
Action.c(140):     638v0.173c0 8.445 6.107 15.804 15.052 15.804 8.864 0 14.805-7.193 14.805-15.638zM386.393 2
Action.c(140):     32.129v-0.167c0-16.816 13.553-30.449 31.614-30.449 18.068 0 31.448 13.466 31.448 30.276v0.
Action.c(140):     173c0 16.81-13.546 30.442-31.614 30.442-18.062 0-31.448-13.466-31.448-30.276v0z",\n
Action.c(140):             "M481.767 231.79c5.688 0 9.284-3.091 9.284-7.692v-0.167c0-5.021-3.596-7.612-9.364-
Action.c(140):     7.612h-7.692v15.471h7.773zM457.765 202.686h25.174c14.718 0 24.255 7.612 24.255 20.492v0.16
Action.c(140):     7c0 13.886-10.622 21.159-25.088 21.159h-8.112v16.729h-16.23v-58.547z",\n
Action.c(140):             "M569.387 252.535l9.037-10.789c5.848 4.602 12.214 7.026 18.981 7.026 4.435 0 6.779
Action.c(140):     -1.505 6.779-4.016v-0.167c0-2.511-1.925-3.763-9.95-5.688-12.467-2.844-22.084-6.36-22.084-1
Action.c(140):     8.315v-0.173c0-10.869 8.611-18.734 22.664-18.734 9.956 0 17.735 2.677 24.089 7.779l-8.118 
Action.c(140):     11.461c-5.348-3.849-11.202-5.774-16.39-5.774-3.929 0-5.854 1.592-5.854 3.763v0.173c0 2.671
Action.c(140):      2.011 3.843 10.203 5.688 13.386 2.924 21.751 7.273 21.751 18.228v0.167c0 11.961-9.457 19.
Action.c(140):     074-23.669 19.074-10.376 0-20.159-3.263-27.438-9.703z",\n
Action.c(140):             "M629.6 202.686h16.23v21.911h18.814v-21.911h16.23v58.547h-16.23v-22.25h-18.814v22.
Action.c(140):     25h-16.23v-58.547z",\n
Action.c(140):             "M736.015 232.129v-0.167c0-8.531-6.014-15.81-14.971-15.81-8.945 0-14.885 7.193-14.
Action.c(140):     885 15.638v0.173c0 8.445 6.107 15.804 15.058 15.804 8.864 0 14.799-7.193 14.799-15.638zM68
Action.c(140):     9.602 232.129v-0.167c0-16.816 13.546-30.449 31.614-30.449 18.062 0 31.442 13.466 31.442 30
Action.c(140):     .276v0.173c0 16.81-13.546 30.442-31.614 30.442-18.062 0-31.442-13.466-31.442-30.276v0z",\n
Action.c(140):             "M784.976 231.79c5.688 0 9.284-3.091 9.284-7.692v-0.167c0-5.021-3.596-7.612-9.37-7
Action.c(140):     .612h-7.692v15.471h7.779zM760.974 202.686h25.168c14.725 0 24.261 7.612 24.261 20.492v0.167
Action.c(140):     c0 13.886-10.629 21.159-25.1 21.159h-8.106v16.729h-16.224v-58.547z",\n
Action.c(140):             "M539.636 222.389c0-1.277-0.426-2.369-1.277-3.263-0.857-0.901-2.011-1.351-3.479-1.
Action.c(140):     351-1.376 0-2.517 0.444-3.442 1.314-0.919 0.876-1.265 2.073-1.265 3.325 0 1.123 0.315 2.20
Action.c(140):     2 0.938 3.232 0.623 1.036 1.474 2.282 2.708 3.276 1.61-0.66 2.973-1.536 4.115-2.628 1.135-
Action.c(140):     1.086 1.703-2.387 1.703-3.905zM530.531 240.179c-1.332 0.555-2.504 1.308-3.485 2.301-1.141 
Action.c(140):     1.166-1.678 2.375-1.678 4.269 0 0.993 0.105 1.567 0.531 2.375 0.413 0.814 0.956 1.493 1.61
Action.c(140):     6 2.060 0.666 0.568 1.419 0.993 2.258 1.289 0.827 0.29 1.48 0.358 2.406 0.358 1.696 0 2.77
Action.c(140):     -0.308 4.053-0.987 1.228-0.642 2.184-1.419 3.060-2.56l-8.76-9.105zM551.128 261.233l-4.429-
Action.c(140):     4.398c-1.585 1.635-3.368 3.047-5.755 4.133-2.455 1.123-5.33 1.875-9.012 1.875-2.387 0-4.71
Action.c(140):     9-0.296-7.001-0.894-2.289-0.598-4.398-1.807-6.163-3.078-1.764-1.265-3.152-3.115-4.219-4.98
Action.c(140):     4s-1.604-4.084-1.604-6.637c0-1.752 0.296-3.362 0.894-4.83 0.592-1.462 1.406-2.77 2.424-3.9
Action.c(140):     05s2.202-2.128 3.535-2.979c1.345-0.857 2.739-1.653 4.108-2.27-1.561-1.511-2.788-3.239-3.75
Action.c(140):     1-5.108-0.975-1.875-1.456-3.948-1.456-6.212 0-2.369 0.364-4.454 1.339-6.15 0.981-1.696 2.2
Action.c(140):     39-3.097 3.781-4.195 1.542-1.092 3.276-1.894 5.2-2.393 1.937-0.493 3.849-0.746 5.762-0.746
Action.c(140):      1.955 0 3.886 0.259 5.799 0.79 1.9 0.518 3.596 1.332 5.095 2.43 1.487 1.098 2.653 2.597 3
Action.c(140):     .572 4.269 0.907 1.678 1.363 3.677 1.363 5.996 0 1.672-0.197 3.263-0.74 4.62s-1.258 2.554-
Action.c(140):     2.233 3.64c-1.024 1.147-1.857 2.097-3.362 3.202-1.24 0.919-2.147 1.511-3.516 2.221l5.749 5
Action.c(140):     .743 4.842-7.112h13.522l-10.894 14.62 12.788 12.356h-15.638z",\n
Action.c(140):             "M807.609 255.959h0.734c0.857 0 1.555-0.284 1.555-0.981 0-0
Action.c(140): t=20198ms: 8247-byte ENCODED response body received for "https://stage.peapod.com/shop/images/icons/PeapodIcons.json" (RelFrameId=1, Internal ID=13)
Action.c(140): t=20198ms: 12288-byte DECODED response body for "https://stage.peapod.com/shop/images/icons/PeapodIcons.json" (RelFrameId=1, Internal ID=13)
Action.c(140):     .611-0.45-1.018-1.431-1.018-0.407 0-0.691 0.037-0.857 0.080v1.918zM807.572 259.759h-1.555v
Action.c(140):     -6.699c0.611-0.123 1.468-0.204 2.572-0.204 1.271 0 1.838 0.204 2.332 0.487 0.358 0.29 0.64
Action.c(140):     8 0.82 0.648 1.474 0 0.734-0.574 1.308-1.382 1.548v0.086c0.648 0.241 1.018 0.734 1.221 1.6
Action.c(140):     29 0.204 1.024 0.327 1.431 0.487 1.678h-1.678c-0.197-0.247-0.321-0.857-0.524-1.635-0.123-0
Action.c(140):     .734-0.531-1.061-1.388-1.061h-0.734v2.696zM803.445 256.242c0 2.979 2.202 5.348 5.231 5.348
Action.c(140):      2.936 0 5.101-2.369 5.101-5.305 0-2.979-2.165-5.391-5.145-5.391-2.986 0-5.188 2.412-5.188
Action.c(140):      5.348zM815.493 256.242c0 3.8-2.979 6.779-6.86 6.779-3.837 0-6.897-2.979-6.897-6.779 0-3.7
Action.c(140):     14 3.060-6.693 6.897-6.693 3.88 0 6.86 2.979 6.86 6.693v0z"\n
Action.c(140):           ],\n
Action.c(140):           "attrs": [\n
Action.c(140):             {\n
Action.c(140):               "fill": "rgb(35, 31, 32)"\n
Action.c(140):             },\n
Action.c(140):             {\n
Action.c(140):               "fill": "rgb(255, 255, 255)"\n
Action.c(140):             },\n
Action.c(140):             {\n
Action.c(140):               "fill": "rgb(255, 255, 255)"\n
Action.c(140):             },\n
Action.c(140):             {\n
Action.c(140):               "fill": "rgb(255, 255, 255)"\n
Action.c(140):             },\n
Action.c(140):             {\n
Action.c(140):               "fill": "rgb(255, 255, 255)"\n
Action.c(140):             },\n
Action.c(140):             {\n
Action.c(140):               "fill": "rgb(255, 255, 255)"\n
Action.c(140):             },\n
Action.c(140):             {\n
Action.c(140):               "fill": "rgb(255, 255, 255)"\n
Action.c(140):             },\n
Action.c(140):             {\n
Action.c(140):               "fill": "rgb(255, 255, 255)"\n
Action.c(140):             },\n
Action.c(140):             {\n
Action.c(140):               "fill": "rgb(255, 255, 255)"\n
Action.c(140):             },\n
Action.c(140):             {\n
Action.c(140):               "fill": "rgb(255, 255, 255)"\n
Action.c(140):             },\n
Action.c(140):             {\n
Action.c(140):               "fill": "rgb(231, 0, 76)"\n
Action.c(140):             },\n
Action.c(140):             {\n
Action.c(140):               "fill": "rgb(134, 195, 0)"\n
Action.c(140):             },\n
Action.c(140):             {\n
Action.c(140):               "fill": "rgb(255, 255, 255)"\n
Action.c(140):             },\n
Action.c(140):             {\n
Action.c(140):               "fill": "rgb(255, 255, 255)"\n
Action.c(140):             },\n
Action.c(140):             {\n
Action.c(140):               "fill": "rgb(255, 255, 255)"\n
Action.c(140):             },\n
Action.c(140):             {\n
Action.c(140):               "fill": "rgb(255, 255, 255)"\n
Action.c(140):             },\n
Action.c(140):             {\n
Action.c(140):               "fill": "rgb(255, 255, 255)"\n
Action.c(140):             },\n
Action.c(140):             {\n
Action.c(140):               "fill": "rgb(255, 255, 255)"\n
Action.c(140):             },\n
Action.c(140):             {\n
Action.c(140):               "fill": "rgb(255, 255, 255)"\n
Action.c(140):             },\n
Action.c(140):             {\n
Action.c(140):               "fill": "rgb(255, 255, 255)"\n
Action.c(140):             },\n
Action.c(140):             {\n
Action.c(140):               "fill": "rgb(255, 255, 255)"\n
Action.c(140):             },\n
Action.c(140):             {\n
Action.c(140):               "fill": "rgb(255, 255, 255)"\n
Action.c(140):             }\n
Action.c(140):           ],\n
Action.c(140):           "isMulticolor": true,\n
Action.c(140):           "grid": 32,\n
Action.c(140):           "tags": [\n
Action.c(140):             "go rewards logo"\n
Action.c(140):           ]\n
Action.c(140):         },\n
Action.c(140):         {\n
Action.c(140):           "paths": [\n
Action.c(140):             "M629.754 141.115l-1.9-140.279 458.576 506.273-455.878 516.269-2.204-136.174-626.4
Action.c(140):     09 5.435 1.368-746.051z",\n
Action.c(140):             "M119.988 653.561v43.292h8.58c13.065 0 17.941-4.875 17.941-21.646s-4.875-21.646-17
Action.c(140):     .941-21.646h-8.58zM119.988 716.744v57.722h-24.181v-140.795h33.931c27.106 0 40.951 11.505 4
Action.c(140):     0.951 41.537 0 22.621-8.775 31.786-16.966 35.491l20.476 63.767h-24.571l-17.161-58.307c-3.1
Action.c(140):     2 0.39-8.19 0.585-12.48 0.585z",\n
Action.c(140):             "M119.988 653.561v43.292h8.58c13.065 0 17.941-4.875 17.941-21.646s-4.875-21.646-17
Action.c(140):     .941-21.646h-8.58zM119.988 716.744v57.722h-24.181v-140.795h33.931c27.106 0 40.951 11.505 4
Action.c(140):     0.951 41.537 0 22.621-8.775 31.786-16.966 35.491l20.476 63.767h-24.571l-17.161-58.307c-3.1
Action.c(140):     2 0.39-8.19 0.585-12.48 0.585z",\n
Action.c(140):             "M254.151 774.466h-67.472v-140.795h64.742v21.061h-40.561v36.271h31.201v21.061h-31.
Action.c(140):     201v41.342h43.292z",\n
Action.c(140):             "M254.151 774.466h-67.472v-140.795h64.742v21.061h-40.561v36.271h31.201v21.061h-31.
Action.c(140):     201v41.342h43.292z",\n
Action.c(140):             "M297.22 723.374l15.796-89.703h19.891l16.381 89.703h0.39l13.455-89.703h22.621l-24.
Action.c(140):     766 140.795h-20.281l-17.551-93.018h-0.39l-16.381 93.018h-20.281l-26.716-140.795h22.621l14.
Action.c(140):     821 89.703z",\n
Action.c(140):             "M297.22 723.374l15.796-89.703h19.891l16.381 89.703h0.39l13.455-89.703h22.621l-24.
Action.c(140):     766 140.795h-20.281l-17.551-93.018h-0.39l-16.381 93.018h-20.281l-26.716-140.795h22.621l14.
Action.c(140):     821 89.703z",\n
Action.c(140):             "M421.253 661.752l-9.555 60.452h19.501l-9.555-60.452h-0.39zM408.187 743.265l-4.29 
Action.c(140):     31.201h-23.401l25.936-140.795h30.031l25.936 140.795h-23.401l-4.29-31.201h-26.521z",\n
Action.c(140):             "M421.253 661.752l-9.555 60.452h19.501l-9.555-60.452h-0.39zM408.187 743.265l-4.29 
Action.c(140):     31.201h-23.401l25.936-140.795h30.031l25.936 140.795h-23.401l-4.29-31.201h-26.521z",\n
Action.c(140):             "M496.7 653.561v43.292h8.58c13.065 0 17.941-4.875 17.941-21.646s-4.875-21.646-17.9
Action.c(140):     41-21.646h-8.58zM496.7 716.744v57.722h-24.181v-140.795h33.931c27.106 0 40.951 11.505 40.95
Action.c(140):     1 41.537 0 22.621-8.775 31.786-16.966 35.491l20.476 63.767h-24.571l-17.161-58.307c-3.12 0.
Action.c(140):     39-8.19 0.585-12.48 0.585z",\n
Action.c(140):             "M496.7 653.561v43.292h8.58c13.065 0 17.941-4.875 17.941-21.646s-4.875-21.646-17.9
Action.c(140):     41-21.646h-8.58zM496.7 716.744v57.722h-24.181v-140.795h33.931c27.106 0 40.951 11.505 40.95
Action.c(140):     1 41.537 0 22.621-8.775 31.786-16.966 35.491l20.476 63.767h-24.571l-17.161-58.307c-3.12 0.
Action.c(140):     39-8.19 0.585-12.48 0.585z",\n
Action.c(140):             "M583.695 653.561v101.014h8.385c12.87 0 17.356-4.875 17.356-19.696v-61.622c0-14.82
Action.c(140):     1-4.485-19.696-17.356-19.696h-8.385zM559.514 774.466v-140.795h35.881c24.961 0 38.221 13.65
Action.c(140):      38.221 42.512v55.772c0 28.861-13.26 42.512-38.221 42.512h-35.881z",\n
Action.c(140):             "M583.695 653.561v101.014h8.385c12.87 0 17.356-4.875 17.356-19.696v-61.622c0-14.82
Action.c(140):     1-4.485-19.696-17.356-19.696h-8.385zM559.514 774.466v-140.795h35.881c24.961 0 38.221 13.65
Action.c(140):      38.221 42.512v55.772c0 28.861-13.26 42.512-38.221 42.512h-35.881z",\n
Action.c(140):             "M718.418 665.847l-23.011 2.535c-0.975-12.090-7.41-15.601-12.87-15.601-7.8 0-12.09
Action.c(140):     0 5.070-12.090 13.846 0 23.986 49.142 35.491 49.142 73.713 0 23.206-15.601 36.076-38.221 3
Action.c(140):     6.076-22.426 0-35.296-17.941-36.271-39.001l23.011-3.315c0.975 14.236 6.63 21.256 14.431 21
Action.c(140):     .256 8.385 0 14.041-4.485 14.041-12.87 0-27.886-49.142-35.296-49.142-75.663 0-22.426 13.65
Action.c(140):     -35.101 37.441-35.101 19.696 0 31.396 14.236 33.541 34.126z",\n
Action.c(140):             "M718.418 665.847l-23.011 2.535c-0.975-12.090-7.41-15.601-12.87-15.601-7.8 0-12.09
Action.c(140):     0 5.070-12.090 13.846 0 23.986 49.142 35.491 49.142 73.713 0 23.206-15.601 36.076-38.221 3
Action.c(140):     6.076-22.426 0-35.296-17.941-36.271-39.001l23.011-3.315c0.975 14.236 6.63 21.256 14.431 21
Action.c(140):     .256 8.385 0 14.041-4.485 14.041-12.87 0-27.886-49.142-35.296-49.142-75.663 0-22.426 13.65
Action.c(140):     -35.101 37.441-35.101 19.696 0 31.396 14.236 33.541 34.126z",\n
Action.c(140):             "M718.117 605.772v-28.694h-58.947v-56.286h42.452v-28.656h-42.452v-49.407h55.222v-2
Action.c(140):     8.656h-88.173v191.701h91.898zM606.076 478.035v-14.062c0-28.656-15.924-52.562-48.837-52.562
Action.c(140):     -34.509 0-50.472 22.043-50.472 49.103v98.815c0 27.098 15.962 49.141 50.472 49.141 32.913 0
Action.c(140):      48.837-22.043 48.837-49.141v-22.043h-33.065v23.107c0 12.466-3.801 19.383-15.924 19.383-13
Action.c(140):     .302 0-17.521-6.917-17.521-21.245v-97.218c0-14.328 4.219-21.245 17.521-21.245 8.475 0 15.9
Action.c(140):     24 6.917 15.924 23.107v14.86h33.065z",\n
Action.c(140):             "M455.308 414.034h32.913v191.701h-32.913v-191.701z",\n
Action.c(140):             "M368.503 461.313c0-14.328 4.257-21.245 17.521-21.245s17.521 6.917 17.521 21.245v9
Action.c(140):     7.18c0 14.328-4.257 21.245-17.521 21.245s-17.521-6.917-17.521-21.245v-97.18zM335.59 559.29
Action.c(140):     1c0 27.098 15.924 49.141 50.434 49.141s50.434-22.043 50.434-49.141v-98.815c0-27.060-15.924
Action.c(140):     -49.103-50.434-49.103s-50.434 22.043-50.434 49.103v98.815zM247.759 605.772v-84.981h35.041v
Action.c(140):     84.981h32.951v-191.701h-32.951v78.064h-35.041v-78.064h-32.913v191.701h32.913zM194.551 478.
Action.c(140):     035v-14.062c0-28.656-15.924-52.562-48.875-52.562-34.509 0-50.434 22.043-50.434 49.103v98.8
Action.c(140):     15c0 27.098 15.924 49.141 50.434 49.141 32.951 0 48.875-22.043 48.875-49.141v-22.043h-32.9
Action.c(140):     51v23.107c0 12.466-3.801 19.383-15.924 19.383-13.264 0-17.521-6.917-17.521-21.245v-97.218c
Action.c(140):     0-14.328 4.257-21.245 17.521-21.245 8.513 0 15.924 6.917 15.924 23.107v14.86h32.951z",\n
Action.c(140):             "M201.734 285.423c-0.057-2.83-0.677-5.621-1.824-8.209-1.080-2.611-2.729-4.948-4.82
Action.c(140):     7-6.841-2.039-1.755-4.333-3.19-6.803-4.257-3.153-1.377-6.555-2.088-9.995-2.090-0.912 0-1.8
Action.c(140):     24 0-2.774 0-2.010 0.174-3.977 0.688-5.815 1.52-2.154 1.003-3.955 2.632-5.169 4.675-0.901 
Action.c(140):     1.537-1.688 3.137-2.356 4.789v0c-2.394 6.005-6.423 15.772-9.843 24.058l-3.801 8.665-15.696
Action.c(140):     -36.219c-1.642-2.427-3.915-4.358-6.575-5.587-3.237-1.556-6.784-2.362-10.376-2.356v0c-2.227
Action.c(140):      0.137-4.425 0.571-6.537 1.292-3.686 1.040-7.089 2.898-9.957 5.435-1.548 1.351-2.837 2.974
Action.c(140):     -3.801 4.789-0.984 1.959-1.504 4.117-1.52 6.309v0 102.615h28.352v-69.74l14.214 39.982 0.22
Action.c(140):     8 0.304c0.852 1.286 1.847 2.472 2.964 3.535 0.688 0.623 1.439 1.17 2.242 1.634 0.821 0.425
Action.c(140):      1.707 0.708 2.622 0.836 1.467 0.441 2.99 0.672 4.523 0.684 2.378 0.061 4.719-0.587 6.727-
Action.c(140):     1.862 1.963-1.27 3.52-3.077 4.485-5.207v0l13.036-38.88v68.41h25.958l0.608-0.304c0.474-0.23
Action.c(140):     8 0.87-0.608 1.14-1.064 0.105-0.169 0.194-0.347 0.266-0.532 0.009-0.139 0.009-0.279 0-0.41
Action.c(140):     8-0.008-0.101-0.008-0.203 0-0.304v-0.456c0-1.292 0-9.159 0-19.953 0-13.492 0-31.507 0-46.5
Action.c(140):     19s0-27.060 0-28.732z",\n
Action.c(140):             "M277.783 280.672v-0.342c0 0-0.608-1.368-1.52-3.040-0.995-1.839-2.193-3.56-3.573-5
Action.c(140):     .131-0.986-1.386-2.12-2.66-3.383-3.801-1.364-1.219-2.901-2.231-4.561-3.002v0c-2.192-0.909-
Action.c(140):     4.544-1.374-6.917-1.368-4.013 0.093-7.936 1.205-11.402 3.231-1.526 0.892-2.92 1.992-4.143 
Action.c(140):     3.268-1.165 1.138-2.028 2.549-2.508 4.105l-32.533 105.656c-0.263 0.88-0.109 1.832 0.418 2.
Action.c(140):     584 0.566 0.73 1.433 1.164 2.356 1.178h22.043c1.273-0.008 2.394-0.838 2.774-2.052l22.499-7
Action.c(140):     4.111 14.974 50.548h-24.628c-1.595 0-2.888 1.293-2.888 2.888v19.763c-0.023 0.771 0.28 1.51
Action.c(140):     7 0.836 2.052 0.534 0.562 1.277 0.878 2.052 0.874h57.389c0.928-0.006 1.798-0.451 2.345-1.2
Action.c(140):     01s0.706-1.714 0.429-2.6l-30.062-99.499z",\n
Action.c(140):             "M565.030 321.452l-23.107-47.545c-0.895-1.913-2.191-3.611-3.801-4.979-2.196-1.927-
Action.c(140):     4.792-3.342-7.601-4.143-2.47-0.722-5.027-1.106-7.601-1.14h-0.266c-2.383 0.049-4.728 0.607-
Action.c(140):     6.879 1.634-3.283 1.482-6.231 3.616-8.665 6.271-1.132 1.138-2.115 2.415-2.926 3.801-0.777 
Action.c(140):     1.398-1.207 2.962-1.254 4.561v103.603h28.276v-66.092l33.711 66.282h29.568v-119.946h-29.34l
Action.c(140):     -0.114 57.693z",\n
Action.c(140):             "M694.63 337.262c-2-4.492-4.721-8.626-8.057-12.238v0c-2.15-2.344-4.731-4.254-7.601
Action.c(140):     -5.625-3.756-1.575-7.632-2.846-11.592-3.801-3.545-0.884-6.87-2.488-9.767-4.713-0.993-1.258
Action.c(140):     -1.718-2.707-2.128-4.257-0.565-1.938-0.847-3.948-0.836-5.967-0.083-3.791 1.275-7.471 3.801
Action.c(140):     -10.3 0.615-0.59 1.321-1.078 2.090-1.444 0.755-0.328 1.571-0.496 2.394-0.494h28.846v-24.62
Action.c(140):     8h-30.975c-3.907-0.076-7.767 0.853-11.212 2.698-2.7 1.618-5.301 3.395-7.791 5.321v0 0c-4.1
Action.c(140):     39 3.488-7.416 7.884-9.577 12.846-1.948 4.617-2.931 9.583-2.888 14.594 0.017 4.345 0.631 8
Action.c(140):     .668 1.824 12.846v0.228c2.289 6.381 6.222 12.045 11.402 16.418 4.064 3.34 8.699 5.915 13.6
Action.c(140):     82 7.601 3.999 1.271 7.771 3.17 11.174 5.625 1.487 1.025 2.775 2.313 3.801 3.801 0.818 1.2
Action.c(140):     41 1.254 2.694 1.254 4.181-0.006 1.039-0.199 2.069-0.57 3.040-0.729 1.892-1.842 3.613-3.26
Action.c(140):     8 5.055-0.618 0.676-1.335 1.253-2.128 1.71-0.433 0.287-0.928 0.469-1.444 0.532h-28.314v23.
Action.c(140):     297h29.682c5.974-0.175 11.753-2.163 16.57-5.701 5.128-3.558 9.157-8.483 11.63-14.214v0c1.7
Action.c(140):     2-4.266 2.623-8.817 2.66-13.416-0.011-4.401-0.903-8.756-2.622-12.808z",\n
Action.c(140):             "M461.997 263.759h-79.014v23.678c-2.234-5.839-5.665-11.147-10.072-15.582-2.42-2.37
Action.c(140):     4-5.221-4.327-8.285-5.777-3.283-1.49-6.846-2.268-10.452-2.28h-40.552l-0.38 120.022h26.148v
Action.c(140):     -43.783h2.166c4.692-0.342 9.378 0.73 13.454 3.078 1.104 0.714 2.038 1.661 2.736 2.774 0.56
Action.c(140):     5 0.952 0.915 2.015 1.026 3.116 0 1.292 0 9.121 0 16.684v10.49c0 2.812 0 4.637 0 4.675v2.8
Action.c(140):     88h25.654v-48.837c-0.139-1.549-0.633-3.044-1.444-4.371-1.322-2.152-3.052-4.024-5.093-5.511
Action.c(140):     -0.819-0.598-1.683-1.132-2.584-1.596 0.372-0.365 0.716-0.759 1.026-1.178 2.578-3.275 4.583
Action.c(140):     -6.963 5.929-10.908 1.578-4.325 2.401-8.889 2.432-13.492 0.030-3.205-0.484-6.392-1.52-9.42
Action.c(140):     5h23.868v95.318h30.405v-95.356h24.438v-2.926l0.114-21.701zM356.379 307.39c-1 1.257-2.193 2
Action.c(140):     .347-3.535 3.23-0.618 0.426-1.28 0.783-1.976 1.064-0.373 0.182-0.769 0.31-1.178 0.38h-10.3
Action.c(140):     76v-23.716h2.508c3.346-0.137 6.691 0.314 9.881 1.33 1.24 0.443 2.388 1.113 3.383 1.976 1.0
Action.c(140):     46 0.945 1.864 2.114 2.394 3.421v0 0c0.797 1.622 1.226 3.4 1.254 5.207-0.071 2.555-0.905 5
Action.c(140):     .030-2.394 7.107h0.038z",\n
Action.c(140):             "M496.848 263.797l-27.858-0.076v120.022l27.858-0.038v-2.888z",\n
Action.c(140):             "M627.474 263.721h-27.858v24.628h5.245l-4.143 17.027 3.23 0.418c0.923 0.072 1.851 
Action.c(140):     0.072 2.774 0 1.494 0.016 2.982-0.202 4.409-0.646 1.797-0.612 3.452-1.582 4.865-2.85 1.33-
Action.c(140):     1.14 2.47-2.28 3.801-3.421v0 0c3.199-4.091 5.34-8.908 6.233-14.024 0.901-4.773 1.321-9.624
Action.c(140):      1.254-14.48 0-1.292 0-2.546 0-3.801l0.19-2.85z",\n
Action.c(140):             "M700.406 373.672c0.125-4.476 3.829-8.018 8.306-7.942s8.059 3.741 8.033 8.219c-0.0
Action.c(140):     27 4.478-3.652 8.1-8.13 8.123-2.217 0.022-4.347-0.862-5.897-2.448s-2.385-3.735-2.312-5.951
Action.c(140):     v0zM708.616 383.781c5.563-0.084 10.013-4.646 9.957-10.209s-4.596-10.036-10.159-10.009c-5.5
Action.c(140):     63 0.028-10.059 4.545-10.060 10.108-0 2.708 1.086 5.302 3.015 7.203s4.54 2.947 7.247 2.907
Action.c(140):     v0zM706.487 374.47h2.014l3.078 5.017h2.052l-3.306-5.093c0.827-0.009 1.614-0.355 2.181-0.95
Action.c(140):     7s0.863-1.409 0.822-2.235c0-2.318-1.368-3.306-4.105-3.306h-4.447v11.402h1.78
Action.c(140): t=20234ms: 12288-byte DECODED response body for "https://stage.peapod.com/shop/images/icons/PeapodIcons.json" (RelFrameId=1, Internal ID=13)
Action.c(140):     6l-0.076-4.827zM706.487 372.95v-3.573h2.394c1.216 0 2.508 0.266 2.508 1.71s-1.33 1.862-2.8
Action.c(140):     12 1.862h-2.090z"\n
Action.c(140):           ],\n
Action.c(140):           "attrs": [\n
Action.c(140):             {\n
Action.c(140):               "fill": "rgb(255, 255, 255)"\n
Action.c(140):             },\n
Action.c(140):             {\n
Action.c(140):               "fill": "rgb(0, 0, 0)"\n
Action.c(140):             },\n
Action.c(140):             {\n
Action.c(140):               "fill": "rgb(234, 0, 41)"\n
Action.c(140):             },\n
Action.c(140):             {\n
Action.c(140):               "fill": "rgb(0, 0, 0)"\n
Action.c(140):             },\n
Action.c(140):             {\n
Action.c(140):               "fill": "rgb(234, 0, 41)"\n
Action.c(140):             },\n
Action.c(140):             {\n
Action.c(140):               "fill": "rgb(0, 0, 0)"\n
Action.c(140):             },\n
Action.c(140):             {\n
Action.c(140):               "fill": "rgb(234, 0, 41)"\n
Action.c(140):             },\n
Action.c(140):             {\n
Action.c(140):               "fill": "rgb(0, 0, 0)"\n
Action.c(140):             },\n
Action.c(140):             {\n
Action.c(140):               "fill": "rgb(234, 0, 41)"\n
Action.c(140):             },\n
Action.c(140):             {\n
Action.c(140):               "fill": "rgb(0, 0, 0)"\n
Action.c(140):             },\n
Action.c(140):             {\n
Action.c(140):               "fill": "rgb(234, 0, 41)"\n
Action.c(140):             },\n
Action.c(140):             {\n
Action.c(140):               "fill": "rgb(0, 0, 0)"\n
Action.c(140):             },\n
Action.c(140):             {\n
Action.c(140):               "fill": "rgb(234, 0, 41)"\n
Action.c(140):             },\n
Action.c(140):             {\n
Action.c(140):               "fill": "rgb(0, 0, 0)"\n
Action.c(140):             },\n
Action.c(140):             {\n
Action.c(140):               "fill": "rgb(234, 0, 41)"\n
Action.c(140):             },\n
Action.c(140):             {\n
Action.c(140):               "fill": "rgb(35, 31, 32)"\n
Action.c(140):             },\n
Action.c(140):             {\n
Action.c(140):               "fill": "rgb(35, 31, 32)"\n
Action.c(140):             },\n
Action.c(140):             {\n
Action.c(140):               "fill": "rgb(35, 31, 32)"\n
Action.c(140):             },\n
Action.c(140):             {\n
Action.c(140):               "fill": "rgb(234, 0, 41)"\n
Action.c(140):             },\n
Action.c(140):             {\n
Action.c(140):               "fill": "rgb(234, 0, 41)"\n
Action.c(140):             },\n
Action.c(140):             {\n
Action.c(140):               "fill": "rgb(234, 0, 41)"\n
Action.c(140):             },\n
Action.c(140):             {\n
Action.c(140):               "fill": "rgb(234, 0, 41)"\n
Action.c(140):             },\n
Action.c(140):             {\n
Action.c(140):               "fill": "rgb(234, 0, 41)"\n
Action.c(140):             },\n
Action.c(140):             {\n
Action.c(140):               "fill": "rgb(234, 0, 41)"\n
Action.c(140):             },\n
Action.c(140):             {\n
Action.c(140):               "fill": "rgb(234, 0, 41)"\n
Action.c(140):             },\n
Action.c(140):             {\n
Action.c(140):               "fill": "rgb(234, 0, 41)"\n
Action.c(140):             }\n
Action.c(140):           ],\n
Action.c(140):           "width": 1086,\n
Action.c(140):           "isMulticolor": true,\n
Action.c(140):           "grid": 32,\n
Action.c(140):           "tags": [\n
Action.c(140):             "martins choice rewards logo"\n
Action.c(140):           ]\n
Action.c(140):         },\n
Action.c(140):         {\n
Action.c(140):           "paths": [\n
Action.c(140):             "M512 0c-282.77 0-512 229.23-512 512 0 282.78 229.24 512 512 512s512-229.22 512-51
Action.c(140):     2c0-282.78-229.22-512-512-512zM851.42 851.42c-174.413 173.95-452.399 187.041-642.387 30.25
Action.c(140):     1s-229.876-432.211-92.176-636.459c137.7-204.248 407.978-270.561 624.575-153.239s308.713 37
Action.c(140):     9.928 212.868 606.847c-24.103 57.041-59.042 108.864-102.88 152.6z",\n
Action.c(140):             "M250.14 581.74c4.578-4.575 5.949-11.458 3.473-17.438s-8.311-9.879-14.783-9.879c-6
Action.c(140):     .472 0-12.307 3.899-14.783 9.879s-1.105 12.863 3.473 17.438c6.248 6.243 16.372 6.243 22.62
Action.c(140):      0v0z",\n
Action.c(140):             "M254.82 618.42c0 8.837-7.163 16-16 16s-16-7.163-16-16c0-8.837 7.163-16 16-16s16 7
Action.c(140):     .163 16 16z",\n
Action.c(140):             "M735.54 295.36h-444.88c-37.528 0.066-67.934 30.472-68 68v160.84c0 8.837 7.163 16 
Action.c(140):     16 16s16-7.163 16-16v-47.3h154.74c-22.18 26.72-43.4 44-51.64 44-8.837 0-16 7.163-16 16s7.1
Action.c(140):     63 16 16 16c17.6 0 37.78-13.080 63.54-41.18 6.52-7.1 12.44-14.16 17.3-20.22 4.76 6 10.62 1
Action.c(140):     3.12 17.12 20.22 25.4 27.72 47 41.18 66 41.18 8.837 0 16-7.163 16-16s-7.163-16-16-16c-12.2
Action.c(140):      0-34.62-20.3-54-44h303.86v193.4c0 19.882-16.118 36-36 36h-444.92c-19.882 0-36-16.118-36-3
Action.c(140):     6v-6c0-8.837-7.163-16-16-16s-16 7.163-16 16v6c0.066 37.528 30.472 67.934 68 68h444.88c37.5
Action.c(140):     28-0.066 67.934-30.472 68-68v-306.9c-0.044-37.544-30.456-67.974-68-68.040zM371.78 404.62c3
Action.c(140):     .060-3.82 4.88-4.28 5.78-4.28h0.42c6.86 0.92 19.5 14 32 34.14-8.575-2.463-17.002-5.415-25.
Action.c(140):     24-8.84-16-6.9-17.82-11.52-17.88-11.72s0.16-3.36 4.92-9.3zM469.62 434.5c11.26-18.3 23.76-3
Action.c(140):     3.040 31.84-34.12h0.42c0.9 0 2.72 0.46 5.78 4.28 4.76 6 5.14 8.88 4.98 9.34s-1.8 4.82-17.8
Action.c(140):     6 11.72c-8.219 3.387-16.618 6.318-25.16 8.78v0zM526.26 444.9c8.38-5.9 14-12.6 16.68-20.6 4
Action.c(140):     .26-12.5 0.78-25.84-10.3-39.68-12.38-15.46-26-17.2-35.44-16-17.66 2.38-35.020 17.5-53.040 
Action.c(140):     46.24-1.56 2.48-3.040 4.92-4.44 7.34-1.4-2.42-2.88-4.86-4.44-7.34-18-28.74-35.38-43.86-53.
Action.c(140):     020-46.24-9.36-1.26-23.080 0.5-35.46 16-11.080 13.84-14.56 27.18-10.3 39.68 2.74 8 8.3 14.
Action.c(140):     7 16.68 20.6h-98.56v-81.5c0-19.882 16.118-36 36-36h444.92c19.882 0 36 16.118 36 36v81.5h-2
Action.c(140):     45.28z",\n
Action.c(140):             "M695.060 617.14c-1.523 0.862-3.179 1.463-4.9 1.78-1.78 0.335-3.588 0.502-5.4 0.5-
Action.c(140):     6.020 0.090-11.967-1.326-17.3-4.12-2.925-1.56-5.702-3.381-8.3-5.44-2.545-2.036-6.235-1.738
Action.c(140):     -8.42 0.68l-7.020 7.82c-1.117 1.238-1.68 2.877-1.56 4.54 0.122 1.672 0.916 3.223 2.2 4.3 3
Action.c(140):     .27 2.674 6.801 5.013 10.54 6.98 6.662 3.451 13.943 5.545 21.42 6.16v9.54c0 3.402 2.758 6.
Action.c(140):     16 6.16 6.16h3.9c3.394-0.011 6.14-2.766 6.14-6.16v-10.2c4.254-0.641 8.4-1.866 12.32-3.64 3
Action.c(140):     .671-1.631 7.049-3.854 10-6.58 2.794-2.638 5.055-5.789 6.66-9.28 1.665-3.736 2.497-7.79 2.
Action.c(140):     44-11.88 0.142-4.845-0.902-9.65-3.040-14-1.966-3.752-4.691-7.055-8-9.7-3.416-2.679-7.193-4
Action.c(140):     .86-11.22-6.48-4.065-1.633-8.242-2.97-12.5-4-5.346-1.224-10.548-3.007-15.52-5.32-3.153-1.3
Action.c(140):     94-5.152-4.554-5.060-8-0.082-1.711 0.411-3.401 1.4-4.8 1.029-1.351 2.357-2.447 3.88-3.2 1.
Action.c(140):     663-0.812 3.424-1.404 5.24-1.76 1.775-0.385 3.584-0.586 5.4-0.6 2.365-0.010 4.721 0.307 7 
Action.c(140):     0.94 2.077 0.575 4.088 1.366 6 2.36 1.537 0.78 3.020 1.662 4.44 2.64 2.548 1.784 6.028 1.3
Action.c(140):     8 8.1-0.94l6.38-7.14c1.169-1.294 1.731-3.026 1.544-4.759s-1.105-3.306-2.524-4.321c-1.62-1.
Action.c(140):     18-3.46-2.4-5.44-3.62-5.418-3.089-11.431-4.991-17.64-5.58v-8.86c0-3.391-2.749-6.14-6.14-6.
Action.c(140):     14h-3.9c-1.632-0.005-3.199 0.639-4.355 1.791s-1.805 2.717-1.805 4.349v8.84c-9.74 1.24-17.4
Action.c(140):     8 4.62-23.020 10-5.608 5.592-8.637 13.265-8.36 21.18-0.183 7.481 2.709 14.709 8 20 5.26 5.
Action.c(140):     26 13.28 9.42 23.78 12.32 4.34 1.26 7.9 2.36 10.88 3.36 2.544 0.804 4.981 1.912 7.26 3.3 1
Action.c(140):     .613 0.935 2.983 2.237 4 3.8 0.803 1.376 1.211 2.947 1.18 4.54 0.061 1.813-0.405 3.605-1.3
Action.c(140):     4 5.16-0.869 1.425-2.070 2.619-3.5 3.48z"\n
Action.c(140):           ],\n
Action.c(140):           "attrs": [\n
Action.c(140):             {\n
Action.c(140):               "fill": "rgb(217, 217, 214)"\n
Action.c(140):             },\n
Action.c(140):             {\n
Action.c(140):               "fill": "rgb(0, 25, 25)"\n
Action.c(140):             },\n
Action.c(140):             {\n
Action.c(140):               "fill": "rgb(0, 25, 25)"\n
Action.c(140):             },\n
Action.c(140):             {\n
Action.c(140):               "fill": "rgb(224, 0, 77)"\n
Action.c(140):             },\n
Action.c(140):             {\n
Action.c(140):               "fill": "rgb(224, 0, 77)"\n
Action.c(140):             }\n
Action.c(140):           ],\n
Action.c(140):           "isMulticolor": true,\n
Action.c(140):           "grid": 32,\n
Action.c(140):           "tags": [\n
Action.c(140):             "sns-special-offers-icon"\n
Action.c(140):           ]\n
Action.c(140):         },\n
Action.c(140):         {\n
Action.c(140):           "paths": [\n
Action.c(140):             "M235.19 433.824h567.274c7.541 0 13.653 6.113 13.653 13.653v412.683c0 7.541-6.113 
Action.c(140):     13.653-13.653 13.653h-567.274c-7.541 0-13.653-6.113-13.653-13.653v-412.683c0-7.541 6.113-1
Action.c(140):     3.653 13.653-13.653z",\n
Action.c(140):             "M875.575 291.124h-139.346c12.808-16.186 20.43-36.754 20.43-59.458 0-53.344-41.783
Action.c(140):     -95.133-95.133-95.133-74.067 0-118.704 57.12-142.699 103.228-23.995-46.108-68.632-103.228-
Action.c(140):     142.699-103.228-53.35 0-95.133 41.789-95.133 95.133 0 22.704 7.622 43.272 20.43 59.458h-13
Action.c(140):     9.346c-6.573 0-11.892 5.325-11.892 11.892v95.133c0 6.567 5.319 11.892 11.892 11.892h713.49
Action.c(140):     7c6.573 0 11.892-5.325 11.892-11.892v-95.133c0-6.567-5.319-11.892-11.892-11.892zM661.526 1
Action.c(140):     84.1c27.116 0 47.566 20.45 47.566 47.566s-20.45 47.566-47.566 47.566h-108.755c16.061-37.00
Action.c(140):     5 50.551-95.133 108.755-95.133zM376.127 184.1c58.204 0 92.706 58.14 108.755 95.133h-108.75
Action.c(140):     5c-27.116 0-47.566-20.45-47.566-47.566s20.45-47.566 47.566-47.566z"\n
Action.c(140):           ],\n
Action.c(140):           "attrs": [\n
Action.c(140):             {\n
Action.c(140):               "fill": "rgb(225, 30, 16)"\n
Action.c(140):             },\n
Action.c(140):             {\n
Action.c(140):               "fill": "rgb(225, 30, 16)"\n
Action.c(140):             }\n
Action.c(140):           ],\n
Action.c(140):           "grid": 32,\n
Action.c(140):           "tags": [\n
Action.c(140):             "gm-special-offers-icon"\n
Action.c(140):           ]\n
Action.c(140):         },\n
Action.c(140):         {\n
Action.c(140):           "paths": [\n
Action.c(140):             "M498.464 371.248c-5.922 0-11.421-3.384-13.959-8.883-38.916-82.484-58.796-136.627-
Action.c(140):     58.796-160.315-0.423-46.529 38.070-85.022 85.022-85.022s85.445 38.493 85.445 85.445c0 23.6
Action.c(140):     88-19.881 76.985-58.796 159.469-3.807 7.614-12.69 10.998-20.304 7.191-2.538-1.269-4.653-2.
Action.c(140):     961-5.922-5.076-1.692 2.538-3.807 4.23-6.345 5.499-2.115 1.269-4.23 1.692-6.345 1.692zM510
Action.c(140):     .731 147.907c-30.033 0-54.566 24.534-54.566 54.566 0 17.766 20.304 71.486 54.566 144.241 3
Action.c(140):     3.84-71.486 54.566-126.898 54.566-144.241 0.423-30.033-24.111-54.566-54.566-54.566z",\n
Action.c(140):             "M467.586 384.361c-50.759 0-131.974-2.115-158.623-14.382-42.299-19.881-60.911-71.0
Action.c(140):     63-41.030-113.363 9.729-20.727 26.649-36.378 48.221-43.991s44.837-6.768 65.141 2.961v0c0 0
Action.c(140):      0 0 0 0 37.224 17.343 128.167 131.128 138.742 143.818 3.807 4.653 4.23 10.575 1.692 16.07
Action.c(140):     4-2.538 5.076-7.614 8.883-13.536 8.883-4.653-0.423-19.881 0-40.608 0zM345.34 238.005c-6.34
Action.c(140):     5 0-12.69 1.269-18.612 3.384-13.536 5.076-24.534 15.228-30.879 28.341s-6.768 27.918-1.692 
Action.c(140):     41.876c5.076 13.536 15.228 24.534 28.341 30.879 19.458 8.883 95.174 11.844 153.97 11.421-3
Action.c(140):     7.647-45.26-87.983-101.519-107.441-110.825 0 0 0 0 0 0-8.037-3.384-15.651-5.076-23.688-5.0
Action.c(140):     76z",\n
Action.c(140):             "M554.299 384.361c-20.727 0-35.955-0.423-40.608-0.423-5.922 0-10.998-3.384-13.536-
Action.c(140):     8.883-2.538-5.076-1.692-11.421 1.692-16.074 10.152-12.69 101.519-126.475 138.742-143.818v0
Action.c(140):     c0 0 0 0 0 0 20.727-9.729 43.991-10.575 65.141-2.961 21.573 7.614 38.493 23.265 48.221 43.
Action.c(140):     991 19.881 42.722 1.269 93.482-41.030 113.363-26.649 12.69-108.287 14.805-158.623 14.805zM
Action.c(140):     545.84 353.483c58.373 0.423 134.512-2.538 153.97-11.421 13.113-6.345 23.265-17.343 28.341-
Action.c(140):     30.879s4.23-28.764-1.692-41.876c-6.345-13.113-17.343-23.265-30.879-28.341s-28.764-4.23-41.
Action.c(140):     876 1.692c0 0 0 0 0 0-19.881 9.306-70.217 65.564-107.864 110.825z",\n
Action.c(140):             "M800.905 876.304h-579.926c-8.46 0-15.228-6.768-15.228-15.228v-290.597h30.879v274.
Action.c(140):     947h549.047v-274.947h30.879v290.597c-0.423 8.46-7.191 15.228-15.651 15.228z",\n
Action.c(140):             "M845.32 526.488h-283.83v-30.879h268.602v-111.671h-638.299v111.671h262.257v30.879h
Action.c(140):     -277.908c-8.46 0-15.228-6.768-15.228-15.228v-142.549c0-8.46 6.768-15.228 15.228-15.228h669
Action.c(140):     .178c8.46 0 15.228 6.768 15.228 15.228v142.549c0.423 8.46-6.768 15.228-15.228 15.228z",\n
Action.c(140):             "M446.013 373.363h30.879v486.867h-30.879z",\n
Action.c(140):             "M544.994 373.363h30.879v486.867h-30.879z"\n
Action.c(140):           ],\n
Action.c(140):           "attrs": [\n
Action.c(140):             {\n
Action.c(140):               "fill": "rgb(113, 33, 119)"\n
Action.c(140):             },\n
Action.c(140):             {\n
Action.c(140):               "fill": "rgb(113, 33, 119)"\n
Action.c(140):             },\n
Action.c(140):             {\n
Action.c(140):               "fill": "rgb(113, 33, 119)"\n
Action.c(140):             },\n
Action.c(140):             {\n
Action.c(140):               "fill": "rgb(113, 33, 119)"\n
Action.c(140):             },\n
Action.c(140):             {\n
Action.c(140):               "fill": "rgb(113, 33, 119)"\n
Action.c(140):             },\n
Action.c(140):             {\n
Action.c(140):               "fill": "rgb(113, 33, 119)"\n
Action.c(140):             },\n
Action.c(140):             {\n
Action.c(140):               "fill": "rgb(113, 33, 119)"\n
Action.c(140):             }\n
Action.c(140):           ],\n
Action.c(140):           "grid": 32,\n
Action.c(140):           "tags": [\n
Action.c(140):             "gf-special-offers-icon"\n
Action.c(140):           ]\n
Action.c(140):         },\n
Action.c(140):         {\n
Action.c(140):           "paths": [\n
Action.c(140):             "M1024 512c0 282.77-229.23 512-512 512s-512-229.23-512-512c0-282.77 229.23-512 512
Action.c(140):     -512s512 229.23 512 512z",\n
Action.c(140):             "M708.471 375.467l-271.889 271.889-120.849-120.849"\n
Action.c(140):           ],\n
Action.c(140):           "attrs": [\n
Action.c(140):             {\n
Action.c(140):               "fill": "rgb(139, 196, 0)"\n
Action.c(140):             },\n
Action.c(140):             {\n
Action.c(140):               "fill": "none",\n
Action.c(140):               "stroke": "rgb(255, 255, 255)",\n
Action.c(140):               "strokeLinejoin": "round",\n
Action.c(140):               "strokeLinecap": "round",\n
Action.c(140):               "strokeMiterlimit": "4",\n
Action.c(140):               "strokeWidth": 34.13333333333333\n
Action.c(140):             }\n
Action.c(140):           ],\n
Action.c(140):           "isMulticolor2": true,\n
Action.c(140):           "grid": 32,\n
Action.c(140):           "tags": [\n
Action.c(140):             "Confirmation Check"\n
Action.c(140):           ]\n
Action.c(140):         },\n
Action.c(140):         {\n
Action.c(140):           "paths": [\n
Action.c(140):             "M515.936 192l-291.936 221.008v403.792h188.256v-172.928c0-57.248 46.416-103.68 103
Action.c(140):     .68-103.68s103.68 46.432 103.68 103.68v172.928h188.256v-403.792l-291.936-221.008z"\n
Action.c(140):           ],\n
Action.c(140):           "attrs": [\n
Action.c(140):             {\n
Action.c(140):               "fill": "none",\n
Action.c(140):               "strokeLinejoin": "miter",\n
Action.c(140):               "strokeLinecap": "round",\n
Action.c(140):               "strokeMiterlimit": "4",\n
Action.c(140):               "strokeWidth": 64\n
Action.c(140):             }\n
Action.c(140):           ],\n
Action.c(140):           "grid": 32,\n
Action.c(140):           "tags": [\n
Action.c(140):             "Home_GM"\n
Action.c(140):           ]\n
Action.c(140):         },\n
Action.c(140):         {\n
Action.c(140):           "paths": [\n
Action.c(140):             "M227.888 416c55.168 0 99.888 44.736 99.888 99.888 0 55.168-44.72 99.904-99.888 99
Action.c(140):     .904s-99.888-44.736-99.888-99.904c0-55.152 44.72-99.888 99.888-99.888zM527.208 416c55.168 
Action.c(140):     0 99.888 44.736 99.888 99.888 0 55.168-44.72 99.904-99.888 99.904s-99.888-44.736-99.888-99
Action.c(140):     .904c0-55.152 44.72-99.888 99.888-99.888zM826.528 416c55.168 0 99.888 44.736 99.888 99.888
Action.c(140):      0 55.168-44.72 99.904-99.888 99.904s-99.888-44.736-99.888-99.904c0-55.152 44.72-99.888 99
Action.c(140):     .888-99.888z"\n
Action.c(140):           ],\n
Action.c(140):           "attrs": [\n
Action.c(140):             {\n
Action.c(140):               "fill": "none",\n
Action.c(140):               "strokeLinejoin": "round",\n
Action.c(140):               "strokeLinecap": "round",\n
Action.c(140):               "strokeMiterlimit": "4",\n
Action.c(140):               "strokeWidth": 64\n
Action.c(140):             }\n
Action.c(140):           ],\n
Action.c(140):           "grid": 32,\n
Action.c(140):           "tags": [\n
Action.c(140):             "More_GM"\n
Action.c(140):           ]\n
Action.c(140):         },\n
Action.c(140):         {\n
Action.c(140):           "paths": [\n
Action.c(140):             "M512.064 192l104.736 226.032 247.328 29.76-182.608 169.456 48.144 244.432-217.6-1
Action.c(140):     21.312-217.584 121.312 48.128-244.432-182.608-169.456 247.344-29.76z"\n
Action.c(140):           ],\n
Action.c(140):           "attrs": [\n
Action.c(140):             {\n
Action.c(140):               "fill": "none",\n
Action.c(140):               "strokeLinejoin": "miter",\n
Action.c(140):               "strokeLinecap": "square",\n
Action.c(140):               "strokeMiterlimit": "4",\n
Action.c(140):               "strokeWidth": 64\n
Action.c(140):             }\n
Action.c(140):           ],\n
Action.c(140):           "grid": 32,\n
Action.c(140):           "tags": [\n
Action.c(140):             "Rewards_GM"\n
Action.c(140):           ]\n
Action.c(140):         },\n
Action.c(140):         {\n
Action.c(140):           "paths": [\n
Action.c(140):             "M702.101 490.78v-78.198c0-17.673 14.327-32 32-32s32 14.327 32 32v78.198h73.971c17
Action.c(140):     .673 0 32 14.327 32 32s-14.327
Action.c(140): t=20285ms: 2568-byte DECODED response body for "https://stage.peapod.com/shop/images/icons/PeapodIcons.json" (RelFrameId=1, Internal ID=13)
Action.c(140):      32-32 32h-73.971v81.341c0 17.673-14.327 32-32 32s-32-14.327-32-32v-81.341h-85.568c-17.673
Action.c(140):      0-32-14.327-32-32s14.327-32 32-32h85.568zM256 384c-17.673 0-32-14.327-32-32s14.327-32 32-
Action.c(140):     32h355.691c17.673 0 32 14.327 32 32s-14.327 32-32 32h-355.691zM256 554.78c-17.673 0-32-14.
Action.c(140):     327-32-32s14.327-32 32-32h215.042c17.673 0 32 14.327 32 32s-14.327 32-32 32h-215.042zM256 
Action.c(140):     736c-17.673 0-32-14.327-32-32s14.327-32 32-32h355.691c17.673 0 32 14.327 32 32s-14.327 32-
Action.c(140):     32 32h-355.691z"\n
Action.c(140):           ],\n
Action.c(140):           "grid": 32,\n
Action.c(140):           "tags": [\n
Action.c(140):             "icon-list-add"\n
Action.c(140):           ]\n
Action.c(140):         },\n
Action.c(140):         {\n
Action.c(140):           "paths": [\n
Action.c(140):             "M653.595 366.626c-17.673 0-32-14.327-32-32v-147.959h-360.262v668.033h540.221v-488
Action.c(140):     .074h-147.959zM865.555 886.7c0 17.673-14.327 32-32 32h-604.221c-17.673 0-32-14.327-32-32v-
Action.c(140):     732.033c0-17.673 14.327-32 32-32h422.472c8.496-0.539 17.339 2.294 24.418 9.373l179.959 179
Action.c(140):     .959c7.079 7.079 9.911 15.922 9.373 24.418v550.283zM756.3 302.626l-70.704-70.704v70.704h70
Action.c(140):     .704zM377.91 517.71c-17.673 0-32-14.327-32-32s14.327-32 32-32h298.667c17.673 0 32 14.327 3
Action.c(140):     2 32s-14.327 32-32 32h-298.667zM377.91 648.377c-17.673 0-32-14.327-32-32s14.327-32 32-32h2
Action.c(140):     98.667c17.673 0 32 14.327 32 32s-14.327 32-32 32h-298.667zM377.91 779.043c-17.673 0-32-14.
Action.c(140):     327-32-32s14.327-32 32-32h298.667c17.673 0 32 14.327 32 32s-14.327 32-32 32h-298.667z"\n
Action.c(140):           ],\n
Action.c(140):           "grid": 32,\n
Action.c(140):           "tags": [\n
Action.c(140):             "icon-list-nav"\n
Action.c(140):           ]\n
Action.c(140):         },\n
Action.c(140):         {\n
Action.c(140):           "paths": [\n
Action.c(140):             "M512 0c282.857 0 512 229.143 512 512s-229.143 512-512 512c-282.571 0-512-229.143-
Action.c(140):     512-512 0-139.428 56-266 146.286-358.286 92.857-94.857 222.571-153.714 365.714-153.714zM61
Action.c(140):     8.647 353.564v-58.024h-442.627v410.008h74.664c7.193 40.123 41.919 70.603 83.751 70.603s76.
Action.c(140):     557-30.48 83.751-70.603l215.324 0.001c7.194 40.123 41.919 70.602 83.75 70.602s76.557-30.48
Action.c(140):      83.75-70.602h45.743v-209.854l-99.071-142.13h-129.035zM663.025 690.109v-0.002c0-30.505 24.
Action.c(140):     331-55.159 54.235-55.159s54.235 24.654 54.235 55.161c0 30.51-24.328 55.159-54.235 55.159s-
Action.c(140):     54.235-24.649-54.235-55.159zM801.010 674.666c-7.196-40.118-41.921-70.599-83.75-70.599s-76.
Action.c(140):     554 30.481-83.75 70.599h-14.861v-290.22h112.915l84.307 120.949v169.271h-14.861z",\n
Action.c(140):             "M206.903 326.423h380.862v348.243h-169.585c-7.194-40.119-41.915-70.601-83.743-70.6
Action.c(140):     01s-76.555 30.482-83.75 70.601h-43.784v-348.243zM390.324 526.495c-14.741-0.017-25.853-27.4
Action.c(140):     67-24.047-40.556 1.864-14.874 15.736-30.87 26.458-30.87h83.235l-0.066-43.080h-80.501c-19.9
Action.c(140):     04-0.67-35.672 4.064-51.706 20.061-22.315 23.298-26.591 56.553-18.039 84.194 8.154 26.953 
Action.c(140):     33.269 50.252 58.526 52.628l91.248 0.148v-73.437h-42.144v30.913h-42.964z",\n
Action.c(140):             "M334.435 634.95c29
Action.c(140): t=20291ms: 1369-byte ENCODED response body received for "https://stage.peapod.com/shop/images/icons/PeapodIcons.json" (RelFrameId=1, Internal ID=13)
Action.c(140): t=20291ms: 3640-byte DECODED response body for "https://stage.peapod.com/shop/images/icons/PeapodIcons.json" (RelFrameId=1, Internal ID=13)
Action.c(140):     .905 0 54.235 24.654 54.235 55.159 0 30.51-24.328 55.159-54.235 55.159s-54.235-24.649-54.2
Action.c(140):     35-55.159c0-30.505 24.331-55.159 54.235-55.159z"\n
Action.c(140):           ],\n
Action.c(140):           "grid": 32,\n
Action.c(140):           "tags": [\n
Action.c(140):             "delivery-gntc-inverse"\n
Action.c(140):           ],\n
Action.c(140):           "defaultCode": 59648\n
Action.c(140):         },\n
Action.c(140):         {\n
Action.c(140):           "paths": [\n
Action.c(140):             "M512-0c282.857 0 512 229.143 512 512s-229.143 512-512 512c-282.571 0-512-229.143-
Action.c(140):     512-512 0-139.429 56-266 146.286-358.286 92.857-94.857 222.571-153.714 365.714-153.714zM24
Action.c(140):     2.342 271.518l-0.022-0.014-50.8 83.035v4.909c0 37.132 18.56 70.92 48.239 90.544v350.488h54
Action.c(140):     0.411v-350.491c29.676-19.63 48.23-53.415 48.23-90.542v-4.908l-48.227-78.844 0.112-0.069-30
Action.c(140):     .691-49.854h-479.295l-27.242 44.533-0.715 1.213zM264.489 302.064l0.231 0.136 8.221-13.951 
Action.c(140):     16.896-27.617h440.28l17.854 29.002-0.101 0.062 45.526 74.426c-1.593 25.858-16.326 48.672-3
Action.c(140):     8.476 60.36l-0.244 0.127c-0.147 0.077-0.294 0.152-0.44 0.229-9.584 4.918-20.018 7.546-30.7
Action.c(140):     77 7.623-0.163 0.001-0.327 0.002-0.49 0.002-22.65 0-43.511-11.17-56.806-29.842l-14.202-19.
Action.c(140):     946-14.197 19.95c-13.286 18.67-34.146 29.839-56.804 29.839s-43.518-11.169-56.804-29.839l-1
Action.c(140):     4.205-19.96-14.2 19.964c-13.275 18.663-34.14 29.835-56.793 29.835-22.655 0-43.509-11.167-5
Action.c(140):     6.806-29.842l-14.202-19.946-14.197 19.95c-7.038 9.89-16.202 17.676-26.632 22.811-9.257 4.5
Action.c(140):     59-19.512 7.029-30.163 7.029-5.559 0-11.029-0.679-16.341-2.003-5.3-1.32-10.443-3.281-15.36
Action.c(140):     2-5.85l-0.276-0.144c-22.139-11.69-36.863-34.495-38.456-60.345l37.967-62.059zM287.005 466.8
Action.c(140):     4l-0 0.001c3.291 0.32 6.611 0.483 9.952 0.483 26.818 0 51.913-10.36 70.998-28.234 19.089 1
Action.c(140):     7.876 44.18 28.234 71.003 28.234 26.818 0 51.916-10.36 70.998-28.231 19.085 17.873 44.181 
Action.c(140):     28.231 71.003 28.231 26.824 0 51.921-10.359 71.007-28.235 19.089 17.875 44.185 28.235 71.0
Action.c(140):     03 28.235 0.186 0 0.371-0.001 0.557-0.002-0.186 0.001-0.371 0.002-0.557 0.002-26.817 0-51.
Action.c(140):     912-10.359-71.003-28.231-19.087 17.872-44.184 28.231-71.007 28.231-26.821 0-51.917-10.357-
Action.c(140):     71.003-28.227-19.083 17.868-44.182 28.227-70.998 28.227-26.821 0-51.913-10.357-71.003-28.2
Action.c(140):     31-19.086 17.872-44.181 28.231-70.998 28.231-3.341 0-6.661-0.162-9.952-0.483zM723.526 467.
Action.c(140):     322l21.255-2.346c-6.936 1.512-14.047 2.307-21.255 2.346z",\n
Action.c(140):             "M274.617 464.861c7.279 1.626 14.755 2.462 22.34 2.462 26.817 0 51.912-10.359 70.9
Action.c(140):     98-28.231 19.090 17.873 44.182 28.231 71.003 28.231 26.816 0 51.915-10.359 70.998-28.227 1
Action.c(140):     9.086 17.87 44.182 28.227 71.003 28.227 26.823 0 51.92-10.359 71.007-28.231 19.090 17.872 
Action.c(140):     44.186 28.231 71.003 28.231 7.582 0 15.059-0.837 22.34-2.464v300.763h-470.692v-300.761zM49
Action.c(140):     8.226 651.218c-14.121-0.017-24.765-26.412-23.034-38.999 1.786-14.302 15.073-29.684 25.344-
Action.c(140):     29.684h79.731l-0.063-41.426h-77.111c-19.066-0.644-34.17 3.908-49.529 19.29-21.375 22.403-2
Action.c(140):     5.471 54.381-17.28 80.96 7.81 25.918 31.869 48.322 56.062 50.607l87.406 0.142v-70.617h-40.
Action.c(140):     369v29.726h-41.155z"\n
Action.c(140):           ],\n
Action.c(140):           "grid": 32,\n
Action.c(140):           "tags": [\n
Action.c(140):             "in-store-gntc-inverse"\n
Action.c(140):           ]\n
Action.c(140):         },\n
Action.c(140):         {\n
Action.c(140):           "paths": [\n
Action.c(140):             "M512-0c282.572 0 512 229.143 512 512s-229.428 512-512 512c-282.857 0-512-229.143-
Action.c(140):     512-512 0-139.428 55.714-266 146-358.286 93.143-94.857 222.571-153.714 366-153.714zM677.46
Action.c(140):     9 410.321l39.91-132.286c10.625-35.215-9.522-72.276-44.916-82.78l-10.737-3.187c-35.337-10.4
Action.c(140):     96-72.592 9.435-83.195 44.589l-19.884 65.933c-24.617-33.343-64.109-54.407-107.769-54.407-7
Action.c(140):     3.988 0-133.971 59.903-133.971 133.813 0 8.258 0.767 16.422 2.266 24.422l-44.567-27.131v37
Action.c(140):     5.221c0 48.954 39.988 88.592 89.239 88.592h275.588c49.251 0 89.239-39.637 89.239-88.592v-3
Action.c(140):     75.361l-51.202 31.175zM642.179 424.883l3.173-1.937 3.084 5.052-0.571 0.347-5.686-3.462zM54
Action.c(140):     6.275 343.613l-0.176 0.584c-0.934 2.873-0.993 6.317-0.004 9.589 2.612 9.113 3.99 18.544 3.
Action.c(140):     99 28.033 0 12.11
Action.c(140): t=20302ms: 12273-byte ENCODED response body received for "https://stage.peapod.com/shop/images/icons/PeapodIcons.json" (RelFrameId=1, Internal ID=13)
Action.c(140): t=20302ms: 12288-byte DECODED response body for "https://stage.peapod.com/shop/images/icons/PeapodIcons.json" (RelFrameId=1, Internal ID=13)
Action.c(140):     2-2.124 23.919-6.204 35.047l-39.666-24.33-48.402 29.691-48.408-29.691-48.409 29.691-3.676-
Action.c(140):     2.254c-4.836-12.061-7.358-24.861-7.358-37.977 0-56.749 46.070-102.758 102.915-102.758 42.5
Action.c(140):     58 0 79.964 26.062 95.398 64.374zM578.927 342.889l29.336-97.265c5.652-18.737 25.632-29.426
Action.c(140):      44.622-23.785l10.741 3.188c18.944 5.622 29.663 25.34 24.021 44.037l-45.431 150.588-35.901
Action.c(140):     -21.884c-5.368-3.216-11.915-3.216-17.169-0.127l-5.662 3.452c0.904-6.279 1.364-12.656 1.364
Action.c(140):     -19.096 0-12.539-1.815-24.935-5.309-37.047-0.199-0.689-0.403-1.376-0.612-2.060zM330.988 44
Action.c(140):     9.968l24.207 14.736 48.781-29.696 48.775 29.696 48.782-29.696 48.775 29.696 48.782-29.696 
Action.c(140):     48.776 29.697 49.75-30.291v320.094c0 31.741-26.023 57.536-58.183 57.536h-275.588c-32.16 0-
Action.c(140):     58.183-25.795-58.183-57.536v-319.957l25.326 15.418zM484.528 659.659c-14.902-0.017-26.135-2
Action.c(140):     7.15-24.309-40.089 1.885-14.702 15.907-30.514 26.747-30.514h84.144l-0.067-42.583h-81.379c-
Action.c(140):     20.121-0.662-36.062 4.017-52.27 19.829-22.558 23.029-26.881 55.9-18.236 83.222 8.243 26.64
Action.c(140):     3 33.632 49.672 59.164 52.020l92.244 0.146v-72.59h-42.604v30.557h-43.433z"\n
Action.c(140):           ],\n
Action.c(140):           "grid": 32,\n
Action.c(140):           "tags": [\n
Action.c(140):             "pick-up-gntc-inverse"\n
Action.c(140):           ]\n
Action.c(140):         },\n
Action.c(140):         {\n
Action.c(140):           "paths": [\n
Action.c(140):             "M512 0c282.857 0 512 229.143 512 512s-229.143 512-512 512c-282.571 0-512-229.143-
Action.c(140):     512-512 0-139.428 56-266 146.286-358.286 92.857-94.857 222.571-153.714 365.714-153.714zM61
Action.c(140):     8.647 353.564v-58.024h-442.627v410.008h74.664c7.193 40.123 41.919 70.603 83.751 70.603s76.
Action.c(140):     557-30.48 83.751-70.603l215.324 0.001c7.194 40.123 41.919 70.602 83.75 70.602s76.557-30.48
Action.c(140):      83.75-70.602h45.743v-209.854l-99.071-142.13h-129.035zM663.025 690.109v-0.002c0-30.505 24.
Action.c(140):     331-55.159 54.235-55.159s54.235 24.654 54.235 55.161c0 30.51-24.328 55.159-54.235 55.159s-
Action.c(140):     54.235-24.649-54.235-55.159zM801.010 674.666c-7.196-40.118-41.921-70.599-83.75-70.599s-76.
Action.c(140):     554 30.481-83.75 70.599h-14.861v-290.22h112.915l84.307 120.949v169.271h-14.861z",\n
Action.c(140):             "M206.903 326.423h380.862v348.243h-169.585c-7.194-40.119-41.915-70.601-83.743-70.6
Action.c(140):     01s-76.555 30.482-83.75 70.601h-43.784v-348.243zM404.045 519.147c4.575 0.134 8.242-2.195 1
Action.c(140):     0.044-6.192l17.187-51.957-0.010 34.013 0.003 32.945c0.003 15.896 0.003 15.896 0.696 16.53l
Action.c(140):     0.703 0.638 0.806-0.112h6.666c16.453-0.006 18.631-0.007 19.177-0.141 0.775-0.003 1.225-0.0
Action.c(140):     06 1.233-0.010 0.004-0.002 0.008-0.503 0.011-1.436 0.123-0.826 0.125-2.271 0.128-4.993l0.0
Action.c(140):     10-11.897c0.003-9.851 0-23.052-0.010-36.42-0.010-25.409-0.038-54.028-0.069-56.83-0.062-6.0
Action.c(140):     90-2.923-12.657-7.109-16.345-3.609-3.183-9.696-6.972-18.194-6.972-0.985 0-1.99 0.052-2.995
Action.c(140):      0.157-9.37 0.983-11.641 6.254-13.46 10.489-0.202 0.471-0.405 0.941-0.666 1.509-4.158 10.5
Action.c(140):     8-12.626 31.303-16.362 40.419l-18.857-44.156-0.134-0.258c-2.481-4.106-9.219-8.526-18.236-8
Action.c(140):     .526-7.788 0.028-23.125 5.769-23.276 18.939v116.463l29.571 0.021v-2.067c0.014-12.023 0.058
Action.c(140):     -60.515 0.041-83.626 5.4 15.477 14.712 42.026 18.321 52.323l0.25 0.492c1.757 2.538 4.495 5
Action.c(140):     .94 8.159 6.379 2.199 0.671 4.358 0.862 6.369 0.624z",\n
Action.c(140):             "M334.435 634.95c29.905 0 54.235 24.654 54.235 55.159 0 30.51-24.328 55.159-54.235
Action.c(140):      55.159s-54.235-24.649-54.235-55.159c0-30.505 24.331-55.159 54.235-55.159z"\n
Action.c(140):           ],\n
Action.c(140):           "grid": 32,\n
Action.c(140):           "tags": [\n
Action.c(140):             "delivery-mrtn-inverse"\n
Action.c(140):           ]\n
Action.c(140):         },\n
Action.c(140):         {\n
Action.c(140):           "paths": [\n
Action.c(140):             "M512-0c282.857 0 512 229.143 512 512s-229.143 512-512 512c-282.571 0-512-229.143-
Action.c(140):     512-512 0-139.429 56-266 146.286-358.286 92.857-94.857 222.571-153.714 365.714-153.714zM24
Action.c(140):     2.342 271.518l-0.022-0.014-50.8 83.035v4.909c0 37.132 18.56 70.92 48.239 90.544v350.488h54
Action.c(140):     0.411v-350.491c29.676-19.63 48.23-53.415 48.23-90.542v-4.908l-48.227-78.844 0.112-0.069-30
Action.c(140):     .691-49.854h-479.295l-27.242 44.533-0.715 1.213zM264.489 302.064l0.231 0.136 8.221-13.951 
Action.c(140):     16.896-27.617h440.28l17.854 29.002-0.101 0.062 45.526 74.426c-1.593 25.858-16.326 48.672-3
Action.c(140):     8.476 60.36l-0.244 0.127c-0.147 0.077-0.294 0.152-0.44 0.229-9.584 4.918-20.018 7.546-30.7
Action.c(140):     77 7.623-0.163 0.001-0.327 0.002-0.49 0.002-22.65 0-43.511-11.17-56.806-29.842l-14.202-19.
Action.c(140):     946-14.197 19.95c-13.286 18.67-34.146 29.839-56.804 29.839s-43.518-11.169-56.804-29.839l-1
Action.c(140):     4.205-19.96-14.2 19.964c-13.275 18.663-34.14 29.835-56.793 29.835-22.655 0-43.509-11.167-5
Action.c(140):     6.806-29.842l-14.202-19.946-14.197 19.95c-7.038 9.89-16.202 17.676-26.632 22.811-9.257 4.5
Action.c(140):     59-19.512 7.029-30.163 7.029-5.559 0-11.029-0.679-16.341-2.003-5.3-1.32-10.443-3.281-15.36
Action.c(140):     2-5.85l-0.276-0.144c-22.139-11.69-36.863-34.495-38.456-60.345l37.967-62.059zM287.005 466.8
Action.c(140):     4l-0 0.001c3.291 0.32 6.611 0.483 9.952 0.483 26.818 0 51.913-10.36 70.998-28.234 19.089 1
Action.c(140):     7.876 44.18 28.234 71.003 28.234 26.818 0 51.916-10.36 70.998-28.231 19.085 17.873 44.181 
Action.c(140):     28.231 71.003 28.231 26.824 0 51.921-10.359 71.007-28.235 19.089 17.875 44.185 28.235 71.0
Action.c(140):     03 28.235 0.186 0 0.371-0.001 0.557-0.002-0.186 0.001-0.371 0.002-0.557 0.002-26.817 0-51.
Action.c(140):     912-10.359-71.003-28.231-19.087 17.872-44.184 28.231-71.007 28.231-26.821 0-51.917-10.357-
Action.c(140):     71.003-28.227-19.083 17.868-44.182 28.227-70.998 28.227-26.821 0-51.913-10.357-71.003-28.2
Action.c(140):     31-19.086 17.872-44.181 28.231-70.998 28.231-3.341 0-6.661-0.162-9.952-0.483zM723.526 467.
Action.c(140):     322l21.255-2.346c-6.936 1.512-14.047 2.307-21.255 2.346z",\n
Action.c(140):             "M274.617 464.861c7.279 1.626 14.755 2.462 22.34 2.462 26.817 0 51.912-10.359 70.9
Action.c(140):     98-28.231 19.090 17.873 44.182 28.231 71.003 28.231 26.816 0 51.915-10.359 70.998-28.227 1
Action.c(140):     9.086 17.87 44.182 28.227 71.003 28.227 26.823 0 51.92-10.359 71.007-28.231 19.090 17.872 
Action.c(140):     44.186 28.231 71.003 28.231 7.582 0 15.059-0.837 22.34-2.464v300.763h-470.692v-300.761zM51
Action.c(140):     4.343 652.409c5.151 0.151 9.279-2.472 11.309-6.972l19.351-58.5-0.011 38.297 0.004 37.094c0
Action.c(140):     .004 17.897 0.004 17.897 0.784 18.612l0.792 0.718 0.908-0.126h7.506c18.525-0.007 20.977-0.
Action.c(140):     008 21.592-0.159 0.873-0.003 1.379-0.007 1.388-0.012 0.005-0.002 0.008-0.566 0.012-1.617 0
Action.c(140):     .139-0.93 0.14-2.557 0.144-5.622l0.012-13.396c0.004-11.092 0-25.955-0.012-41.007-0.012-28.
Action.c(140):     608-0.042-60.831-0.077-63.987-0.070-6.857-3.291-14.251-8.004-18.404-4.064-3.583-10.917-7.8
Action.c(140):     5-20.486-7.85-1.109 0-2.241 0.059-3.372 0.177-10.55 1.107-13.107 7.041-15.155 11.81-0.228 
Action.c(140):     0.53-0.456 1.060-0.749 1.699-4.682 11.912-14.216 35.245-18.423 45.509l-21.231-49.716-0.151
Action.c(140):     -0.29c-2.793-4.623-10.38-9.6-20.532-9.6-8.769 0.031-26.037 6.496-26.207 21.324v131.129l33.
Action.c(140):     295 0.024v-2.327c0.015-13.537 0.066-68.136 0.046-94.157 6.080 17.426 16.565 47.318 20.629 
Action.c(140):     58.912l0.282 0.553c1.978 2.857 5.061 6.688 9.186 7.182 2.476 0.755 4.906 0.971 7.171 0.702
Action.c(140):     z"\n
Action.c(140):           ],\n
Action.c(140):           "grid": 32,\n
Action.c(140):           "tags": [\n
Action.c(140):             "in-store-mrtn-inverse"\n
Action.c(140):           ]\n
Action.c(140):         },\n
Action.c(140):         {\n
Action.c(140):           "paths": [\n
Action.c(140):             "M512 0c282.572 0 512 229.143 512 512s-229.428 512-512 512c-282.857 0-512-229.143-
Action.c(140):     512-512 0-139.428 55.714-266 146-358.286 93.143-94.857 222.571-153.714 366-153.714zM677.46
Action.c(140):     9 410.321l39.91-132.286c10.625-35.215-9.522-72.276-44.916-82.78l-10.737-3.187c-35.337-10.4
Action.c(140):     96-72.592 9.435-83.195 44.589l-19.884 65.933c-24.617-33.343-64.109-54.407-107.769-54.407-7
Action.c(140):     3.988 0-133.971 59.903-133.971 133.813 0 8.258 0.767 16.422 2.266 24.422l-44.567-27.131v37
Action.c(140):     5.221c0 48.954 39.988 88.592 89.239 88.592h275.588c49.251 0 89.239-39.637 89.239-88.592v-3
Action.c(140):     75.361l-51.202 31.175zM642.179 424.883l3.173-1.937 3.084 5.052-0.571 0.347-5.686-3.462zM54
Action.c(140):     6.275 343.613l-0.176 0.584c-0.934 2.873-0.993 6.317-0.004 9.589 2.612 9.113 3.99 18.544 3.
Action.c(140):     99 28.033 0 12.112-2.124 23.919-6.204 35.047l-39.666-24.33-48.402 29.691-48.408-29.691-48.
Action.c(140):     409 29.691-3.676-2.254c-4.836-12.061-7.358-24.861-7.358-37.977 0-56.749 46.070-102.758 102
Action.c(140):     .915-102.758 42.558 0 79.964 26.062 95.398 64.374zM578.927 342.889l29.336-97.265c5.652-18.
Action.c(140):     737 25.632-29.426 44.622-23.785l10.741 3.188c18.944 5.622 29.663 25.34 24.021 44.037l-45.4
Action.c(140):     31 150.588-35.901-21.884c-5.368-3.216-11.915-3.216-17.169-0.127l-5.662 3.452c0.904-6.279 1
Action.c(140):     .364-12.656 1.364-19.096 0-12.539-1.815-24.935-5.309-37.047-0.199-0.689-0.403-1.376-0.612-
Action.c(140):     2.060zM330.988 449.968l24.207 14.736 48.781-29.696 48.775 29.696 48.782-29.696 48.775 29.6
Action.c(140):     96 48.782-29.696 48.776 29.697 49.75-30.291v320.094c0 31.741-26.023 57.536-58.183 57.536h-
Action.c(140):     275.588c-32.16 0-58.183-25.795-58.183-57.536v-319.957l25.326 15.418zM514.343 669.475c5.151
Action.c(140):      0.151 9.279-2.472 11.309-6.972l19.351-58.5-0.011 38.297 0.004 37.094c0.004 17.897 0.004 1
Action.c(140):     7.897 0.784 18.612l0.792 0.718 0.908-0.126h7.506c18.525-0.007 20.977-0.008 21.592-0.159 0.
Action.c(140):     873-0.003 1.379-0.007 1.388-0.012 0.005-0.002 0.008-0.566 0.012-1.617 0.139-0.93 0.14-2.55
Action.c(140):     7 0.144-5.622l0.012-13.396c0.004-11.092 0-25.955-0.012-41.007-0.012-28.608-0.042-60.831-0.
Action.c(140):     077-63.987-0.070-6.857-3.291-14.251-8.004-18.404-4.064-3.583-10.917-7.85-20.486-7.85-1.109
Action.c(140):      0-2.241 0.059-3.372 0.177-10.55 1.107-13.107 7.041-15.155 11.81-0.228 0.53-0.456 1.060-0.
Action.c(140):     749 1.699-4.682 11.912-14.216 35.245-18.423 45.509l-21.231-49.716-0.151-0.29c-2.793-4.623-
Action.c(140):     10.38-9.6-20.532-9.6-8.769 0.031-26.037 6.496-26.207 21.324v131.129l33.295 0.024v-2.327c0.
Action.c(140):     015-13.537 0.066-68.136 0.046-94.157 6.080 17.426 16.565 47.318 20.629 58.912l0.282 0.553c
Action.c(140):     1.978 2.857 5.061 6.688 9.186 7.182 2.476 0.755 4.906 0.971 7.171 0.702z"\n
Action.c(140):           ],\n
Action.c(140):           "grid": 32,\n
Action.c(140):           "tags": [\n
Action.c(140):             "pick-up-mrtn-inverse"\n
Action.c(140):           ]\n
Action.c(140):         },\n
Action.c(140):         {\n
Action.c(140):           "paths": [\n
Action.c(140):             "M512 0c282.857 0 512 229.143 512 512s-229.143 512-512 512c-282.571 0-512-229.143-
Action.c(140):     512-512 0-139.428 56-266 146.286-358.286 92.857-94.857 222.571-153.714 365.714-153.714zM63
Action.c(140):     2.741 574.329h-321.229c-8.727 0-15.802 7.163-15.802 16s7.075 16 15.802 16h321.229v16.034c0
Action.c(140):      8.727 7.075 15.802 15.802 15.802s15.802-7.075 15.802-15.802v-184.85h49.607c34.597 48.599 
Action.c(140):     51.922 82.198 51.922 97.569 0 14.357-2.964 14.202 53.436 30.212v111.874h-22.645v31.605h38.
Action.c(140):     448c8.727 0 15.802-7.075 15.802-15.802v-139.623c0-7.068-4.694-13.277-11.495-15.204-17.565-
Action.c(140):     4.977-30.687-8.951-39.273-11.886-1.337-0.457-2.55-0.884-3.636-1.28-4.542-25.309-25.078-61.
Action.c(140):     996-61.649-112.533-2.972-4.107-7.733-6.538-12.802-6.538h-57.715v-74.022c0-8.727-7.075-15.8
Action.c(140):     02-15.802-15.802h-337.032c-8.727 0-15.802 7.075-15.802 15.802v86.74c0 8.727 7.075 15.802 1
Action.c(140):     5.802 15.802s15.802-7.075 15.802-15.802v-70.937h305.427v226.641zM427.921 485.51c-1.751 0-3
Action.c(140):     .181 1.412-3.181 3.16l0.273 1.283c11.391 23.419 35.427 39.571 63.255 39.571s51.863-16.152 
Action.c(140):     63.255-39.571l0.273-1.283c0-1.748-1.43-3.16-3.181-3.16h-120.693zM443.313 408.458c-0.932-0.
Action.c(140):     946-2.442-0.946-3.374 0l-0.546 0.818c-6.427 18.51-2.233 39.86 12.564 54.649 14.797 14.773 
Action.c(140):     36.198 18.959 54.723 12.543h0.016l0.819-0.529c0.932-0.946 0.932-2.438 0-3.384l-64.203-64.0
Action.c(140):     96zM506.396 391.635l-0.723 0.16c-13.159 6.368-22.236 19.842-22.236 35.449 0 15.591 9.062 2
Action.c(140):     9.065 22.236 35.465l0.723 0.144c0.996 0 1.783-0.802 1.783-1.78v-67.657c0-0.978-0.787-1.78-
Action.c(140):     1.783-1.78zM551.897 431.673v-1.909l-0.466-0.305c-10.492-3.625-22.606-1.267-30.993 7.106-8.
Action.c(140):     371 8.357-10.749 20.451-7.101 30.925l0.305 0.481h1.912l36.343-36.299zM693.899 526.024c-8.7
Action.c(140):     27 0-15.802 7.075-15.802 15.802s7.075 15.802 15.802 15.802h44.531c11.218 0 18.864-11.364 1
Action.c(140):     4.638-21.756l-30.584-75.204c-3.288-8.084-12.507-11.973-20.591-8.685s-11.973 12.507-8.685 2
Action.c(140):     0.591l21.736 53.448h-21.045zM716.392 751.899c33.567 0 60.789-27.177 60.789-60.715s-27.222-
Action.c(140):     60.715-60.789-60.715c-33.567 0-60.789 27.177-60.789 60.715s27.222 60.715 60.789 60.715zM71
Action.c(140):     6.392 720.294c-16.124 0-29.184-13.039-29.184-29.11s13.060-29.11 29.184-29.11c16.124 0 29.1
Action.c(140):     84 13.039 29.184 29.11s-13.060 29.11-29.184 29.11zM423.978 751.899c33.567 0 60.789-27.177 
Action.c(140):     60.789-60.715s-27.222-60.715-60.789-60.715c-33.567 0-60.789 27.177-60.789 60.715s27.222 60
Action.c(140):     .715 60.789 60.715zM423.978 720.294c-16.124 0-29.184-13.039-29.184-29.11s13.060-29.11 29.1
Action.c(140):     84-29.11c16.124 0 29.184 13.039 29.184 29.11s-13.060 29.11-29.184 29.11zM515.55 703.61h100
Action.c(140):     .507c8.727 0 15.802-7.163 15.802-16s-7.075-16-15.802-16h-100.507c-8.727 0-15.802 7.163-15.
Action.c(140):     802 16s7.075 16 15.802 16zM200.651 408.655h71.632c8.727 0 15.802-7.163 15.802-16s-7.075-16
Action.c(140):     -15.802-16h-71.632c-8.727 0-15.802 7.163-15.802 16s7.075 16 15.802 16zM232.784 479.051h137
Action.c(140):     .462c8.727 0 15.802-7.163 15.802-16s-7.075-16-15.802-16h-137.462c-8.727 0-15.802 7.163-15.
Action.c(140):     802 16s7.075 16 15.802 16zM196.634 548.848h75.649c8.727 0 15.802-7.163 15.802-16s-7.075-16
Action.c(140):     -15.802-16h-75.649c-8.727 0-15.802 7.163-15.802 16s7.075 16 15.802 16z"\n
Action.c(140):           ],\n
Action.c(140):           "grid": 32,\n
Action.c(140):           "tags": [\n
Action.c(140):             "delivery-gntl-inverse"\n
Action.c(140):           ]\n
Action.c(140):         },\n
Action.c(140):         {\n
Action.c(140):           "paths": [\n
Action.c(140):             "M512-0c282.857 0 512 229.143 512 512s-229.143 512-512 512c-282.571 0-512-229.143-
Action.c(140):     512-512 0-139.429 56-266 146.286-358.286 92.857-94.857 222.571-153.714 365.714-153.714zM26
Action.c(140):     7.624 757.052h-29.863c-9.426 0-17.067 7.641-17.067 17.067s7.641 17.06
Action.c(140): t=20330ms: 12288-byte DECODED response body for "https://stage.peapod.com/shop/images/icons/PeapodIcons.json" (RelFrameId=1, Internal ID=13)
Action.c(140):     7 17.067 17.067h563.982c9.426 0 17.067-7.641 17.067-17.067s-7.641-17.067-17.067-17.067h-29
Action.c(140):     .867v-235.959h-34.133v235.959h-287.95v-235.959h-34.133v235.959h-113.903v-235.963h-34.133v2
Action.c(140):     35.963zM573.19 685.665l103.448-102.463c6.697-6.633 6.748-17.439 0.115-24.136s-17.439-6.748
Action.c(140):     -24.136-0.115l-103.448 102.463c-6.697 6.633-6.748 17.439-0.115 24.136s17.439 6.748 24.136 
Action.c(140):     0.115zM663.525 702.072l42.923-42.283c6.715-6.615 6.796-17.42 0.181-24.135s-17.42-6.796-24.
Action.c(140):     135-0.181l-42.923 42.283c-6.715 6.615-6.796 17.42-0.181 24.135s17.42 6.796 24.135 0.181zM3
Action.c(140):     63.853 602.919v34.154c0 9.426 7.641 17.067 17.067 17.067s17.067-7.641 17.067-17.067v-34.15
Action.c(140):     4c0-9.426-7.641-17.067-17.067-17.067s-17.067 7.641-17.067 17.067zM695.912 430.569c0-9.426-
Action.c(140):     7.641-17.067-17.067-17.067s-17.067 7.641-17.067 17.067c0 19.499-16.537 35.656-36.693 35.65
Action.c(140):     6-20.017 0-36.163-15.997-36.163-35.656 0-9.426-7.641-17.067-17.067-17.067s-17.067 7.641-17
Action.c(140):     .067 17.067c0 19.651-16.159 35.656-36.163 35.656-19.756 0-35.752-15.615-36.135-34.946 0.00
Action.c(140):     2-0.237 0.004-0.473 0.004-0.71 0-8.654-6.441-15.803-14.79-16.915-0.748-0.1-1.512-0.152-2.2
Action.c(140):     87-0.152-9.426 0-17.067 7.641-17.067 17.067 0 0.237 0.001 0.474 0.004 0.71-0.384 19.325-16
Action.c(140):     .394 34.946-36.156 34.946-19.837 0-35.591-15.838-35.591-35.656 0-8.654-6.441-15.803-14.79-
Action.c(140):     16.915-0.748-0.1-1.512-0.152-2.287-0.152-9.426 0-17.067 7.641-17.067 17.067 0 19.826-15.74
Action.c(140):      35.656-35.591 35.656-19.998 0-36.142-15.999-36.142-35.656v-41.12l58.926-100.633h43.989l-1
Action.c(140):     0.29 43.149c-2.187 9.169 3.473 18.374 12.642 20.56s18.374-3.473 20.56-12.642l12.179-51.067
Action.c(140):     h50.052l-2.918 46.028c-0.596 9.407 6.546 17.516 15.953 18.112s17.516-6.546 18.112-15.953l3
Action.c(140):     .055-48.188h51.974l3.078 48.556c0.596 9.407 8.705 16.549 18.112 15.953s16.549-8.705 15.953
Action.c(140):     -18.112l-2.941-46.397h64.114l12.267 51.439c2.187 9.169 11.392 14.829 20.56 12.642s14.829-1
Action.c(140):     1.392 12.642-20.56l-10.379-43.521h32.688l45.166 78.698h-444.021c-9.426 0-17.067 7.641-17.0
Action.c(140):     67 17.067s7.641 17.067 17.067 17.067h456.564v28.922c0 19.651-16.159 35.656-36.163 35.656-2
Action.c(140):     0.156 0-36.693-16.157-36.693-35.656zM678.846 475.893c13.036 14.972 32.36 24.466 53.76 24.4
Action.c(140):     66 38.782 0 70.296-31.214 70.296-69.79v-45.749c0-2.981-0.781-5.91-2.265-8.495l-64.894-113.
Action.c(140):     071c-3.043-5.302-8.689-8.571-14.802-8.571h-401.069c-6.060 0-11.665 3.213-14.728 8.443l-66.
Action.c(140):     209 113.071c-1.532 2.616-2.339 5.592-2.339 8.624v45.749c0 38.577 31.495 69.79 70.275 69.79
Action.c(140):      21.114 0 39.921-9.252 52.666-23.924 12.747 14.672 31.554 23.924 52.659 23.924 21.253 0 40
Action.c(140):     .323-9.374 53.22-24.196 12.892 14.822 31.956 24.196 53.208 24.196 21.256 0 40.329-9.377 53
Action.c(140):     .226-24.203 12.895 14.827 31.968 24.203 53.233 24.203 21.4 0 40.724-9.494 53.76-24.466z"\n
Action.c(140):           ],\n
Action.c(140):           "grid": 32,\n
Action.c(140):           "tags": [\n
Action.c(140):             "in-store-gntl-inverse"\n
Action.c(140):           ]\n
Action.c(140):         },\n
Action.c(140):         {\n
Action.c(140):           "paths": [\n
Action.c(140):             "M512-0c282.572 0 512 229.143 512 512s-229.428 512-512 512c-282.857 0-512-229.143-
Action.c(140):     512-512 0-139.428 55.714-266 146-358.286 93.143-94.857 222.571-153.714 366-153.714zM582.78
Action.c(140):     9 281.188c-18.614 10.429-31.196 30.344-31.196 53.198v30.078h34.133v-30.078c0-14.803 12-26.
Action.c(140):     803 26.803-26.803s26.803 12 26.803 26.803v30.078h34.133v-30.078c0-32.177-24.94-58.53-56.54
Action.c(140):     4-60.781v-60.523h-198.413v56.134h34.133v-22.001h130.146v33.972zM329.646 723.022v-291.554l1
Action.c(140):     6.336 16.2 33.403-33.125 33.403 33.125 33.403-33.125 33.403 33.125 33.403-33.125 33.403 33
Action.c(140):     .125 33.403-33.125 32.062 31.795 32.062-31.795 32.062 31.795 14.995-14.87v291.554h-361.339
Action.c(140):     zM690.985 757.155v39.162h-361.339v-39.162h361.339zM444.070 609.215c11.454 23.385 35.709 39
Action.c(140):     .421 62.66 39.087 27.961 0 51.88-15.701 63.334-39.087 0.337-0.334 0.337-1.002 0.337-1.336 
Action.c(140):     0-1.67-1.348-3.007-3.032-3.007h-120.603c-1.684 0-3.032 1.336-3.032 3.007 0 0.668 0 1.002 0
Action.c(140):     .337 1.336zM458.556 529.372c-6.401 18.374-2.358 39.421 12.801 54.454 14.823 14.699 36.046 
Action.c(140):     18.708 54.575 12.361 0-0.334 0.337-0.334 0.674-0.668 1.011-1.002 1.011-2.339 0-3.341l-64.0
Action.c(140):     07-63.474c-1.011-1.002-2.358-1.002-3.369 0-0.337 0-0.674 0.334-0.674 0.668zM524.922 512c-1
Action.c(140):     3.138 6.347-22.234 19.71-22.234 35.412 0 15.367 9.096 28.73 22.234 35.078 0.337 0 0.337 0 
Action.c(140):     0.674 0 1.011 0 1.684-0.668 1.684-1.67v-67.149c0-1.002-0.674-1.67-1.684-1.67-0.337 0-0.337
Action.c(140):      0-0.674 0zM570.401 549.416c-10.443-3.675-22.571-1.336-31.33 7.35-8.422 8.352-10.78 20.378
Action.c(140):     -7.075 30.735 0 0 0.337 0.334 0.337 0.334 0.674 0.668 1.348 0.668 2.021 0l36.383-36.080c0.
Action.c(140):     674-0.668 0.674-1.336 0-2.004 0-0.334-0.337-0.334-0.337-0.334zM725.118 349.548l-49.129 48.
Action.c(140):     719-32.062-31.795-32.062 31.795-32.062-31.795-33.403 33.125-33.403-33.125-33.403 33.125-33
Action.c(140):     .403-33.125-33.403 33.125-33.403-33.125-33.403 33.125-50.47-50.049v480.903h429.606v-480.90
Action.c(140):     3zM502.241 321.728v42.736h34.133v-76.87h-196.764v76.87h34.133v-42.736h128.498z"\n
Action.c(140):           ],\n
Action.c(140):           "grid": 32,\n
Action.c(140):           "tags": [\n
Action.c(140):             "pick-up-gntl-inverse"\n
Action.c(140):           ]\n
Action.c(140):         },\n
Action.c(140):         {\n
Action.c(140):           "paths": [\n
Action.c(140):             "M0 512c0-282.77 229.23-512 512-512s512 229.23 512 512c0 282.77-229.23 512-512 512
Action.c(140):     s-512-229.23-512-512zM173.949 472.85c-9.084 0-16.41 7.324-16.41 16.406s7.619 16.406 16.703
Action.c(140):      16.406c9.084-0.293 16.117-7.617 16.117-16.699s-7.619-16.406-16.41-16.113zM157.885 541.768
Action.c(140):     c0 9.082 7.324 16.406 16.406 16.406 9.082-0.293 16.406-7.617 16.406-16.699-0.293-9.082-7.6
Action.c(140):     17-16.406-16.699-16.113-9.082 0-16.406 7.324-16.113 16.406zM862.205 521.449c-0.288-0.575-0
Action.c(140):     .288-0.575-0.288-0.575-51.238-91.65-51.238-91.65-51.238-91.65-5.181-11.492-16.408-18.675-2
Action.c(140):     9.073-18.675-104.203 0-104.203 0-104.203 0 0-52.289 0-52.289 0-52.289 0-31.029-25.331-56.3
Action.c(140):     12-56.419-56.312-407.026 0-407.026 0-407.026 0-31.088 0-56.419 25.283-56.419 56.312 0 88.4
Action.c(140):     9 0 88.49 0 88.49 0 8.906 7.196 16.089 16.12 16.089s16.12-7.183 16.12-16.089c0-88.49 0-88.
Action.c(140):     49 0-88.49 0-13.216 10.938-24.134 24.18-24.134 407.026 0 407.026 0 407.026 0 13.241 0 24.1
Action.c(140):     8 10.918 24.18 24.134 0 83.893 0 83.893 0 83.893 0 211.743 0 211.743 0 211.743 0 13.216-10
Action.c(140):     .939 24.134-24.18 24.134-266.841 0-266.841 0-266.841 0-8.636-32.465-38.572-56.312-73.691-5
Action.c(140):     6.312-34.83 0-64.479 23.272-73.691 55.162-9.787-3.16-16.983-12.354-16.983-22.984 0-66.367 
Action.c(140):     0-66.367 0-66.367 0-8.906-7.196-16.089-16.12-16.089s-16.12 7.183-16.12 16.089c0 66.367 0 6
Action.c(140):     6.367 0 66.367 0 27.869 20.438 51.14 47.208 55.45 5.469 36.775 37.421 65.218 75.706 65.218
Action.c(140):      37.997 0 69.661-27.868 75.706-64.356 264.826 0 264.826 0 264.826 0 11.514 0 22.453-3.735 
Action.c(140):     31.664-9.768 5.181 6.321 13.241 10.63 21.877 11.205 6.621 35.626 37.709 62.92 75.418 62.92
Action.c(140):      37.421 0 68.797-27.294 75.418-62.92 35.406 0 35.406 0 35.406 0 17.559 0 31.952-14.078 31.
Action.c(140):     952-31.604 0-126.701 0-126.701 0-126.701 0-17.238-13.529-31.029-30.513-31.891zM280.452 742
Action.c(140):     .386c-24.468 0-44.33-19.824-44.33-44.245s19.862-44.245 44.33-44.245c24.468 0 44.329 19.824
Action.c(140):      44.329 44.245s-19.862 44.245-44.329 44.245zM677.403 488.984c65.919 0 65.919 0 65.919 0 1.
Action.c(140):     151 0 2.303 0.575 2.879 1.724 13.529 32.178 13.529 32.178 13.529 32.178 0.576 1.149 0.288 
Action.c(140):     2.298 0 2.873-0.576 0.575-1.439 1.437-2.879 1.437-79.448 0-79.448 0-79.448 0v-38.211zM749.
Action.c(140):     942 742.386c-24.468 0-44.329-19.824-44.329-44.245s19.862-44.245 44.329-44.245c24.468 0 44.
Action.c(140):     33 19.824 44.33 44.245s-19.862 44.245-44.33 44.245zM860.478 679.466c-36.27 0-36.27 0-36.27
Action.c(140):      0-8.348-33.040-38.573-57.748-74.266-57.748-33.679 0-62.464 21.835-72.539 52.002 0-19.824 
Action.c(140):     0-19.824 0-19.824 0-94.523 0-94.523 0-94.523 79.448 0 79.448 0 79.448 0 12.090 0 23.028-6.
Action.c(140):     033 29.649-15.802 6.621-10.056 7.772-22.41 2.879-33.615-13.529-31.891-13.529-31.891-13.529
Action.c(140):     -31.891-5.757-12.929-18.423-21.261-32.527-21.261-65.919 0-65.919 0-65.919 0 0-14.078 0-14.
Action.c(140):     078 0-14.078 103.915 0 103.915 0 103.915 0 0.288 0.575 0.288 0.575 0.288 0.575 51.238 91.6
Action.c(140):     5 51.238 91.65 51.238 91.65 5.181 10.918 15.544 18.1 27.634 18.675v125.839zM575.791 456.80
Action.c(140):     6c0-36.775-29.937-66.367-66.494-66.367-36.845 0-66.494 29.592-66.494 66.367 0 36.488 29.64
Action.c(140):     9 66.367 66.494 66.367 36.557 0 66.494-29.88 66.494-66.367zM475.042 456.806c0-18.962 15.25
Action.c(140):     6-34.189 34.255-34.189 18.71 0 34.255 15.227 34.255 34.189 0 18.675-15.544 34.189-34.255 3
Action.c(140):     4.189-18.998 0-34.255-15.514-34.255-34.189z"\n
Action.c(140):           ],\n
Action.c(140):           "grid": 32,\n
Action.c(140):           "tags": [\n
Action.c(140):             "delivery-stsh-inverse"\n
Action.c(140):           ]\n
Action.c(140):         },\n
Action.c(140):         {\n
Action.c(140):           "paths": [\n
Action.c(140):             "M0 512c0-282.77 229.23-512 512-512s512 229.23 512 512c0 282.77-229.23 512-512 512
Action.c(140):     s-512-229.23-512-512zM226.462 614.4c-7.267 0-13.128 6.095-13.128 13.363 0 7.033 6.095 12.8
Action.c(140):     94 13.363 12.894s12.894-6.095 12.894-13.363c0-7.033-5.861-12.894-13.128-12.894zM213.34 667
Action.c(140):     .161c0 7.040 5.809 12.907 13.012 12.907s13.012-6.101 13.012-13.376c-0.232-7.040-6.041-12.9
Action.c(140):     07-13.244-12.907s-13.012 6.101-12.78 13.376zM881.504 420.821c-116.266-113.479-116.266-113.
Action.c(140):     479-116.266-113.479 0-73.305 0-73.305 0-73.305 0-8.087-6.532-14.609-14.631-14.609-468.982 
Action.c(140):     0-468.982 0-468.982 0-8.099 0-14.631 6.522-14.631 14.609 0 76.174 0 76.174 0 76.174-109.99
Action.c(140):     5 109.827-109.995 109.827-109.995 109.827-6.271 1.565-10.712 7.304-10.712 14.087 0 54.783 
Action.c(140):     0 54.783 0 54.783 0 7.826 6.532 14.609 14.631 14.609 53.038 0 53.038 0 53.038 0 0 76.957 0
Action.c(140):      76.957 0 76.957 0 8.087 6.532 14.609 14.631 14.609s14.631-6.522 14.631-14.609c0-76.957 0-
Action.c(140):     76.957 0-76.957 551.283 0 551.283 0 551.283 0 0 272.089 0 272.089 0 272.089-363.951 0-363.
Action.c(140):     951 0-363.951 0 0-237.393 0-237.393 0-237.393 0-8.087-6.532-14.609-14.631-14.609-131.681 0
Action.c(140):     -131.681 0-131.681 0-8.099 0-14.631 6.522-14.631 14.609 0 237.393 0 237.393 0 237.393-26.3
Action.c(140):     88 0-26.388 0-26.388 0 0-65.479 0-65.479 0-65.479 0-8.087-6.532-14.609-14.631-14.609s-14.6
Action.c(140):     31 6.522-14.631 14.609c0 80.088 0 80.088 0 80.088 0 7.826 6.532 14.609 14.631 14.609 580.5
Action.c(140):     45 0 580.545 0 580.545 0 8.099 0 14.631-6.783 14.631-14.609 0-286.698 0-286.698 0-286.698 
Action.c(140):     46.768 0 46.768 0 46.768 0 7.838 0 14.631-6.783 14.631-14.609 0-52.696 0-52.696 0-52.696 1
Action.c(140):     .829-5.217 0.523-11.478-3.658-15.391zM298.868 552.822c102.418 0 102.418 0 102.418 0 0 219.
Action.c(140):     915 0 219.915 0 219.915-102.418 0-102.418 0-102.418 0v-219.915zM735.975 248.646c0 52.957 0
Action.c(140):      52.957 0 52.957-439.72 0-439.72 0-439.72 0 0-52.957 0-52.957 0-52.957h439.72zM287.634 330
Action.c(140):     .821c459.577 0 459.577 0 459.577 0s0.261 0 0.261 0c88.049 85.827 88.049 85.827 88.049 85.8
Action.c(140):     27-633.845 0-633.845 0-633.845 0l85.958-85.827zM855.899 474.3c-680.351 0-680.351 0-680.351
Action.c(140):      0 0-25.565 0-25.565 0-25.565 680.351 0 680.351 0 680.351 0v25.565zM756.094 722.65c8.099 0
Action.c(140):      14.631-6.783 14.631-14.609 0-161.74 0-161.74 0-161.74 0-8.087-6.532-14.609-14.631-14.609-
Action.c(140):     281.651 0-281.651 0-281.651 0-8.099 0-14.631 6.522-14.631 14.609 0 161.74 0 161.74 0 161.7
Action.c(140):     4 0 7.826 6.532 14.609 14.631 14.609h281.651zM489.074 560.909c252.388 0 252.388 0 252.388 
Action.c(140):     0 0 132.523 0 132.523 0 132.523-252.388 0-252.388 0-252.388 0v-132.523z"\n
Action.c(140):           ],\n
Action.c(140):           "grid": 32,\n
Action.c(140):           "tags": [\n
Action.c(140):             "in-store-stsh-inverse"\n
Action.c(140):           ]\n
Action.c(140):         },\n
Action.c(140):         {\n
Action.c(140):           "paths": [\n
Action.c(140):             "M0 512c0-282.77 229.23-512 512-512s512 229.23 512 512c0 282.77-229.23 512-512 512
Action.c(140):     s-512-229.23-512-512zM598.11 454.179c-35.551-145.347-35.551-145.347-35.551-145.347-8.451-3
Action.c(140):     4.838-40.214-59.395-76.93-59.395-208.645 0-208.645 0-208.645 0-36.717 0-68.48 24.558-76.93
Action.c(140):      59.395-35.842 146.775-35.842 146.775-35.842 146.775-19.815 14.278-32.929 37.122-32.929 62
Action.c(140):     .822 0 96.518 0 96.518 0 96.518 0 32.268 20.398 60.252 49.247 71.674-0.874 4.569-1.457 9.4
Action.c(140):     23-1.457 14.278 0 33.41 27.683 60.538 61.777 60.538s61.777-27.128 61.777-60.538c0-2.856-0.
Action.c(140):     291-5.711-0.583-8.281 160.563 0 160.563 0 160.563 0-0.291 2.57-0.583 5.425-0.583 8.281 0 3
Action.c(140):     3.41 27.683 60.538 61.777 60.538s61.777-27.128 61.777-60.538c0-4.854-0.583-9.423-1.748-14.
Action.c(140):     278 29.14-11.422 49.538-39.407 49.538-71.674 0-96.518 0-96.518 0-96.518 0-26.842-13.987-50
Action.c(140):     .543-35.26-64.25zM531.087 316.256c30.306 125.073 30.306 125.073 30.306 125.073-2.331-0.286
Action.c(140):     -4.954-0.571-7.285-0.571-157.358 0-157.358 0-157.358 0 0-159.34 0-159.34 0-159.34 88.878 0
Action.c(140):      88.878 0 88.878 0 21.564 0 40.214 14.278 45.459 34.838zM231.816 316.256c4.954-20.56 23.60
Action.c(140):     4-34.838 45.167-34.838 87.13 0 87.13 0 87.13 0 0 159.34 0 159.34 0 159.34-153.569 0-153.56
Action.c(140):     9 0-153.569 0-3.206 0-6.411 0.286-9.325 0.571l30.597-125.073zM269.99 700.898c0 15.706-13.1
Action.c(140):     13 28.556-29.14 28.556-16.318 0-29.14-12.85-29.14-28.556 0-2.856 0.291-5.711 1.166-8.281 5
Action.c(140):     5.949 0 55.949 0 55.949 0 0.583 2.57 1.166 5.425 1.166 8.281zM523.802 729.454c-16.027 0-29
Action.c(140):     .14-12.85-29.14-28.556 0-2.856 0.291-5.711 1.166-8.281 55.949 0 55.949 0 55.949 0 0.874 2.
Action.c(140):     57 1.166 5.425 1.166 8.281 0 15.706-13.113 28.556-29.14 28.556zM600.732 614.946c0 25.129-2
Action.c(140):     0.981 45.689-46.625 45.689-274.793 0-274.793 0-274.793 0-68.771 0-68.771 0-68.771 0-25.644
Action.c(140):      0-46.625-20.56-46.625-45.689 0-96.518 0-96.518 0-96.518 0-25.129 20.981-45.689 46.625-45.
Action.c(140):     689 343.564 0 343.564 0 343.56
Action.c(140): t=20370ms: 12288-byte DECODED response body for "https://stage.peapod.com/shop/images/icons/PeapodIcons.json" (RelFrameId=1, Internal ID=13)
Action.c(140):     4 0 25.644 0 46.625 20.56 46.625 45.689v96.518zM573.34 573.541c0-8.852-7.285-15.991-16.319
Action.c(140):     -15.991s-16.318 7.139-16.318 15.991c0 9.138-7.577 16.562-16.901 16.562s-16.901-7.424-16.90
Action.c(140):     1-16.562c0-8.852-7.285-15.991-16.319-15.991s-16.318 7.139-16.318 15.991c0 26.842 22.147 48
Action.c(140):     .544 49.538 48.544s49.538-21.702 49.538-48.544zM447.163 546.413c0-8.852-7.285-15.991-16.31
Action.c(140):     8-15.991 0 0 0 0-97.037 0-9.034 0-16.318 7.139-16.318 15.991s7.285 15.991 16.318 15.991c0 
Action.c(140):     0 0 0 97.037 0 9.033 0 16.318-7.139 16.318-15.991zM447.163 602.382c0-8.852-7.285-15.991-16
Action.c(140):     .318-15.991 0 0 0 0-97.037 0-9.034 0-16.318 7.139-16.318 15.991s7.285 15.991 16.318 15.991
Action.c(140):     c0 0 0 0 97.037 0 9.033 0 16.318-7.139 16.318-15.991zM290.388 573.541c0-8.852-7.285-15.991
Action.c(140):     -16.318-15.991s-16.319 7.139-16.319 15.991c0 9.138-7.576 16.562-16.901 16.562s-16.901-7.42
Action.c(140):     4-16.901-16.562c0-8.852-7.285-15.991-16.318-15.991s-16.319 7.139-16.319 15.991c0 26.842 22
Action.c(140):     .147 48.544 49.538 48.544 27.101 0 49.538-21.702 49.538-48.544zM878.439 491.586c0.583-3.42
Action.c(140):     7 0.874-6.853 0.874-10.28 0-34.838-28.849-63.108-64.4-63.108-13.696 0-26.226 3.998-36.717 
Action.c(140):     11.137-1.457-8.567-1.457-8.567-1.457-8.567-2.331-14.563-10.199-27.699-22.438-36.551s-27.10
Action.c(140):     1-12.279-42.254-9.994c-30.889 4.569-52.453 32.839-47.499 63.393 8.451 55.112 8.451 55.112 
Action.c(140):     8.451 55.112-5.537 2.57-9.325 7.996-9.325 14.278 0 169.905 0 169.905 0 169.905 0 46.545 38
Action.c(140):     .757 84.524 86.547 84.524 55.949 0 55.949 0 55.949 0 41.088 0 76.639-28.555 84.798-68.248 
Action.c(140):     1.748-8.567-4.080-17.133-13.113-18.847-8.742-1.713-17.193 3.998-18.941 12.85-4.954 24.558-
Action.c(140):     27.1 42.262-52.744 42.262-55.949 0-55.949 0-55.949 0-29.723 0-53.91-23.701-53.91-52.542 0-
Action.c(140):     153.914 0-153.914 0-153.914 77.513 0 77.513 0 77.513 0 81.301 0 81.301 0 81.301 0 0.291 0 
Action.c(140):     0.291 0 0.291 0 2.914 0 2.914 0 2.914 0 0.291 23.415 0.291 23.415 0.291 23.415 0 8.852 7.2
Action.c(140):     85 15.991 16.318 15.991 9.034-0.286 16.319-7.425 16.319-16.277-0.291-39.121-0.291-39.121-0
Action.c(140):     .291-39.121 0-7.424-5.245-13.707-12.53-15.42zM814.913 450.181c17.484 0 31.763 13.992 31.76
Action.c(140):     3 31.126 0 3.427-0.583 6.568-1.457 9.709-57.406 0-57.406 0-57.406 0-3.205-19.703-3.205-19.
Action.c(140):     703-3.205-19.703 4.371-12.564 16.319-21.131 30.306-21.131zM717.002 405.634c6.411-0.857 12.
Action.c(140):     822 0.571 18.067 4.283 5.245 3.998 8.451 9.423 9.616 15.705 7.285 47.402 7.285 47.402 7.28
Action.c(140):     5 47.402 2.914 17.99 2.914 17.99 2.914 17.99-49.247 0-49.247 0-49.247 0-9.034-58.253-9.034
Action.c(140):     -58.253-9.034-58.253-2.040-12.85 7.285-25.129 20.398-27.128zM853.333 590.769c0 7.25 5.878 
Action.c(140):     13.128 13.128 13.128s13.128-5.878 13.128-13.128c0-7.25-5.878-13.128-13.128-13.128s-13.128 
Action.c(140):     5.878-13.128 13.128zM853.333 643.282c0 7.25 5.878 13.128 13.128 13.128s13.128-5.878 13.128
Action.c(140):     -13.128c0-7.25-5.878-13.128-13.128-13.128s-13.128 5.878-13.128 13.128z"\n
Action.c(140):           ],\n
Action.c(140):           "grid": 32,\n
Action.c(140):           "tags": [\n
Action.c(140):             "pick-up-stsh-inverse"\n
Action.c(140):           ]\n
Action.c(140):         },\n
Action.c(140):         {\n
Action.c(140):           "paths": [\n
Action.c(140):             "M480.539 899.822h88.928c41.465 0 75.104-33.639 75.104-75.104v-112.432h-239.136v11
Action.c(140):     2.432c0 41.469 33.627 75.104 75.104 75.104zM580.571 776.286v48.432c0 6.119-4.985 11.104-11
Action.c(140):     .104 11.104h-88.928c-6.128 0-11.104-4.978-11.104-11.104v-48.432h111.136z",\n
Action.c(140):             "M580.571 776.283h63.648l0.352-25.896v-38.104h-177.58c-6.102-44.586-23.753-86.445-
Action.c(140):     51.133-121.991l-2.141-2.502c-26.239-27.646-40.89-64.499-40.89-104.579 0-84.055 68.121-152.
Action.c(140):     176 152.176-152.176 84.045 0 152.176 68.127 152.176 152.176 0 40.080-14.652 76.933-40.89 1
Action.c(140):     04.579l-2.136 2.495c-33.768 43.816-52.733 97.244-53.499 153.563l31.997 0.435v-32h-32.080v6
Action.c(140):     4zM644.648 744.718c0.569-41.832 14.451-81.431 39.277-114.161 36.781-39.409 57.254-91.51 57
Action.c(140):     .254-147.346 0-119.396-96.786-216.176-216.176-216.176-119.401 0-216.176 96.775-216.176 216
Action.c(140):     .176 0 55.834 20.472 107.934 57.251 147.342 24.824 32.748 38.712 72.35 39.28 114.164l0.429
Action.c(140):      31.565h238.784v-25.896l0.077-5.669z",\n
Action.c(140):             "M493 128v67.894h64v-67.894z",\n
Action.c(140):             "M192 495.337h48v-64h-48z",\n
Action.c(140):             "M810.008 495.337h48v-64h-48z",\n
Action.c(140):             "M246.755 246.667l42.704 51.84 49.398-40.692-42.704-51.84z",\n
Action.c(140):             "M753.84 205.975l-42.704 51.84 49.398 40.692 42.704-51.84z"\n
Action.c(140):           ],\n
Action.c(140):           "grid": 32,\n
Action.c(140):           "tags": [\n
Action.c(140):             "Order-Genius_GM"\n
Action.c(140):           ]\n
Action.c(140):         },\n
Action.c(140):         {\n
Action.c(140):           "paths": [\n
Action.c(140):             "M490.365 428.746l-320.149 320.147c-13.59 13.59-13.59 35.536-0.16 49.158l73.81 73.
Action.c(140):     796c13.614 13.614 35.7 13.614 49.316-0.002l320.164-320.149c48.31 8.564 98.404-6.421 134.07
Action.c(140):     0-42.070l147.913-147.932-45.258-45.252-147.906 147.925c-23.201 23.19-56.93 31.265-87.872 2
Action.c(140):     1.877-12.076-3.762-25.519-0.486-34.671 8.666l-311.102 311.087-32.453-32.446 311.098-311.09
Action.c(140):     8c9.156-9.357 12.378-22.576 8.64-34.771-9.363-30.845-1.285-64.584 21.904-87.773l147.907-14
Action.c(140):     7.907-45.255-45.255-147.907 147.907c-35.698 35.698-50.679 85.889-42.091 134.093zM601.242 5
Action.c(140):     48.591c-1.932-0.195-3.86-0.585-5.755-1.175 2.121 0.644 4.25 1.24 6.385 1.789l-0.63-0.614z"
Action.c(140):     ,\n
Action.c(140):             "M640.173 447.146l172.33-172.308-45.252-45.258-172.33 172.308z",\n
Action.c(140):             "M483.504 526.114l45.255-45.255-298.776-298.776-22.627 22.63c-18.94 18.942-32.236 
Action.c(140):     39.416-39.84 61.206-24.423 69.993 9.843 139.298 78.045 204.945 17.672 17.010 36.494 32.558
Action.c(140):      55.317 46.396 11.365 8.355 20.332 14.364 25.736 17.722 2.447 1.702 9.002 6.26 17.76 12.50
Action.c(140):     2 14.638 10.434 29.942 21.69 45.126 33.321l25.403 19.46 38.919-50.806-25.403-19.46c-15.812
Action.c(140):     -12.112-31.696-23.795-46.898-34.631-9.146-6.519-16.067-11.332-19.999-14.011-5.194-3.261-12
Action.c(140):     .798-8.357-22.738-15.664-16.685-12.266-33.373-26.051-48.842-40.941-52.017-50.069-75.807-98
Action.c(140):     .184-62.001-137.749 1.327-3.803 3.004-7.603 5.050-11.402l250.512 250.512z",\n
Action.c(140):             "M715.501 804.814l-222.896-222.896-45.255 45.255 268.151 268.151 113.862-113.862-2
Action.c(140):     68.134-268.152-45.271 45.239 222.897 222.911z"\n
Action.c(140):           ],\n
Action.c(140):           "grid": 32,\n
Action.c(140):           "tags": [\n
Action.c(140):             "Recipes_GM"\n
Action.c(140):           ]\n
Action.c(140):         },\n
Action.c(140):         {\n
Action.c(140):           "paths": [\n
Action.c(140):             "M699.151 822.031h-30.154v-592.882c0-24.633-19.961-45.018-45.018-45.018h-304.51c-2
Action.c(140):     4.633 0-45.018 19.961-45.018 45.018v529.601h-29.729v-529.601c0-41.196 33.551-74.747 74.747
Action.c(140):     -74.747h304.51c41.196 0 74.747 33.551 74.747 74.747v592.882h0.425z",\n
Action.c(140):             "M601.046 412.195h-258.218c-8.069 0-14.865-6.795-14.865-14.865v-148.645c0-3.822 1.
Action.c(140):     699-7.645 4.247-10.618 2.973-2.973 6.795-4.247 10.618-4.247h258.218c8.069 0 14.865 6.795 1
Action.c(140):     4.865 14.865v148.645c0 8.069-6.795 14.865-14.865 14.865zM357.692 382.042h228.489v-118.491h
Action.c(140):     -228.489v118.491z",\n
Action.c(140):             "M457.072 297.951h30.154v50.115h-30.154z",\n
Action.c(140):             "M394.641 297.951h30.154v50.115h-30.154v-50.115z",\n
Action.c(140):             "M519.078 297.951h30.154v50.115h-30.154z",\n
Action.c(140):             "M811.272 737.941h-14.44c-28.030 0-50.964-22.934-50.964-50.964v-259.067c0-11.467-9
Action.c(140):     .343-20.81-20.81-20.81h-41.196v-30.154h41.196c28.030 0 50.964 22.934 50.964 50.964v259.492
Action.c(140):     c0 11.467 9.343 20.81 21.235 20.81h14.44c11.467 0 20.81-9.343 20.81-20.81v-431.496c0-21.23
Action.c(140):     5-13.166-47.566-28.88-56.91l-86.214-56.91 16.563-25.057 85.365 56.485c27.606 16.563 42.47 
Action.c(140):     54.786 42.47 82.392v431.071c0.425 28.455-22.509 50.964-50.539 50.964z",\n
Action.c(140):             "M843.125 379.493c-2.973 0-5.946-0.849-8.919-2.973l-58.184-42.045c-3.822-2.973-6.3
Action.c(140):     71-7.22-6.371-12.316v-81.542c0-8.069 6.795-14.865 14.865-14.865s14.865 6.795 14.865 14.865
Action.c(140):     v74.323l52.238 37.374c6.795 4.672 8.069 14.015 3.398 20.81-2.973 4.247-7.645 6.371-11.892 
Action.c(140):     6.371z",\n
Action.c(140):             "M739.073 910.369h-30.154v-67.103h-473.966v67.103h-30.154v-81.967c0-8.069 6.795-14
Action.c(140):     .865 14.865-14.865h504.119c8.069 0 14.865 6.795 14.865 14.865v81.967h0.425z",\n
Action.c(140):             "M388.271 590.57c-0.425-0.425-0.425-0.849-0.425-1.699 0-2.124 1.699-3.822 3.822-3.
Action.c(140):     822v0h152.043c2.124 0 3.822 1.699 3.822 3.822 0 0.425 0 1.274-0.425 1.699v0c-14.44 29.729-
Action.c(140):     44.594 49.69-79.844 49.69-34.401 0.425-64.554-19.961-78.994-49.69z",\n
Action.c(140):             "M406.533 489.066c0-0.425 0.425-0.849 0.849-0.849 1.274-1.274 2.973-1.274 4.247 0v
Action.c(140):     0l80.693 80.693c1.274 1.274 1.274 2.973 0 4.247-0.425 0.425-0.849 0.425-0.849 0.849v0c-23.
Action.c(140):     359 8.069-50.115 2.973-68.801-15.714-19.112-19.112-24.208-45.868-16.139-69.226z",\n
Action.c(140):             "M489.774 466.982c0.425 0 0.425 0 0.849 0 1.274 0 2.124 0.849 2.124 2.124v0 85.365
Action.c(140):     c0 1.274-0.849 2.124-2.124 2.124-0.425 0-0.425 0-0.849 0v0c-16.563-8.069-28.030-25.057-28.
Action.c(140):     030-44.594 0-19.961 11.467-36.949 28.030-45.018z",\n
Action.c(140):             "M547.533 514.548c0 0 0.425 0 0.425 0.425 0.849 0.849 0.849 1.699 0 2.548v0l-45.86
Action.c(140):     8 45.443c-0.849 0.849-1.699 0.849-2.548 0 0 0-0.425-0.425-0.425-0.425v0c-4.672-13.166-1.69
Action.c(140):     9-28.455 8.919-39.072 11.042-10.618 26.331-13.59 39.497-8.919z"\n
Action.c(140):           ],\n
Action.c(140):           "attrs": [\n
Action.c(140):             {\n
Action.c(140):               "fill": "rgb(113, 33, 119)"\n
Action.c(140):             },\n
Action.c(140):             {\n
Action.c(140):               "fill": "rgb(113, 33, 119)"\n
Action.c(140):             },\n
Action.c(140):             {\n
Action.c(140):               "fill": "rgb(113, 33, 119)"\n
Action.c(140):             },\n
Action.c(140):             {\n
Action.c(140):               "fill": "rgb(113, 33, 119)"\n
Action.c(140):             },\n
Action.c(140):             {\n
Action.c(140):               "fill": "rgb(113, 33, 119)"\n
Action.c(140):             },\n
Action.c(140):             {\n
Action.c(140):               "fill": "rgb(113, 33, 119)"\n
Action.c(140):             },\n
Action.c(140):             {\n
Action.c(140):               "fill": "rgb(113, 33, 119)"\n
Action.c(140):             },\n
Action.c(140):             {\n
Action.c(140):               "fill": "rgb(113, 33, 119)"\n
Action.c(140):             },\n
Action.c(140):             {\n
Action.c(140):               "fill": "rgb(113, 33, 119)"\n
Action.c(140):             },\n
Action.c(140):             {\n
Action.c(140):               "fill": "rgb(113, 33, 119)"\n
Action.c(140):             },\n
Action.c(140):             {\n
Action.c(140):               "fill": "rgb(113, 33, 119)"\n
Action.c(140):             },\n
Action.c(140):             {\n
Action.c(140):               "fill": "rgb(113, 33, 119)"\n
Action.c(140):             }\n
Action.c(140):           ],\n
Action.c(140):           "grid": 32,\n
Action.c(140):           "tags": [\n
Action.c(140):             "gf-gas-savings-icon-orig"\n
Action.c(140):           ]\n
Action.c(140):         },\n
Action.c(140):         {\n
Action.c(140):           "paths": [\n
Action.c(140):             "M422.738 217.524c-36.208 0-72.426 0.34-108.623-0.144-19.232-0.258-28.976 6.933-28
Action.c(140):     .832 27.431 0.484 65.833 0.515 131.666-0.023 197.489-0.163 20.262 9.479 28.379 28.402 28.3
Action.c(140):     79 72.415 0 144.831-0.010 217.236 0.010 18.645 0 28.667-7.025 28.42-27.915-0.783-65.823-0.
Action.c(140):     731-131.666-0.031-197.489 0.227-20.365-8.292-28.194-27.936-27.905-36.197 0.525-72.405 0.14
Action.c(140):     4-108.613 0.144zM177.493 805.547l43.686-30.72c0.646-243.989 0.419-421.825-0.68-533.508-0.4
Action.c(140):     22-42.388 11.125-73.476 50.938-91.132 102.185 0 204.37 0 306.555 0 38.216 17.748 52.58 47.
Action.c(140):     086 49.692 89.36-0.231 2.001-1.267 59.323 0.082 88.928 0.309 6.799 6.438 17.048 12.33 19.3
Action.c(140):     04 53.802 20.571 74.167 48.301 74.383 105.626 0.237 65.102 0.299 130.214-0.072 195.305-0.1
Action.c(140):     13 20.149 7.303 35.415 25.32 44.428 31.243 15.626 65.256-7.242 65.74-45.231 0.793-61.795-0
Action.c(140):     .484-123.621 0.67-185.406 0.34-18.243-3.688-32.448-19.046-42.162-40.637-25.721-53.534-62.2
Action.c(140):     59-47.786-109.138 1.463-11.939-7.139-27.885-15.915-37.722-17.45-19.582-38.371-36.043-57.58
Action.c(140):     2-54.080-16.492-15.472-19.232-34.889-7.262-47.693 12.753-13.638 29.553-12.608 47.796 4.079
Action.c(140):      44.984 41.121 84.037 81.77 128.218 123.736 6.356 6.036 11.947 17.92 11.947 29.867 0 143.3
Action.c(140):     6 0 250.88 0 322.56 0 59.733-49.454 103.944-106.511 91.624-44.634-9.631-72.961-44.016-73.5
Action.c(140):     59-92.348-0.834-68.388 0.031-136.796-0.422-205.184-0.196-30.295-12.691-44.964-37.599-46.35
Action.c(140):     4 0 125.867 0 248.018 0 373.566 45.303 9.452 51.566 33.083 39.81 93.735 0 0-163.577 0-490.
Action.c(140):     732 0v-61.44z"\n
Action.c(140):           ],\n
Action.c(140):           "attrs": [\n
Action.c(140):             {\n
Action.c(140):               "fill": "rgb(227, 39, 38)"\n
Action.c(140):             }\n
Action.c(140):           ],\n
Action.c(140):           "grid": 32,\n
Action.c(140):           "tags": [\n
Action.c(140):             "gm-gas-savings-icon (1)"\n
Action.c(140):           ]\n
Action.c(140):         },\n
Action.c(140):         {\n
Action.c(140):           "paths": [\n
Action.c(140):             "M512 0c-282.77 0-512 229.23-512 512 0 282.78 229.22 512 512 512s512-229.22 512-51
Action.c(140):     2c0-282.78-229.24-512-512-512zM851.42 851.42c-174.413 173.95-452.399 187.041-642.387 30.25
Action.c(140):     1s-229.876-432.211-92.176-636.459c137.7-204.248 407.978-270.561 624.575-153.239s308.713 37
Action.c(140):     9.928 212.868 606.847c-24.103 57.041-59.042 108.864-102.88 152.6z",\n
Action.c(140):             "M385.2 555.191c0-8.837-7.163-16-16-16s-16 7.163-16 16c0 8.837 7.163 16 16 16s16-7
Action.c(140):     .163 16-16z",\n
Action.c(140):             "M369.18 618.671c8.837 0 16-7.163 16-16s-7.163-16-16-16c-8.837 0-16 7.163-16 16s7.
Action.c(140):     163 16 16 16z",\n
Action.c(140):             "M560.38 455.171c19.932-0.033 36.078-16.188 36.1-36.12v-91.68c-0.077-19.889-16.211
Action.c(140):     -35.978-36.1-36h-121.12c-19.85 0.077-35.923 16.15-36 36v91.78c0.022 19.893 16.107 36.032 3
Action.c(140):     6 36.12l121.12-0.1zM435.16 419.051v-91.68c0.083-2.174 1.826-3.918 4-4h121.12c2.213 0.030 4
Action.c(140):     .015 1.788 4.1 4v91.78c-0.021 2.259-1.841 4.088-4.1 4.12h-121.020c-1.103-0.016-2.155-0.469
Action.c(140):     -2.924-1.261s-1.192-1.856-1.176-2.959v0z",\n
Action.c(140):             "M728.42 330.611c-7.661-4.281-17.34-1.592-21.695 6.027s-1.761 17.324 5.815 21.753c
Action.c(140):     11.18 6.38 20.52 21.020 26.92 34.1h-0.84c-10.284 0.055-18.598 8.396-18.62 18.68v7.2c0.033 
Action.c(140):     10.3 8.38 18.638 18.68 18.66h8.54v166.2c-0.33 10.073-8.591 18.069-18.67 18.069s-18.34-7.99
Action.c(140):     5-18.67-18.069v-76c-0.044-32.379-26.281-58.616-58.66-58.66h-6v-182.76c-0.044-33.472-27.168
Action.c(140):     -60.596-60.64-60.64h-170.78c-33.477 0.033-60.607 27.163-60.64 60.64v225.36c0 8.837 7.163 1
Action.c(140):     6 16 16s16-7.163 16-16v-225.36c0.011-15.813 12.827-28.629 28.64-28.64h170.72c15.808 0.022 
Action.c(140):     28.618 12.832 28.64 28.64v479.36h-228v-118c0-8.837-7.163-16-16-16s-16 7.163-16 16v120.2c0 
Action.c(140):     0.4
Action.c(140): t=20425ms: 4217-byte DECODED response body for "https://stage.peapod.com/shop/images/icons/PeapodIcons.json" (RelFrameId=1, Internal ID=13)
Action.c(140):      0 0.78 0 1.18h-24.68c-8.837 0-16 7.163-16 16s7.163 16 16 16h341.34c8.837 0 16-7.163 16-16
Action.c(140):     s-7.163-16-16-16h-24.72c0-0.4 0-0.78 0-1.18v-266.86h6c14.715 0.022 26.638 11.945 26.66 26.
Action.c(140):     66v76c0.548 27.592 23.073 49.673 50.67 49.673s50.122-22.081 50.67-49.673v-194.68c0-1.579-0
Action.c(140):     .238-3.15-0.7-4.66-1.64-5.54-17.4-54.62-49.98-73.22z"\n
Action.c(140):           ],\n
Action.c(140):           "attrs": [\n
Action.c(140):             {\n
Action.c(140):               "fill": "rgb(217, 217, 214)"\n
Action.c(140):             },\n
Action.c(140):             {\n
Action.c(140):               "fill": "rgb(0, 25, 25)"\n
Action.c(140):             },\n
Action.c(140):             {\n
Action.c(140):               "fill": "rgb(0, 25, 25)"\n
Action.c(140):             },\n
Action.c(140):             {\n
Action.c(140):               "fill": "rgb(224, 0, 77)"\n
Action.c(140):             },\n
Action.c(140):             {\n
Action.c(140):               "fill": "rgb(224, 0, 77)"\n
Action.c(140):             }\n
Action.c(140):           ],\n
Action.c(140):           "isMulticolor": true,\n
Action.c(140):           "grid": 32,\n
Action.c(140):           "tags": [\n
Action.c(140):             "sns-gas-savings-icon"\n
Action.c(140):           ]\n
Action.c(140):         },\n
Action.c(140):         {\n
Action.c(140):           "paths": [\n
Action.c(140):             "M230.943 224.715c19.408 43.613 37.673 87.733 56.445 131.627 2.449 5.723 5.36 11.2
Action.c(140):     46 13.005 16.161 0-24.060 0.145-48.12-0.073-72.171-0.091-9.74 1.297-16.36 13.73-16.977 70.
Action.c(140):     829-3.492 141.621-7.654 213.239-11.636 5.478 16.986 7.536 29.429-10.339 41.346-29.148 19.4
Action.c(140):     35-48.184 46.615-42.162 84.342 6.076 38.126 33.066 57.452 66.267 70.847 15.97 6.448 33.093
Action.c(140):      11.808 46.651 21.784 7.437 5.478 12.969 20.414 11.173 29.456-1.533 7.718-15.009 18.809-22
Action.c(140):     .772 18.483-26.046-1.125-51.902-6.684-80.759-10.983-3.709 11.264-9.876 27.416-13.921 44.08
Action.c(140):     4-0.97 3.999 3.963 12.397 8.126 14.157 17.149 7.237 35.043 12.697 55.738 19.87 0.526 4.698
Action.c(140):      1.442 12.905 2.494 22.31-56.999 10.928-112.065 22.455-167.522 31.642-21.974 3.637-33.582-
Action.c(140):     12.325-41.735-30.998-41.137-94.145-82.573-188.154-123.9-282.218-10.184-23.18-21.893-45.853
Action.c(140):     -30.055-69.722-6.33-18.519-17.122-22.663-34.371-19.507-22.618 4.135-44.574 4.054-62.431-13
Action.c(140):     .839 0-8.706 0-17.412 0-26.119 9.931-15.97 23.879-23.044 43.014-21.902 8.761 0.526 17.748-
Action.c(140):     2.693 26.636-4.217 17.412 0 34.825 0 52.237 0 7.192 11.354 15.889 22.029 21.285 34.181zM60
Action.c(140):     9.302 616.686c-6.502-15.036-2.331-22.754 11.137-30.345 31.306-17.657 48.637-44.828 46.995-
Action.c(140):     82.047-1.56-35.451-20.224-59.81-50.968-75.046-17.458-8.652-36.158-14.746-54.042-22.582-13.
Action.c(140):     005-5.704-25.547-12.733-21.793-30.381 3.519-16.524 17.648-19.199 30.499-18.129 19.87 1.651
Action.c(140):      39.486 6.484 62.576 10.565 4.516-14.592 9.949-32.131 16.515-53.335-20.868-7.237-40.275-13
Action.c(140):     .966-61.85-21.448-0.653-5.414-1.651-13.758-3.047-25.439 35.605-2.34 69.287-4.761 102.996-6
Action.c(140):     .711 38.353-2.213 76.724-4.090 115.085-5.958 45.372-2.195 55.602 8.153 49.081 52.21-8.597 
Action.c(140):     58.032-18.328 115.893-27.506 173.834-3.736 23.607-5.142 47.875-11.826 70.593-3.573 12.143-
Action.c(140):     14.538 28.867-24.894 31.152-59.193 13.077-119.203 22.437-178.958 33.066zM390.581 835.927c-
Action.c(140):     39.863 0.136-70.888-29.593-71.54-68.562-0.653-38.507 30.562-70.112 69.736-70.62 39.428-0.5
Action.c(140):     08 70.715 29.674 71.314 68.797 0.589 38.725-30.544 70.248-69.509 70.385zM763.256 675.515c3
Action.c(140):     9.939-0.136 70.988 29.801 71.26 68.716 0.281 38.38-31.412 70.23-70.19 70.539-39.141 0.317-
Action.c(140):     70.371-30.281-70.87-69.423-0.499-39.024 30.16-69.704 69.8-69.832z"\n
Action.c(140):           ],\n
Action.c(140):           "attrs": [\n
Action.c(140):             {\n
Action.c(140):               "fill": "rgb(227, 39, 38)"\n
Action.c(140):             }\n
Action.c(140):           ],\n
Action.c(140):           "grid": 32,\n
Action.c(140):           "tags": [\n
Action.c(140):             "gm-grocery-dollars-icon"\n
Action.c(140):           ]\n
Action.c(140):         },\n
Action.c(140):         {\n
Action.c(140):           "paths": [\n
Action.c(140):             "M512 0c-282.77 0-512 229.23-512 512 0 282.76 229.24 512 512 512s512-229.24 512-51
Action.c(140):     2c0-282.76-229.22-512-512-512zM851.42 851.42c-174.413 173.95-452.399 187.041-642.387 30.25
Action.c(140):     1s-229.876-432.211-92.176-636.459c137.7-204.248 407.978-270.561 624.575-153.239s308.713 37
Action.c(140):     9.928 212.868 606.847c-24.103 57.041-59.042 108.864-102.88 152.6z",\n
Action.c(140):             "M820.68 435.22c12.84-57.42-29.3-97.44-31.2-99.2l-0.86-0.74c-13.24-10.66-16.38-21.
Action.c(140):     66-21.66-43.54-6.734-28.201-24.329-52.604-48.96-67.9-21.034-13.294-46.028-18.878-70.72-15.
Action.c(140):     8 0.416-4.018 1.554-7.927 3.36-11.54 3.95-7.901 10.89-13.898 19.28-16.66 8.113-2.962 12.41
Action.c(140):     -11.828 9.71-20.032s-11.424-12.784-19.71-10.348c-28.74 9.5-47.183 37.505-44.56 67.66-47.16
Action.c(140):     6 21.777-72.397 73.823-60.28 124.34v0.2c4.746 18.474 3.377 37.989-3.9 55.62-1.020 2.52-2.2
Action.c(140):      5.040-3.5 7.52-0.2 0.36-0.36 0.74-0.54 1.12-3.6 8.411-6.49 17.108-8.64 26-0.243 0.997-0.3
Action.c(140):     9 2.015-0.44 3.040h-9.76v-70.74c0-8.837-7.163-16-16-16s-16 7.163-16 16v70.76h-12l-14.3-116
Action.c(140):     .24-3.54-28c-0.181-1.375-0.545-2.72-1.080-4l-18.64-61.5c-1.086-3.624-3.434-6.739-6.62-8.78
Action.c(140):     l-4.12-33.66c-0.528-4.236-2.726-8.085-6.107-10.69
Action.c(140): t=20440ms: 12288-byte ENCODED response body received for "https://stage.peapod.com/shop/images/icons/PeapodIcons.json" (RelFrameId=1, Internal ID=13)
Action.c(140): t=20440ms: 12288-byte DECODED response body for "https://stage.peapod.com/shop/images/icons/PeapodIcons.json" (RelFrameId=1, Internal ID=13)
Action.c(140):     2s-7.662-3.754-11.893-3.188l-186.6 23.52c-4.212 0.529-8.042 2.71-10.645 6.064s-3.767 7.604
Action.c(140):     -3.235 11.816l4.12 32.8c-3.082 2.86-4.914 6.819-5.1 11.020l-2.82 64.24c-0.172 1.328-0.172 
Action.c(140):     2.672 0 4l13.12 112.62h-18c-25.465 0.174-46.731 19.46-49.385 44.787s14.15 48.603 39.025 54
Action.c(140):     .053l65.040 242.16c8.971 33.166 39.042 56.215 73.4 56.26h350.72c34.355-0.040 64.423-23.093
Action.c(140):      73.38-56.26l65.16-242.2c24.016-5.214 40.683-27.109 39.314-51.646s-20.367-44.443-44.814-46
Action.c(140):     .954v0.020zM644.1 434.98c1.841-33.469 29.335-59.768 62.853-60.122s61.56 25.359 64.107 58.7
Action.c(140):     82c0 0.44 0 0.9 0 1.34h-126.96zM595.3 275.88c10.612-17.425 27.751-29.883 47.6-34.6 19.888-
Action.c(140):     4.753 40.853-1.254 58.12 9.7 17.521 10.865 30.042 28.21 34.84 48.26 5.52 22.88 10.3 42.66 
Action.c(140):     32.14 60.5 4.952 5.117 9.233 10.843 12.74 17.040-3.297-3.865-6.887-7.469-10.74-10.78-14.67
Action.c(140):     8-12.7-32.897-20.594-52.2-22.62-5.327-29.627-29.987-51.921-60-54.24-8.837-0.663-16.537 5.9
Action.c(140):     63-17.2 14.8s5.963 16.537 14.8 17.2c14.102 1.101 26.049 10.818 30 24.4-41.744 9.998-71.739
Action.c(140):      46.547-73.4 89.44h-41.24c1.509-5.447 3.366-10.791 5.56-16 1.64-3.16 3.12-6.38 4.44-9.62s2
Action.c(140):     .36-6 3.34-9.14c0.14-0.4 0.24-0.8 0.36-1.2 0.36-1.133 0.7-2.273 1.020-3.42 0.2-0.7 0.36-1.
Action.c(140):     4 0.54-2.1s0.46-1.7 0.66-2.56c0.2-0.86 0.38-1.78 0.56-2.66s0.3-1.36 0.44-2c0.14-0.64 0.34-
Action.c(140):     2 0.5-2.9 0.1-0.6 0.22-1.2 0.32-1.8 0.16-1.060 0.28-2.12 0.4-3.18 0-0.52 0.16-1.040 0.22-1
Action.c(140):     .56 0.12-1.1 0.2-2.2 0.3-3.28l0.12-1.48c0-1.12 0.12-2.24 0.18-3.36v-1.42c0-1.16 0-2.32 0-3
Action.c(140):     .48 0-0.44 0-0.86 0-1.3 0-1.16-0.040-2.32-0.12-3.48 0-0.44 0-0.88 0-1.32 0-1.16-0.14-2.32-
Action.c(140):     0.24-3.48 0-0.44 0-0.88 0-1.3-0.12-1.2-0.26-2.38-0.4-3.58 0-0.4 0-0.8-0.14-1.2-0.14-1.2-0.
Action.c(140):     34-2.4-0.54-3.58 0-0.4-0.1-0.8-0.18-1.2-0.2-1.2-0.44-2.4-0.68-3.58 0-0.4-0.14-0.8-0.22-1.2
Action.c(140):     -0.26-1.18-0.54-2.38-0.84-3.56 0-0.38-0.16-0.78-0.26-1.16-4.781-19.787-1.469-40.664 9.2-58
Action.c(140):     v0zM246.46 302.26l1.46-33.22 172.080-21.7 9.64 31.82-183.18 23.1zM406.2 202.68l1.74 14-154
Action.c(140):     .92 19.52-1.76-14 154.94-19.52zM247.34 334.88l189.46-23.86 1.48 11.66 13.72 112.3h-193l-11
Action.c(140):     .66-100.1zM730.12 767.7c-5.164 19.216-22.582 32.575-42.48 32.58h-350.72c-19.905 0.004-37.3
Action.c(140):     34-13.357-42.5-32.58l-62.62-232.8h560.96l-62.64 232.8zM815.82 502.9h-607.1c-9.941 0-18-8.0
Action.c(140):     59-18-18s8.059-18 18-18h607.1c9.941 0 18 8.059 18 18s-8.059 18-18 18v0z",\n
Action.c(140):             "M512.28 236.22c8.837 0 16-7.163 16-16v-62.58c0-8.837-7.163-16-16-16s-16 7.163-16 
Action.c(140):     16v62.58c0 8.837 7.163 16 16 16v0z",\n
Action.c(140):             "M512.28 761.060c8.837 0 16-7.163 16-16v-153.56c0-8.837-7.163-16-16-16s-16 7.163-1
Action.c(140):     6 16v153.56c0 8.837 7.163 16 16 16z",\n
Action.c(140):             "M398 761.060c8.837 0 16-7.163 16-16v-153.56c0-8.837-7.163-16-16-16s-16 7.163-16 1
Action.c(140):     6v153.56c0 8.837 7.163 16 16 16z",\n
Action.c(140):             "M626.54 761.060c8.837 0 16-7.163 16-16v-153.56c0-8.837-7.163-16-16-16s-16 7.163-1
Action.c(140):     6 16v153.56c0 8.837 7.163 16 16 16z",\n
Action.c(140):             "M528.28 268.22c0 8.837-7.163 16-16 16s-16-7.163-16-16c0-8.837 7.163-16 16-16s16 7
Action.c(140):     .163 16 16z",\n
Action.c(140):             "M528.28 316.22c0 8.837-7.163 16-16 16s-16-7.163-16-16c0-8.837 7.163-16 16-16s16 7
Action.c(140):     .163 16 16z"\n
Action.c(140):           ],\n
Action.c(140):           "attrs": [\n
Action.c(140):             {\n
Action.c(140):               "fill": "rgb(217, 217, 214)"\n
Action.c(140):             },\n
Action.c(140):             {\n
Action.c(140):               "fill": "rgb(224, 0, 77)"\n
Action.c(140):             },\n
Action.c(140):             {\n
Action.c(140):               "fill": "rgb(224, 0, 77)"\n
Action.c(140):             },\n
Action.c(140):             {\n
Action.c(140):               "fill": "rgb(224, 0, 77)"\n
Action.c(140):             },\n
Action.c(140):             {\n
Action.c(140):               "fill": "rgb(224, 0, 77)"\n
Action.c(140):             },\n
Action.c(140):             {\n
Action.c(140):               "fill": "rgb(224, 0, 77)"\n
Action.c(140):             },\n
Action.c(140):             {\n
Action.c(140):               "fill": "rgb(0, 25, 25)"\n
Action.c(140):             },\n
Action.c(140):             {\n
Action.c(140):               "fill": "rgb(0, 25, 25)"\n
Action.c(140):             }\n
Action.c(140):           ],\n
Action.c(140):           "isMulticolor": true,\n
Action.c(140):           "grid": 32,\n
Action.c(140):           "tags": [\n
Action.c(140):             "sns-grocery-dollars-icon"\n
Action.c(140):           ]\n
Action.c(140):         },\n
Action.c(140):         {\n
Action.c(140):           "paths": [\n
Action.c(140):             "M3510.183 540.754h31.945v73.473c7.031-13.529 20.94-22.612 36.971-22.612 1.606 0 3
Action.c(140):     .19 0.091 4.749 0.269l-0.191-0.019c25.556 0 54.307 9.586 54.307 86.252s-15.973 95.835-57.5
Action.c(140):     01 95.835c-1.335 0.179-2.88 0.282-4.447 0.282-16.097 0-29.667-10.825-33.827-25.591l-0.060-
Action.c(140):     0.247v19.167h-31.945v-226.809zM3574.072 745.202c22.361 0 28.754-25.556 28.754-63.885s-6.38
Action.c(140):     9-63.885-28.754-63.885-31.945 25.556-31.945 63.885 6.389 60.695 31.945 60.695z",\n
Action.c(140):             "M3682.685 595.053l31.945 130.974 25.556-130.974h38.334l-47.922 178.892c-15.973 47
Action.c(140):     .922-25.556 54.307-60.695 54.307h-12.778v-28.754h9.586c12.778 0 19.167-3.194 22.361-12.778
Action.c(140):     l6.389-15.973-47.922-175.698z",\n
Action.c(140):             "M302.907 83.937h-268.333c-15.973 0-25.556 6.389-25.556 15.973s22.361 12.778 57.50
Action.c(140):     1 19.167 31.945 15.973 31.945 51.112v495.147c0 54.307 0 70.279-41.528 76.668s-51.112-3.194
Action.c(140):     -51.112 19.167 9.586 15.973 28.754 15.973 60.695-6.389 124.586-6.389 111.807 6.389 130.974
Action.c(140):      6.389 28.754-6.389 28.754-15.973-25.556-12.778-54.307-19.167-41.528-22.361-41.528-76.668v
Action.c(140):     -166.114c0-12.778 3.194-22.361 12.778-22.361 26.614 12.075 57.714 19.11 90.451 19.11 13.18
Action.c(140):     6 0 26.106-1.141 38.666-3.33l-1.336 0.193c101.239-14.552 178.274-100.411 178.892-204.383v-
Action.c(140):     0.065c0-134.169-79.862-204.448-239.587-204.448zM296.519 451.305c-41.528 0-73.473-9.586-73.
Action.c(140):     473-41.528v-239.587c0-44.723 9.586-54.307 63.885-54.307s127.78 70.279 127.78 166.114-51.11
Action.c(140):     2 169.308-118.196 169.308z",\n
Action.c(140):             "M689.442 496.027h293.894c31.945 0 44.723-6.389 44.723-25.556-3.495-110.176-93.65-
Action.c(140):     198.162-204.351-198.162-2.281 0-4.553 0.037-6.815 0.114l0.33-0.009c-159.725 0-265.143 105.
Action.c(140):     419-265.143 265.143s99.029 261.949 249.17 261.949c3.265 0.147 7.093 0.232 10.942 0.232 68.
Action.c(140):     789 0 131.309-26.844 177.657-70.626l-0.124 0.115c17.421-10.578 30.126-27.45 35.029-47.391l
Action.c(140):     0.114-0.526c0-12.778-3.194-12.778-9.586-12.778-42.756 37.284-98.221 60.973-159.134 63.868l
Action.c(140):     -0.595 0.022c-115.002 0-182.087-99.029-182.087-210.836v-9.586c0-15.973 3.194-19.167 15.973
Action.c(140):     -19.167zM683.053 448.115v-19.167c15.973-57.501 31.945-127.78 134.169-127.78s86.252 60.695 
Action.c(140):     86.252 102.221-31.945 57.501-118.196 57.501h-86.252c-9.586 0-15.973-6.389-15.973-9.586z",\n
Action.c(140):             "M1574.318 719.642c0.002-0.096 0.003-0.21 0.003-0.323 0-7.692-5.437-14.114-12.677-
Action.c(140):     15.629l-0.104-0.019h-3.194c-15.973 0-31.945 22.361-54.307 22.361s-31.945-25.556-31.945-70.
Action.c(140):     279v-255.56c0-92.64-22.361-127.78-134.169-127.78s-252.37 86.252-252.37 153.336c0 9.586 12.
Action.c(140):     778 19.167 28.754 19.167s70.279-25.556 92.64-67.085 47.922-70.279 95.835-70.279 54.307 25.
Action.c(140):     556 54.307 86.252v47.922c0 15.973 0 19.167-15.973 25.556l-35.14 15.973c-140.557 54.307-217
Action.c(140):     .226 102.221-217.226 194.866s28.754 118.196 95.835 118.196 89.446-25.556 137.363-57.501l31
Action.c(140):     .945-19.167h6.389c22.361 51.112 54.307 79.862 95.835 79.862s118.196-57.501 118.196-79.862z
Action.c(140):     M1360.286 630.196c-1.709 52.226-43.61 94.124-95.675 95.831l-0.16 0.004c-54.307 0-63.885-41
Action.c(140):     .528-63.885-86.252 2.631-55.045 38.861-100.982 88.524-117.923l0.922-0.274 47.922-19.167h12
Action.c(140):     .778c3.194 0 9.586 3.194 9.586 12.778v118.196z",\n
Action.c(140):             "M1928.907 272.413c-0.242-0.001-0.518-0.001-0.8-0.001-59.699 0-113.689 24.442-152.
Action.c(140):     509 63.864l-0.027 0.027-15.973 12.778c0 3.194-3.194 6.389-9.586 6.389s-3.194-3.194-3.194-6
Action.c(140):     .389v-57.501c0-12.778-6.389-22.361-15.973-22.361s-35.14 31.945-95.835 60.695-63.885 22.361
Action.c(140):     -63.885 38.334 22.361 12.778 38.334 19.167 22.361 19.167 22.361 47.922v498.342c0 31.945-3.
Action.c(140):     194 41.528-28.754 47.922s-51.112 0-51.112 25.556 6.389 15.973 22.361 15.973 57.501-6.389 1
Action.c(140):     15.002-6.389l124.586 6.389c19.167 0 28.754-6.389 28.754-15.973s-25.556-15.973-63.885-25.55
Action.c(140):     6-31.945-15.973-31.945-47.922v-153.336l9.586-6.389c32.594 16.174 70.978 25.642 111.572 25.
Action.c(140):     642 2.329 0 4.651-0.031 6.965-0.093l-0.341 0.007c4.821 0.312 10.454 0.492 16.128 0.492 143
Action.c(140):     .237 0 259.947-113.586 264.978-255.592l0.013-0.46v-19.167c0-150.141-99.029-252.37-223.615-
Action.c(140):     252.37zM1858.628 767.56c-70.279 0-111.807-35.14-111.807-102.221v-207.642c0-73.473 35.14-10
Action.c(140):     8.613 111.807-108.613s182.087 76.668 182.087 204.448-76.668 214.034-182.087 214.034z",\n
Action.c(140):             "M3372.819 700.475c-9.586 0-22.361 22.361-41.528 22.361s-19.167-15.973-19.167-44.7
Action.c(140):     23v-568.621c0-28.754 6.389-54.307 6.389-76.668 0.263-1.084 0.412-2.328 0.412-3.606 0-8.821
Action.c(140):     -7.154-15.973-15.973-15.973-1.279 0-2.524 0.15-3.716 0.43l0.109-0.022c-12.778 0-38.334 22.
Action.c(140):     361-99.029 38.334s-63.885 12.778-63.885 28.754 19.167 9.586 41.528 19.167 19.167 15.973 19
Action.c(140):     .167 44.723v130.974c0 9.586-3.194 15.973-9.586 15.973h-3.194l-15.973-6.389c-25.715-8.155-5
Action.c(140):     5.292-12.854-85.965-12.854-2.347 0-4.69 0.028-7.026 0.082l0.346-0.006c-2.906-0.114-6.318-0
Action.c(140):     .178-9.742-0.178-146.654 0-266.154 116.264-271.355 261.65l-0.019 0.475v9.586c-0.221 3.869-
Action.c(140):     0.345 8.402-0.345 12.953 0 130.835 103.494 237.5 233.081 242.591l0.462 0.019h19.167c56.196
Action.c(140):     -1.243 108.013-18.976 151.090-48.526l-0.942 0.613c9.586 0 12.778 47.922 31.945 47.922 31.6
Action.c(140):     94-14.363 71.94-29.55 113.176-42.499l8.215-2.222c19.167-6.389 31.945-6.389 31.945-31.945s-
Action.c(140):     6.389-19.167-9.586-19.167zM3200.316 639.78c0 76.668-6.389 108.613-86.252 108.613s-194.866-
Action.c(140):     79.862-194.866-207.642 76.668-236.393 172.503-236.393 108.613 54.307 108.613 166.114z",\n
Action.c(140):             "M2753.087 527.973c0 153.491-124.434 277.921-277.921 277.921s-277.921-124.434-277.
Action.c(140):     921-277.921c0-153.491 124.434-277.921 277.921-277.921v0c0.005 0 0.012 0 0.019 0 152.37 0 2
Action.c(140):     76.098 122.614 277.906 274.556l0.002 0.171z",\n
Action.c(140):             "M3452.682 128.66c-35.285 0-63.885-28.605-63.885-63.885s28.605-63.885 63.885-63.88
Action.c(140):     5c35.285 0 63.885 28.605 63.885 63.885v0c0 35.285-28.605 63.885-63.885 63.885v0zM3452.682 
Action.c(140):     10.464c-29.993 0-54.307 24.314-54.307 54.307v0c0 29.993 24.314 54.307 54.307 54.307v0c0.03
Action.c(140):     0 0 0.065 0 0.1 0 28.229 0 51.112-22.884 51.112-51.112 0-1.124-0.036-2.239-0.108-3.342l0.0
Action.c(140):     08 0.15c0-0.028 0-0.061 0-0.094 0-28.869-22.526-52.476-50.958-54.205l-0.151-0.007zM3468.65
Action.c(140):     4 99.91l-19.167-28.754h-12.778v28.754h-9.586v-70.279h28.754c0.961-0.171 2.067-0.269 3.196-
Action.c(140):     0.269 10.586 0 19.167 8.581 19.167 19.167 0 0.095-0.001 0.189-0.002 0.282v-0.019c0 12.778-
Action.c(140):     6.389 22.361-15.973 22.361l19.167 28.754zM3455.876 36.020h-19.167v28.754h19.167c7.058 0 12
Action.c(140):     .778-5.721 12.778-12.778v0c3.194-6.389-3.194-12.778-9.586-15.973z",\n
Action.c(140):             "M4133.109 512c0 72.338-58.637 130.974-130.974 130.974s-130.974-58.637-130.974-130
Action.c(140):     .974c0-72.338 58.637-130.974 130.974-130.974s130.974 58.637 130.974 130.974z",\n
Action.c(140):             "M4133.109 805.894c0 72.338-58.637 130.974-130.974 130.974s-130.974-58.637-130.974
Action.c(140):     -130.974c0-72.338 58.637-130.974 130.974-130.974s130.974 58.637 130.974 130.974z",\n
Action.c(140):             "M4190.61 754.782l44.723-51.112c23.42 19.072 53.358 30.962 86.037 31.94l0.213 0.00
Action.c(140):     5c22.361 0 31.945-6.389 31.945-19.167v0c0-12.778-6.389-15.973-44.723-25.556s-105.419-31.94
Action.c(140):     5-105.419-86.252v0c0-51.112 41.528-89.446 108.613-89.446 0.013 0 0.030 0 0.050 0 42.308 0 
Action.c(140):     81.245 14.429 112.161 38.635l-0.398-0.301-38.334 51.112c-21.174-15.762-47.783-25.314-76.61
Action.c(140):     1-25.556h-0.057c-19.167 0-25.556 6.389-25.556 15.973v0c0 12.778 6.389 19.167 47.922 28.754
Action.c(140):     s102.221 35.14 102.221 86.252v0c0 54.307-44.723 89.446-111.807 89.446-0.334 0.002-0.733 0.
Action.c(140):     003-1.131 0.003-49.182 0-94.43-16.84-130.294-45.069l0.451 0.342z",\n
Action.c(140):             "M4545.2 585.473h-89.446v-67.085h252.37v67.085h-89.446v210.836h-73.473z",\n
Action.c(140):             "M4727.286 658.947v0c0-79.392 64.36-143.753 143.753-143.753v0h3.194c0.993-0.025 2.
Action.c(140):     158-0.039 3.335-0.039 77.159 0 140.119 60.79 143.602 137.089l0.011 0.313c-1.79 79.77-66.87
Action.c(140):     9 143.753-146.912 143.753-0.012 0-0.025 0-0.037 0h0.002c-2.867 0.213-6.211 0.334-9.586 0.3
Action.c(140):     34-75.863 0-137.363-61.5-137.363-137.363 0-0.117 0-0.236 0-0.353v0.019zM4944.512 658.947v0
Action.c(140):     c0.002-0.178 0.002-0.39 0.002-0.601 0-38.965-29.068-71.141-66.702-76.026l-0.385-0.041c-0.0
Action.c(140):     82 0-0.18-0.001-0.278-0.001-38.329 0-69.804 29.35-73.175 66.797l-0.021 0.283v9.586c-0.050 
Action.c(140):     0.974-0.076 2.115-0.076 3.263 0 37.717 29.714 68.493 67.007 70.204l0.154 0.006h3.194c38.81
Action.c(140):     4 0 70.279-31.465 70.279-70.279v0z",\n
Action.c(140):             "M5059.514 518.389h121.389c70.279 0 115.002 38.334 115.002 95.835v0c0 63.885-51.11
Action.c(140):     2 102.221-118.196 102.221h-38.334v76.668h-76.668v-274.727zM5174.515 655.753c25.556 0 41.52
Action.c(140):     8-12.778 41.528-35.14v0c0-22.361-15.973-35.14-41.528-35.14h-38.334v70.279z",\n
Action.c(140):             "M5586.607 754.782l41.528-51.112c24.523 19.098 55.509 30.962 89.225 31.94l0.222 0.
Action.c(140):     005c19.167 0 31.945-6.389 31.945-19.167v0c0-12.778-9.586-15.973-47.922-25.556s-102.221-31.
Action.c(140):     945-102.221-86.252v0c0-51.112 38.334-89.446 105.419-89.446 0.667-0.009 1.454-0.019 2.241-0
Action.c(140):     .019 41.596 0 79.816 14.455 109.91 38.615l-0.343-0.267-38.334 54.307c-21.174-15.762-47.783
Action.c(140):     -25.314-76.611-25.556h-0.057c-15.973 0-25.556 6.389-25.556 15.973v0c0 12.778 9.586 19.167 
Action.c(140):     47.922 25.556s102.221 35.14 102.221 86.252v0c0 57.501-44.723 89.446-111.807 89.446-2.062 0
Action.c(140):     .082-4.482 0.129-6.913 0.129-46.296 0-88.622-16.979-121.106-45.051l0.236 0.2z",\n
Action.c(140):             "M5867.722 518.389h76.668v105.419h89.446v-105.419h76.668v277.921h-76.6
Action.c(140): t=20469ms: 12288-byte DECODED response body for "https://stage.peapod.com/shop/images/icons/PeapodIcons.json" (RelFrameId=1, Internal ID=13)
Action.c(140):     68v-105.419h-89.446v105.419h-76.668z",\n
Action.c(140):             "M6152.032 658.947v0c0-79.392 64.36-143.753 143.753-143.753v0h3.194c1.917-0.094 4.
Action.c(140):     163-0.146 6.422-0.146 76.557 0 138.818 61.204 140.522 137.352l0.003 0.159c0 79.392-64.36 1
Action.c(140):     43.753-143.753 143.753v0h-3.194c-1.917 0.094-4.163 0.146-6.422 0.146-76.557 0-138.818-61.2
Action.c(140):     04-140.522-137.352l-0.003-0.159zM6369.257 658.947v0c0.104-1.433 0.163-3.106 0.163-4.791 0-
Action.c(140):     38.904-31.538-70.442-70.442-70.442-37.218 0-67.694 28.863-70.266 65.427l-0.013 0.223v9.586
Action.c(140):     c-0.050 0.953-0.073 2.071-0.073 3.194 0 38.814 31.465 70.279 70.279 70.279 0.026 0 0.050 0
Action.c(140):      0.077 0h-0.004c38.814 0 70.279-31.465 70.279-70.279v0z",\n
Action.c(140):             "M6487.454 518.389h118.196c67.085 0 111.807 38.334 111.807 95.835v0c0 63.885-47.92
Action.c(140):     2 102.221-118.196 102.221h-38.334v76.668h-73.473zM6599.261 655.753c25.556 0 41.528-12.778 
Action.c(140):     41.528-35.14v0c0-22.361-15.973-35.14-41.528-35.14h-38.334v70.279z",\n
Action.c(140):             "M5500.354 796.31l-22.361-22.361c-6.222 8.838-14.976 15.524-25.197 19.059l-0.36 0.
Action.c(140):     108c-12.149 5.909-26.41 9.428-41.476 9.586h-31.998l-31.945-15.973-19.167-22.361c-3.438-9.4
Action.c(140):     18-5.728-20.309-6.375-31.639l-0.019-0.302c-0.082-1.097-0.124-2.378-0.124-3.668 0-6.709 1.2
Action.c(140):     17-13.134 3.438-19.067l-0.123 0.374c3.308-7.394 7.602-13.732 12.804-19.194l-0.026 0.027c3.
Action.c(140):     785-5.843 9.271-10.294 15.752-12.706l0.221-0.072c4.786-5.378 11.502-8.938 19.061-9.577l0.1
Action.c(140):     06-0.007c-6.179-7.386-11.521-15.796-15.686-24.86l-0.286-0.696c-4.146-6.946-6.6-15.32-6.6-2
Action.c(140):     4.268 0-1.579 0.076-3.14 0.226-4.679l-0.019 0.196c-0.134-1.344-0.21-2.905-0.21-4.483 0-8.9
Action.c(140):     46 2.451-17.321 6.72-24.487l-0.122 0.219c2.596-8.405 8.328-15.178 15.796-19.083l0.178-0.08
Action.c(140):     3 25.556-12.778h54.307l25.556 12.778 15.973 19.167c4.139 8.685 6.556 18.882 6.556 29.639 0
Action.c(140):      7.673-1.234 15.053-3.507 21.966l0.146-0.494-9.586 15.973-15.973 15.973-15.973 9.586 25.55
Action.c(140):     6 25.556 22.361-31.945h63.885l-51.112 70.279 57.501 57.501zM5404.52 697.281c-6.45 1.41-11.
Action.c(140):     94 4.822-15.938 9.542l-0.035 0.042c-5.378 4.786-8.938 11.502-9.577 19.061l-0.007 0.106c2.0
Action.c(140):     12 3.57 3.197 7.834 3.197 12.377 0 0.141-0.001 0.281-0.003 0.421v-0.021l9.586 9.586 19.167
Action.c(140):      6.389h19.167c6.702-2.483 12.188-6.939 15.896-12.654l0.076-0.124zM5446.048 611.029c0-10.58
Action.c(140):     6-8.581-19.167-19.167-19.167h-3.194c-0.068-0.001-0.148-0.001-0.23-0.001-11.223 0-20.516 8.
Action.c(140):     269-22.117 19.046l-0.019 0.122c0.93 4.986 3.194 9.335 6.404 12.794l-0.019-0.019c2.483 6.70
Action.c(140):     2 6.939 12.188 12.654 15.896l0.124 0.076 19.167-12.778c6.389 0 6.389-6.389 6.389-15.973z",
Action.c(140):     \n
Action.c(140):             "M6688.707 761.17h-12.778v-9.586h38.334v9.586h-12.778v35.14h-9.586v-35.14z",\n
Action.c(140):             "M6720.655 751.587h9.586l9.586 22.361 12.778-22.361h6.389v44.723h-9.586v-28.754l-9
Action.c(140):     .586 15.973h-3.194l-9.586-15.973v28.754h-9.586z"\n
Action.c(140):           ],\n
Action.c(140):           "attrs": [\n
Action.c(140):             {\n
Action.c(140):               "fill": "rgb(51, 51, 51)"\n
Action.c(140):             },\n
Action.c(140):             {\n
Action.c(140):               "fill": "rgb(51, 51, 51)"\n
Action.c(140):             },\n
Action.c(140):             {\n
Action.c(140):               "fill": "rgb(51, 51, 51)"\n
Action.c(140):             },\n
Action.c(140):             {\n
Action.c(140):               "fill": "rgb(51, 51, 51)"\n
Action.c(140):             },\n
Action.c(140):             {\n
Action.c(140):               "fill": "rgb(54, 54, 54)"\n
Action.c(140):             },\n
Action.c(140):             {\n
Action.c(140):               "fill": "rgb(51, 51, 51)"\n
Action.c(140):             },\n
Action.c(140):             {\n
Action.c(140):               "fill": "rgb(51, 51, 51)"\n
Action.c(140):             },\n
Action.c(140):             {\n
Action.c(140):               "fill": "rgb(94, 160, 0)"\n
Action.c(140):             },\n
Action.c(140):             {\n
Action.c(140):               "fill": "rgb(51, 51, 51)"\n
Action.c(140):             },\n
Action.c(140):             {\n
Action.c(140):               "fill": "rgb(224, 0, 77)"\n
Action.c(140):             },\n
Action.c(140):             {\n
Action.c(140):               "fill": "rgb(139, 196, 0)"\n
Action.c(140):             },\n
Action.c(140):             {\n
Action.c(140):               "fill": "rgb(99, 102, 106)"\n
Action.c(140):             },\n
Action.c(140):             {\n
Action.c(140):               "fill": "rgb(99, 102, 106)"\n
Action.c(140):             },\n
Action.c(140):             {\n
Action.c(140):               "fill": "rgb(99, 102, 106)"\n
Action.c(140):             },\n
Action.c(140):             {\n
Action.c(140):               "fill": "rgb(99, 102, 106)"\n
Action.c(140):             },\n
Action.c(140):             {\n
Action.c(140):               "fill": "rgb(99, 102, 106)"\n
Action.c(140):             },\n
Action.c(140):             {\n
Action.c(140):               "fill": "rgb(99, 102, 106)"\n
Action.c(140):             },\n
Action.c(140):             {\n
Action.c(140):               "fill": "rgb(99, 102, 106)"\n
Action.c(140):             },\n
Action.c(140):             {\n
Action.c(140):               "fill": "rgb(99, 102, 106)"\n
Action.c(140):             },\n
Action.c(140):             {\n
Action.c(140):               "fill": "rgb(99, 102, 106)"\n
Action.c(140):             },\n
Action.c(140):             {\n
Action.c(140):               "fill": "rgb(99, 102, 106)"\n
Action.c(140):             },\n
Action.c(140):             {\n
Action.c(140):               "fill": "rgb(99, 102, 106)"\n
Action.c(140):             }\n
Action.c(140):           ],\n
Action.c(140):           "width": 6768,\n
Action.c(140):           "isMulticolor": true,\n
Action.c(140):           "grid": 32,\n
Action.c(140):           "tags": [\n
Action.c(140):             "peapod-powered-by-stop-and-shop"\n
Action.c(140):           ]\n
Action.c(140):         },\n
Action.c(140):         {\n
Action.c(140):           "paths": [\n
Action.c(140):             "M851.364 851.364c-86.951 87.186-207.199 141.128-340.045 141.128-265.224 0-480.23-
Action.c(140):     215.006-480.23-480.23s215.006-480.23 480.23-480.23c0.239 0 0.479 0 0.718 0.001l-0.037-0c0.
Action.c(140):     244-0 0.534-0.001 0.823-0.001 132.277 0 252.001 53.745 338.527 140.589l0.014 0.014c42.945 
Action.c(140):     42.491 77.703 93.158 101.762 149.487l1.163 3.063c23.824 55.15 37.681 119.364 37.681 186.81
Action.c(140):     4s-13.857 131.664-38.878 189.951l1.198-3.136c-25.222 59.392-59.98 110.059-102.884 152.509l
Action.c(140):     -0.041 0.040zM512 0c-282.77 0-512 229.23-512 512s229.23 512 512 512c282.77 0 512-229.23 51
Action.c(140):     2-512v0c0.001-0.429 0.002-0.938 0.002-1.446 0-281.972-228.584-510.556-510.556-510.556-0.50
Action.c(140):     8 0-1.017 0.001-1.525 0.002l0.079-0z",\n
Action.c(140):             "M305.756 706.954h408.944v32.821h-408.944v-32.821z",\n
Action.c(140):             "M718.244 810.667h-412.488v-465.264l48.706 48.443 32.033-32.164 31.902 32.164 32.0
Action.c(140):     33-32.164 32.033 32.164 32.164-32.164 32.033 32.164 32.033-32.033 30.72 30.72 30.851-30.85
Action.c(140):     1 30.72 30.851 47.262-47.13zM338.576 777.846h346.847v-353.28l-14.441 14.31-30.72-30.72-30.
Action.c(140):     851 30.72-30.72-30.72-32.033 32.033-32.033-32.033-32.164 32.033-32.033-32.033-32.033 32.03
Action.c(140):     3-32.033-32.033-31.902 32.033-15.754-15.623z",\n
Action.c(140):             "M537.075 359.713h-32.821v-41.485h-123.274v41.485h-32.821v-74.306h188.915v74.306z"
Action.c(140):     ,\n
Action.c(140):             "M668.619 359.713h-32.821v-29.407c0.376-1.665 0.591-3.576 0.591-5.538 0-14.501-11.
Action.c(140):     755-26.256-26.256-26.256s-26.256 11.755-26.256 26.256c0 1.962 0.215 3.874 0.623 5.713l-0.0
Action.c(140):     33-0.175v29.407h-33.083v-29.407c-0.042-0.828-0.066-1.797-0.066-2.772 0-32.337 26.215-58.55
Action.c(140):     2 58.552-58.552s58.552 26.215 58.552 58.552c0 0.975-0.024 1.944-0.071 2.907l0.005-0.136z",
Action.c(140):     \n
Action.c(140):             "M614.4 288.164h-32.821v-42.010h-124.849v21.399h-32.821v-54.219h190.49v74.831z",\n
Action.c(140):             "M455.417 596.283c-0.029-0.178-0.046-0.382-0.046-0.591s0.017-0.413 0.049-0.613l-0.
Action.c(140):     003 0.022c0-1.668 1.352-3.019 3.019-3.019v-0h113.034c1.668 0 3.019 1.352 3.019 3.019v-0c0.
Action.c(140):     029 0.178 0.046 0.382 0.046 0.591s-0.017 0.413-0.049 0.613l0.003-0.022c-10.879 22.094-33.2
Action.c(140):     34 37.029-59.077 37.029s-48.198-14.935-58.905-36.644l-0.172-0.385z",\n
Action.c(140):             "M470.384 519.746s0 0 0-0.788c0.424-0.41 1.003-0.663 1.641-0.663s1.217 0.253 1.642
Action.c(140):      0.663l-0.001-0.001 62.359 62.49c0.418 0.445 0.675 1.046 0.675 1.707s-0.257 1.262-0.676 1.
Action.c(140):     708l0.001-0.001h-0.788c-5.094 1.854-10.974 2.925-17.104 2.925-28.422 0-51.463-23.041-51.46
Action.c(140):     3-51.463 0-6.13 1.072-12.010 3.038-17.462l-0.113 0.359z",\n
Action.c(140):             "M530.773 502.023v0c0.943 0 1.707 0.764 1.707 1.707h-0v63.409c0 0.943-0.764 1.707-
Action.c(140):     1.707 1.707h-0c-12.693-5.937-21.33-18.6-21.33-33.28s8.636-27.343 21.105-33.186l0.224-0.094
Action.c(140):     z",\n
Action.c(140):             "M573.44 536.418v0c0.179 0.279 0.286 0.619 0.286 0.985s-0.107 0.706-0.29 0.992l0.0
Action.c(140):     04-0.007-33.083 36.628c-0.215 0.225-0.518 0.364-0.853 0.364s-0.638-0.14-0.853-0.364l-0-0c-
Action.c(140):     0.997-2.986-1.572-6.423-1.572-9.995 0-8.202 3.033-15.695 8.037-21.42l-0.033 0.038c4.694-5.
Action.c(140):     368 11.556-8.74 19.205-8.74 3.242 0 6.343 0.606 9.195 1.71l-0.174-0.059z"\n
Action.c(140):           ],\n
Action.c(140):           "attrs": [\n
Action.c(140):             {\n
Action.c(140):               "fill": "rgb(99, 102, 106)"\n
Action.c(140):             },\n
Action.c(140):             {\n
Action.c(140):               "fill": "rgb(99, 102, 106)"\n
Action.c(140):             },\n
Action.c(140):             {\n
Action.c(140):               "fill": "rgb(99, 102, 106)"\n
Action.c(140):             },\n
Action.c(140):             {\n
Action.c(140):               "fill": "rgb(99, 102, 106)"\n
Action.c(140):             },\n
Action.c(140):             {\n
Action.c(140):               "fill": "rgb(99, 102, 106)"\n
Action.c(140):             },\n
Action.c(140):             {\n
Action.c(140):               "fill": "rgb(99, 102, 106)"\n
Action.c(140):             },\n
Action.c(140):             {\n
Action.c(140):               "fill": "rgb(99, 102, 106)"\n
Action.c(140):             },\n
Action.c(140):             {\n
Action.c(140):               "fill": "rgb(99, 102, 106)"\n
Action.c(140):             },\n
Action.c(140):             {\n
Action.c(140):               "fill": "rgb(99, 102, 106)"\n
Action.c(140):             },\n
Action.c(140):             {\n
Action.c(140):               "fill": "rgb(99, 102, 106)"\n
Action.c(140):             }\n
Action.c(140):           ],\n
Action.c(140):           "grid": 32,\n
Action.c(140):           "tags": [\n
Action.c(140):             "pick-up-gntl"\n
Action.c(140):           ]\n
Action.c(140):         },\n
Action.c(140):         {\n
Action.c(140):           "paths": [\n
Action.c(140):             "M512 0c-282.77 0-512 229.23-512 512s229.23 512 512 512c282.77 0 512-229.23 512-51
Action.c(140):     2v0c0.001-0.429 0.002-0.938 0.002-1.446 0-281.972-228.584-510.556-510.556-510.556-0.508 0-
Action.c(140):     1.017 0.001-1.525 0.002l0.079-0zM851.364 851.364c-86.951 87.186-207.199 141.128-340.045 14
Action.c(140):     1.128-265.224 0-480.23-215.006-480.23-480.23s215.006-480.23 480.23-480.23c0.239 0 0.479 0 
Action.c(140):     0.718 0.001l-0.037-0c0.244-0 0.534-0.001 0.823-0.001 132.277 0 252.001 53.745 338.527 140.
Action.c(140):     589l0.014 0.014c42.945 42.491 77.703 93.158 101.762 149.487l1.163 3.063c23.824 55.15 37.68
Action.c(140):     1 119.364 37.681 186.814s-13.857 131.664-38.878 189.951l1.198-3.136c-25.222 59.392-59.98 1
Action.c(140):     10.059-102.884 152.509l-0.041 0.040z",\n
Action.c(140):             "M692.775 260.595c0.329-2.705 0.517-5.838 0.517-9.014 0-43.503-35.266-78.769-78.76
Action.c(140):     9-78.769s-78.769 35.266-78.769 78.769c0 2.295 0.098 4.567 0.29 6.812l-0.020-0.292c-15.887-
Action.c(140):     6.644-34.346-10.503-53.708-10.503-0.088 0-0.175 0-0.263 0l0.014-0c-76.47 1.279-139.102 58.
Action.c(140):     875-148.274 133.038l-0.074 0.739-48.574-31.508v399.623c-0.016 0.632-0.025 1.377-0.025 2.12
Action.c(140):     4 0 50.024 39.969 90.712 89.713 91.872l0.108 0.002h274.117c49.853-1.162 89.821-41.85 89.82
Action.c(140):     1-91.874 0-0.747-0.009-1.492-0.027-2.234l0.002 0.11v-399.754l-46.080 29.932zM568.845 260.5
Action.c(140):     95c0-25.159 20.396-45.555 45.555-45.555s45.555 20.396 45.555 45.555v139.947l-2.757 1.707-1
Action.c(140):     1.422-7.221-14.966-9.715c-4.711-42.536-25.733-79.421-56.574-104.809l-0.271-0.217-5.12-4.59
Action.c(140):     5zM482.068 280.418c23.805 0.014 45.876 7.428 64.040 20.066l-0.368-0.243c2.841 1.855 5.281 
Action.c(140):     3.669 7.607 5.615l-0.124-0.101c21.824 18.498 37.146 44.073 42.421 73.149l0.115 0.763-35.18
Action.c(140):     4 22.712-29.276-18.642-19.43-13.128-48.049 31.245-48.968-30.72-47.262 31.114-1.838-1.182c-
Action.c(140):     0.002-0.288-0.004-0.627-0.004-0.968 0-64.926 51.678-117.781 116.145-119.677l0.175-0.004zM7
Action.c(140):     06.035 410.256v339.233c0.019 0.561 0.030 1.221 0.030 1.884 0 31.952-25.253 58.005-56.89 59
Action.c(140):     .29l-0.116 0.004h-274.117c-31.753-1.288-57.006-27.342-57.006-59.294 0-0.662 0.011-1.322 0.
Action.c(140):     032-1.98l-0.002 0.096v-339.102l48.312 31.376h0.788l48.181-30.851 48.049 31.245 48.706-31.6
Action.c(140):     39 48.181 31.245 48.312-31.245 48.706 31.245z",\n
Action.c(140):             "M506.092 596.283h81.789v-40.435h-78.769c-1.566-0.136-3.388-0.213-5.229-0.213-17.8
Action.c(140):     19 0-33.942 7.26-45.573 18.982l-0.004 0.004c-13.555 13.838-21.921 32.805-21.921 53.726 0 8
Action.c(140):     .969 1.537 17.579 4.363 25.581l-0.165-0.538c8.469 25.763 30.297 44.877 57.080 49.305l0.421
Action.c(140):      0.057h89.666v-74.831h-41.879v34.921h-42.142c-14.572 0-25.469-26.256-23.631-38.072s15.491-
Action.c(140):     28.488 25.994-28.488z"\n
Action.c(140):           ],\n
Action.c(140):           "attrs": [\n
Action.c(140):             {\n
Action.c(140):               "fill": "rgb(99, 102, 106)"\n
Action.c(140):             },\n
Action.c(140):             {\n
Action.c(140):               "fill": "rgb(99, 102, 106)"\n
Action.c(140):             },\n
Action.c(140):             {\n
Action.c(140):               "fill": "rgb(99, 102, 106)"\n
Action.c(140):             }\n
Action.c(140):           ],\n
Action.c(140):           "grid": 32,\n
Action.c(140):           "tags": [\n
Action.c(140):             "pick-up-gntc"\n
Action.c(140):           ]\n
Action.c(140):         },\n
Action.c(140):         {\n
Action.c(140):           "paths": [\n
Action.c(140):             "M512 0c-282.77 0-512 229.23-512 512s229.23 512 512 512c282.77 0 512-229.23 512-51
Action.c(140):     2v0c0.001-0.429 0.002-0.938 0.002-1.446 0-281.972-228.584-510.556-510.556-510.556-0.508 0-
Action.c(140):     1.017 0.001-1.525 0.002l0.079-0zM851.364 851.364c-86.951 87.186-207.199 141.128-340.045 14
Action.c(140):     1.128-265.224 0-480.23-215.006-480.23-480.23s215.006-480.23 480.23-480.23c0.239 0 0.479 0 
Action.c(140):     0.718 0.001l-0.037-0c0.244-0 0.534-0.001 0.823-0.001 132.277 0 252.001 53.745 338.527 140.
Action.c(140):     589l0.014 0.014c42.945 42.491 77.703 93.158 101.762 149.487l1.163 3.063c23.824 55.15 37.68
Action.c(140):     1 119.364 37.681 186.814s-13.857 131.664-38.878 189.951l1.198-3.136c-25.222 59.392-59.98 1
Action.c(140):     10.059-102.884 152.509l-0.041 0.040z",\n
Action.c(140):             "M618.076 348.029v-55.926h-434.281v398.047h73.124c7.87 39.126 41.961 68.182 82.839
Action.c(140):      68.182s74.969-29.056 82.748-67.641l0.091-0.541h207.557c7.87 39.126 41.961 68.182 82.839 6
Action.c(140):     8.182s74.969-29.056 82.748-67.641l0.091-0.541h44.373v-204.406l-97.411-137.846zM339.233 725
Action.c(140):     .333c-28.056-0.064-50.862-22.456-51.592-50.345l-0.001-0.068v-1.182c0-28.494 23.099-51.594 
Action.c(140):     51.594-51.594s51.594 23.099 51.594 51.594c0 28.494-23.099 51.594-51.594 51.594v0zM585.255 
Action.c(140):     657.329h-163.184c-7.87-39.126-41.961-68.182-82.839-68.182s-74.969 29.056-82.748 67.641l-0.
Action.c(140):     091 0.541h-40.304v-332.406h369.165zM712.993 725.333c-0.004 0-0.009 0-0.014 0-28.079 0-50.9
Action.c(140):     19-22.431-51.579-50.351l-0.001-0.061v-1.182c0-28.494 23.099-51.594 51.594-51.594s51.594 23
Action.c(140):     .099 51.594 51.594c0 28.494-23.099 51.594-51.594 51.594v0zM807.91 657.329h-12.078c-7.87-39
Action.c(140):     .126-41.961-68.182-82.839-68.182s-74.969 29.056-82.748 67.641l-0.091 0.541h-12.078v-276.61
Action.c(140):     1h108.176l81.657 115.528z",\n
Action.c(140):             "M389.645 557.292h89.797v-74.568h-41.485v34.79h-42.273c-14.441 0-25.337-26.256-23.
Action.c(140):     631-38.072s15.491-28.882 26.256-28.882h81.92v-40.435h-78.769c-1.566-0.136-3.388-0.213-5.22
Action.c(140):     9-0.213-17.819 0-33.942 7.26-45.573 18.982l-0.00
Action.c(140): t=20513ms: 12288-byte DECODED response body for "https://stage.peapod.com/shop/images/icons/PeapodIcons.json" (RelFrameId=1, Internal ID=13)
Action.c(140):     4 0.004c-13.502 13.924-21.826 32.938-21.826 53.895 0 8.903 1.502 17.456 4.267 25.418l-0.16
Action.c(140):     4-0.544c8.266 25.673 29.774 44.819 56.275 49.56l0.439 0.065z"\n
Action.c(140):           ],\n
Action.c(140):           "attrs": [\n
Action.c(140):             {\n
Action.c(140):               "fill": "rgb(99, 102, 106)"\n
Action.c(140):             },\n
Action.c(140):             {\n
Action.c(140):               "fill": "rgb(99, 102, 106)"\n
Action.c(140):             },\n
Action.c(140):             {\n
Action.c(140):               "fill": "rgb(99, 102, 106)"\n
Action.c(140):             }\n
Action.c(140):           ],\n
Action.c(140):           "grid": 32,\n
Action.c(140):           "tags": [\n
Action.c(140):             "delivery-gntc"\n
Action.c(140):           ]\n
Action.c(140):         },\n
Action.c(140):         {\n
Action.c(140):           "paths": [\n
Action.c(140):             "M512 0c-282.77 0-512 229.23-512 512s229.23 512 512 512c282.77 0 512-229.23 512-51
Action.c(140):     2v0c0.001-0.429 0.002-0.938 0.002-1.446 0-281.972-228.584-510.556-510.556-510.556-0.508 0-
Action.c(140):     1.017 0.001-1.525 0.002l0.079-0zM851.364 851.364c-86.951 87.186-207.199 141.128-340.045 14
Action.c(140):     1.128-265.224 0-480.23-215.006-480.23-480.23s215.006-480.23 480.23-480.23c0.239 0 0.479 0 
Action.c(140):     0.718 0.001l-0.037-0c0.244-0 0.534-0.001 0.823-0.001 132.277 0 252.001 53.745 338.527 140.
Action.c(140):     589l0.014 0.014c42.945 42.491 77.703 93.158 101.762 149.487l1.163 3.063c23.824 55.15 37.68
Action.c(140):     1 119.364 37.681 186.814s-13.857 131.664-38.878 189.951l1.198-3.136c-25.222 59.392-59.98 1
Action.c(140):     10.059-102.884 152.509l-0.041 0.040z",\n
Action.c(140):             "M618.076 348.029v-55.926h-434.281v398.047h73.124c7.87 39.126 41.961 68.182 82.839
Action.c(140):      68.182s74.969-29.056 82.748-67.641l0.091-0.541h207.557c7.87 39.126 41.961 68.182 82.839 6
Action.c(140):     8.182s74.969-29.056 82.748-67.641l0.091-0.541h44.373v-204.406l-97.411-137.846zM339.233 725
Action.c(140):     .333c-28.056-0.064-50.862-22.456-51.592-50.345l-0.001-0.068v-1.182c0-28.494 23.099-51.594 
Action.c(140):     51.594-51.594s51.594 23.099 51.594 51.594c0 28.494-23.099 51.594-51.594 51.594v0zM585.255 
Action.c(140):     657.329h-163.184c-7.991-39.023-42.029-67.968-82.835-68.004l-0.004-0c-40.592 0.296-74.36 29
Action.c(140):     .154-82.22 67.459l-0.094 0.546h-40.829v-332.406h369.165zM712.993 725.333c-0.004 0-0.009 0-
Action.c(140):     0.014 0-28.079 0-50.919-22.431-51.579-50.351l-0.001-0.061v-1.182c0-28.494 23.099-51.594 51
Action.c(140):     .594-51.594s51.594 23.099 51.594 51.594c0 28.494-23.099 51.594-51.594 51.594v0zM807.91 657
Action.c(140):     .329h-12.078c-7.87-39.126-41.961-68.182-82.839-68.182s-74.969 29.056-82.748 67.641l-0.091 
Action.c(140):     0.541h-12.078v-276.611h108.176l81.657 115.528z",\n
Action.c(140):             "M373.366 557.817c0-14.047 0-70.367 0-97.28 6.302 17.986 17.329 48.837 21.53 60.78
Action.c(140):     4v0c2.048 3.623 5.437 6.284 9.478 7.329l0.106 0.023c1.694 0.555 3.643 0.876 5.667 0.876 0.
Action.c(140):     64 0 1.272-0.032 1.895-0.094l-0.079 0.006c0.066 0.001 0.144 0.002 0.222 0.002 5.097 0 9.51
Action.c(140):     5-2.904 11.69-7.148l0.034-0.074 20.217-60.39v77.85c0 18.511 0 18.511 0.788 19.167l0.919 0.
Action.c(140):     788h32.952v-1.707c0.046-0.863 0.072-1.872 0.072-2.888s-0.026-2.026-0.078-3.029l0.006 0.14v
Action.c(140):     -55.795c0-29.538 0-62.884 0-65.641-0.064-7.519-3.278-14.274-8.386-19.021l-0.016-0.015c-5.6
Action.c(140):     65-5.045-13.171-8.13-21.397-8.139l-2.628-0c-7.501 0.217-13.772 5.24-15.854 12.088l-0.032 0
Action.c(140):     .121-0.788 1.838c-4.989 12.209-14.966 36.365-19.43 46.999l-22.187-51.331c-4.852-6.036-12.2
Action.c(140):     35-9.866-20.512-9.866-0.358 0-0.714 0.007-1.069 0.021l0.051-0.002c-9.19 0-27.307 6.695-27.
Action.c(140):     569 22.055v134.695h34.921z"\n
Action.c(140):           ],\n
Action.c(140):           "attrs": [\n
Action.c(140):             {\n
Action.c(140):               "fill": "rgb(99, 102, 106)"\n
Action.c(140):             },\n
Action.c(140):             {\n
Action.c(140):               "fill": "rgb(99, 102, 106)"\n
Action.c(140):             },\n
Action.c(140):             {\n
Action.c(140):               "fill": "rgb(99, 102, 106)"\n
Action.c(140):             }\n
Action.c(140):           ],\n
Action.c(140):           "grid": 32,\n
Action.c(140):           "tags": [\n
Action.c(140):             "delivery-mrtn"\n
Action.c(140):           ]\n
Action.c(140):         },\n
Action.c(140):         {\n
Action.c(140):           "paths": [\n
Action.c(140):             "M512 0c-282.77 0-512 229.23-512 512s229.23 512 512 512c282.77 0 512-229.23 512-51
Action.c(140):     2v0c0.001-0.429 0.002-0.938 0.002-1.446 0-281.972-228.584-510.556-510.556-510.556-0.508 0-
Action.c(140):     1.017 0.001-1.525 0.002l0.079-0zM851.364 851.364c-86.951 87.186-207.199 141.128-340.045 14
Action.c(140):     1.128-265.224 0-480.23-215.006-480.23-480.23s215.006-480.23 480.23-480.23c0.239 0 0.479 0 
Action.c(140):     0.718 0.001l-0.037-0c0.244-0 0.534-0.001 0.823-0.001 132.277 0 252.001 53.745 338.527 140.
Action.c(140):     589l0.014 0.014c42.945 42.491 77.703 93.158 101.762 149.487l1.163 3.063c23.824 55.15 37.68
Action.c(140):     1 119.364 37.681 186.814s-13.857 131.664-38.878 189.951l1.198-3.136c-25.222 59.392-59.98 1
Action.c(140):     10.059-102.884 152.509l-0.041 0.040z",\n
Action.c(140):             "M278.318 239.59l-35.052 55.926-41.616 65.641v4.726c-0 0.037-0 0.082-0 0.126 0 36.
Action.c(140):     195 18.9 67.976 47.37 86.011l0.416 0.246v332.144h525.128v-332.144c28.437-18.33 46.999-49.8
Action.c(140):     42 46.999-85.688 0-0.106-0-0.212-0-0.318l0 0.016v-4.726l-76.669-121.961zM741.481 751.59h-4
Action.c(140):     59.487v-285.67c6.519 1.468 14.007 2.308 21.69 2.308 22.503 0 43.322-7.213 60.27-19.452l-0.
Action.c(140):     303 0.208c3.515-2.569 6.596-5.108 9.524-7.811l-0.072 0.066c18.086 16.849 42.428 27.192 69.
Action.c(140):     186 27.192s51.1-10.343 69.247-27.248l-0.061 0.056c18.118 16.83 42.479 27.157 69.251 27.157
Action.c(140):     s51.133-10.327 69.315-27.216l-0.064 0.059c18.351 16.809 42.905 27.108 69.864 27.108 6.489 
Action.c(140):     0 12.838-0.597 18.996-1.738l-0.639 0.098 3.282-0.788zM751.59 427.454h-1.050c-5.386 2.789-1
Action.c(140):     1.632 4.974-18.207 6.232l-0.435 0.069c-3.924 0.79-8.435 1.242-13.052 1.242-22.71 0-42.864-
Action.c(140):     10.942-55.479-27.841l-0.13-0.182-13.128-18.117-13.391 18.117c-12.725 17.367-33.046 28.517-
Action.c(140):     55.971 28.517-21.882 0-41.39-10.158-54.068-26.016l-0.107-0.138-1.444-2.363-13.128-18.117-1
Action.c(140):     3.128 18.117-1.838 2.363c-12.781 16.198-32.412 26.501-54.449 26.501-23.076 0-43.513-11.297
Action.c(140):     -56.082-28.663l-0.139-0.202-13.128-18.117-13.128 18.117c-4.411 5.968-9.524 11.080-15.296 1
Action.c(140):     5.353l-0.196 0.138c-11.25 8.086-25.301 12.931-40.485 12.931-5.333 0-10.526-0.598-15.516-1.
Action.c(140):     73l0.468 0.089c-6.155-1.344-11.592-3.335-16.653-5.952l0.374 0.176h-1.050c-20.886-11.070-35
Action.c(140):     .221-32.058-36.749-56.517l-0.010-0.197 52.513-84.414 8.796-13.916h430.211l8.665 13.391 52.
Action.c(140):     513 84.414c-1.425 24.527-15.498 45.471-35.743 56.534l-0.359 0.18z",\n
Action.c(140):             "M505.567 562.281h81.92v-40.435h-78.769c-1.576-0.138-3.409-0.217-5.26-0.217-17.834
Action.c(140):      0-33.958 7.317-45.536 19.112l-0.010 0.010c-13.513 13.907-21.844 32.911-21.844 53.862 0 8.
Action.c(140):     916 1.509 17.48 4.286 25.45l-0.165-0.543c8.24 25.87 29.868 45.179 56.536 49.953l0.441 0.06
Action.c(140):     5h89.797v-74.831h-41.485v34.921h-42.273c-14.441 0-25.337-26.256-23.631-38.072s15.491-29.27
Action.c(140):     6 25.994-29.276z"\n
Action.c(140):           ],\n
Action.c(140):           "attrs": [\n
Action.c(140):             {\n
Action.c(140):               "fill": "rgb(99, 102, 106)"\n
Action.c(140):             },\n
Action.c(140):             {\n
Action.c(140):               "fill": "rgb(99, 102, 106)"\n
Action.c(140):             },\n
Action.c(140):             {\n
Action.c(140):               "fill": "rgb(99, 102, 106)"\n
Action.c(140):             }\n
Action.c(140):           ],\n
Action.c(140):           "grid": 32,\n
Action.c(140):           "tags": [\n
Action.c(140):             "in-store-gntc"\n
Action.c(140):           ]\n
Action.c(140):         },\n
Action.c(140):         {\n
Action.c(140):           "paths": [\n
Action.c(140):             "M512 0c-282.77 0-512 229.23-512 512s229.23 512 512 512c282.77 0 512-229.23 512-51
Action.c(140):     2v0c0.001-0.429 0.002-0.938 0.002-1.446 0-281.972-228.584-510.556-510.556-510.556-0.508 0-
Action.c(140):     1.017 0.001-1.525 0.002l0.079-0zM851.364 851.364c-86.951 87.186-207.199 141.128-340.045 14
Action.c(140):     1.128-265.224 0-480.23-215.006-480.23-480.23s215.006-480.23 480.23-480.23c0.239 0 0.479 0 
Action.c(140):     0.718 0.001l-0.037-0c0.244-0 0.534-0.001 0.823-0.001 132.277 0 252.001 53.745 338.527 140.
Action.c(140):     589l0.014 0.014c42.945 42.491 77.703 93.158 101.762 149.487l1.163 3.063c23.824 55.15 37.68
Action.c(140):     1 119.364 37.681 186.814s-13.857 131.664-38.878 189.951l1.198-3.136c-25.222 59.392-59.98 1
Action.c(140):     10.059-102.884 152.509l-0.041 0.040z",\n
Action.c(140):             "M672.033 546.396c-3.009-3.262-7.305-5.299-12.076-5.299-4.315 0-8.242 1.666-11.171
Action.c(140):      4.389l0.010-0.009-105.026 96.886c-3.533 3.028-5.757 7.496-5.757 12.482 0 9.063 7.347 16.4
Action.c(140):     1 16.41 16.41 4.497 0 8.571-1.809 11.535-4.738l-0.002 0.002 105.026-96.886c3.305-3.013 5.3
Action.c(140):     7-7.336 5.37-12.141 0-4.284-1.642-8.185-4.33-11.107l0.011 0.012z",\n
Action.c(140):             "M646.564 686.343c4.263-0.008 8.141-1.654 11.038-4.342l-0.010 0.010 43.848-39.385c
Action.c(140):     3.106-2.99 5.036-7.184 5.036-11.828 0-9.063-7.347-16.41-16.41-16.41-4.089 0-7.829 1.496-10
Action.c(140):     .702 3.97l0.021-0.018-43.848 39.385c-3.264 3.009-5.301 7.306-5.301 12.078 0 9.034 7.301 16
Action.c(140):     .364 16.324 16.41l0.004 0z",\n
Action.c(140):             "M354.462 587.618v32.295c0 9.063 7.347 16.41 16.41 16.41s16.41-7.347 16.41-16.41v0
Action.c(140):     -32.295c0-9.063-7.347-16.41-16.41-16.41s-16.41 7.347-16.41 16.41v0z",\n
Action.c(140):             "M294.597 490.864c0.066 0 0.145 0 0.224 0 21.302 0 40.43-9.31 53.537-24.082l0.065-
Action.c(140):     0.074c13.289 14.935 32.563 24.297 54.023 24.297s40.734-9.362 53.959-24.225l0.064-0.073c13.
Action.c(140):     383 15.001 32.769 24.401 54.351 24.401s40.968-9.4 54.288-24.33l0.063-0.072c13.272 15.006 3
Action.c(140):     2.572 24.419 54.071 24.419 0.098 0 0.197-0 0.295-0.001l-0.015 0c0.203 0.002 0.444 0.003 0.
Action.c(140):     685 0.003 21.46 0 40.761-9.244 54.137-23.968l0.054-0.060c13.518 14.787 32.891 24.027 54.42
Action.c(140):     3 24.027 0.205 0 0.411-0.001 0.616-0.003l-0.031 0c0.645 0.022 1.404 0.034 2.165 0.034 36.8
Action.c(140):     7 0 66.953-29.062 68.59-65.528l0.005-0.148v-44.767c-0.018-3.167-0.945-6.114-2.533-8.598l0.
Action.c(140):     039 0.065-65.641-106.995c-2.941-4.675-8.070-7.738-13.915-7.746l-0.001-0h-410.256c-0.001-0-
Action.c(140):     0.002-0-0.003-0-5.778 0-10.853 3.010-13.742 7.548l-0.039 0.066-67.61 106.995s0 0 0 0.919c-
Action.c(140):     0.468 0.68-0.868 1.462-1.16 2.293l-0.021 0.070c-0.492 1.393-0.82 3.005-0.917 4.679l-0.002 
Action.c(140):     0.047s0 0 0 0v0 43.323c0.654 37.416 31.139 67.497 68.651 67.497 0.557 0 1.113-0.007 1.667-
Action.c(140):     0.020l-0.082 0.002zM729.403 458.043c-0.7 0.048-1.517 0.075-2.341 0.075-19.094 0-34.751-14.
Action.c(140):     716-36.248-33.424l-0.008-0.128c0-9.063-7.347-16.41-16.41-16.41s-16.41 7.347-16.41 16.41v0c
Action.c(140):     -1.716 18.861-17.454 33.523-36.616 33.523-0.651 0-1.297-0.017-1.939-0.050l0.090 0.004c-0.6
Action.c(140):     13 0.037-1.33 0.059-2.052 0.059-19.009 0-34.575-14.745-35.882-33.422l-0.006-0.113c0-9.063-
Action.c(140):     7.347-16.41-16.41-16.41s-16.41 7.347-16.41 16.41v0c-2.314 19.087-18.417 33.732-37.941 33.7
Action.c(140):     32s-35.626-14.645-37.922-33.548l-0.018-0.184c0-9.063-7.347-16.41-16.41-16.41s-16.41 7.347-
Action.c(140):     16.41 16.41v0c-2.021 19.157-18.088 33.955-37.612 33.955s-35.592-14.799-37.598-33.791l-0.01
Action.c(140):     4-0.164c0-9.063-7.347-16.41-16.41-16.41v0 0c-9.063 0-16.41 7.347-16.41 16.41v0c-1.115 18.7
Action.c(140):     47-16.591 33.528-35.518 33.528-0.667 0-1.33-0.018-1.989-0.055l0.092 0.004c-0.613 0.037-1.3
Action.c(140):     3 0.059-2.052 0.059-19.009 0-34.575-14.745-35.882-33.422l-0.006-0.113v-27.044h510.687v27.0
Action.c(140):     44c-1.314 18.79-16.879 33.535-35.889 33.535-0.722 0-1.439-0.021-2.15-0.063l0.098 0.005zM31
Action.c(140):     6.915 290.79h46.736l-10.24 40.172c-0.343 1.247-0.539 2.678-0.539 4.156 0 7.597 5.204 13.97
Action.c(140):     9 12.242 15.775l0.113 0.024c0.612 0.095 1.317 0.15 2.035 0.15s1.423-0.054 2.112-0.159l-0.0
Action.c(140):     77 0.010c7.596-0.054 13.97-5.219 15.859-12.225l0.027-0.116 12.472-48.312h52.513l-2.888 43.
Action.c(140):     192c-0.023 0.326-0.036 0.707-0.036 1.090 0 8.66 6.708 15.753 15.212 16.367l0.053 0.003h1.1
Action.c(140):     82c0.010 0 0.022 0 0.034 0 8.621 0 15.677-6.702 16.242-15.179l0.003-0.049 3.151-45.424h55.
Action.c(140):     138l3.151 45.424c0.635 8.54 7.72 15.229 16.368 15.229 0.015 0 0.030-0 0.045-0l-0.002 0h1.0
Action.c(140):     50c8.557-0.617 15.265-7.71 15.265-16.37 0-0.384-0.013-0.764-0.039-1.141l0.003 0.051-2.888-
Action.c(140):     43.192h52.513l13.128 48.312c1.825 7.144 8.203 12.341 15.795 12.341 0.032 0 0.063-0 0.095-0
Action.c(140):     l-0.005 0c0.611 0.092 1.317 0.144 2.035 0.144s1.423-0.052 2.113-0.154l-0.078 0.009c7.143-1
Action.c(140):     .881 12.326-8.282 12.326-15.894 0-1.443-0.186-2.842-0.536-4.175l0.025 0.114-10.371-40.172h
Action.c(140):     50.675l45.817 73.912h-484.562z",\n
Action.c(140):             "M799.902 733.21h-31.508v-223.179h-33.214v223.179h-295.647v-223.179h-32.558v223.17
Action.c(140):     9h-118.154v-223.179h-32.821v223.179h-31.508c-9.063 0-16.41 7.347-16.41 16.41s7.347 16.41 1
Action.c(140):     6.41 16.41v0h575.409c9.063 0 16.41-7.347 16.41-16.41s-7.347-16.41-16.41-16.41v0z"\n
Action.c(140):           ],\n
Action.c(140):           "attrs": [\n
Action.c(140):             {\n
Action.c(140):               "fill": "rgb(99, 102, 106)"\n
Action.c(140):             },\n
Action.c(140):             {\n
Action.c(140):               "fill": "rgb(99, 102, 106)"\n
Action.c(140):             },\n
Action.c(140):             {\n
Action.c(140):               "fill": "rgb(99, 102, 106)"\n
Action.c(140):             },\n
Action.c(140):             {\n
Action.c(140):               "fill": "rgb(99, 102, 106)"\n
Action.c(140):             },\n
Action.c(140):             {\n
Action.c(140):               "fill": "rgb(99, 102, 106)"\n
Action.c(140):             },\n
Action.c(140):             {\n
Action.c(140):               "fill": "rgb(99, 102, 106)"\n
Action.c(140):             }\n
Action.c(140):           ],\n
Action.c(140):           "grid": 32,\n
Action.c(140):           "tags": [\n
Action.c(140):             "in-store-gntl"\n
Action.c(140):           ]\n
Action.c(140):         },\n
Action.c(140):         {\n
Action.c(140):           "paths": [\n
Action.c(140):             "M512 0c-282.77 0-512 229.23-512 512s229.23 512 512 512c282.77 0 512-229.23 512-51
Action.c(140):     2v0c0.001-0.429 0.002-0.938 0.002-1.446 0-281.972-228.584-510.556-510.556-510.556-0.508 0-
Action.c(140):     1.017 0.001-1.525 0.002l0.079-0zM851.364 851.364c-86.951 87.186-207.199 141.128-340.045 14
Action.c(140):     1.128-265.224 0-480.23-215.006-480.23-480.23s215.006-480.23 480.23-480.23c0.239 0 0.479 0 
Action.c(140):     0.718 0.001l-0.037-0c0.244-0 0.534-0.001 0.823-0.001 132.277 0 252.001 53.745 338.527 140.
Action.c(140):     589l0.014 0.014c42.945 42.491 77.703 93.158 101.762 149.487l1.163 3.063c23.824 55.15 37.68
Action.c(140):     1 119.364 37.681 186.814s-13.857 131.664-38.878 189.951l1.198-3.136c-25.222 59.392-59.98 1
Action.c(140):     10.059-102.884 152.509l-0.041 0.040z",\n
Action.c(140):             "M779.815 295.516l-35.184-55.926h-466.183l-35.184 55.926-41.616 65.641v4.726c-0 0.
Action.c(140):     063-0 0.138-0 0.213 0 36.132 18.908 67.848 47.368 85.793l0.419 0.246v332.275h525.128v-332.
Action.c(140):     275c28.433-18.271 46.999-49.739 46.999-85.544 0-0.11-0-0.221-0.001-0.331l0 0.017v-4.726l-4
Action.c(140):     1.485-65.641zM741.481 751.59h-459.487v-285.67c6.648 1.521 14.283 2.393 22.122 2.393 26.925
Action.c(140):      0 51.448-10.286 69.853-27.144l-0.077 0.070c18.086 
Action.c(140): t=20551ms: 6956-byte DECODED response body for "https://stage.peapod.com/shop/images/icons/PeapodIcons.json" (RelFrameId=1, Internal ID=13)
Action.c(140):     16.849 42.428 27.192 69.186 27.192s51.1-10.343 69.247-27.248l-0.061 0.056c18.118 16.83 42.
Action.c(140):     479 27.157 69.251 27.157s51.133-10.327 69.315-27.216l-0.064 0.059c18.327 16.787 42.85 27.0
Action.c(140):     74 69.776 27.074 7.838 0 15.473-0.872 22.813-2.524l-0.691 0.131zM788.349 370.872c-1.608 24
Action.c(140):     .807-16.090 45.897-36.776 56.795l-0.377 0.181c-4.492 2.276-9.735 4.254-15.208 5.658l-0.546
Action.c(140):      0.119c-4.715 1.088-10.128 1.712-15.687 1.712-2.195 0-4.368-0.097-6.514-0.288l0.278 0.020c
Action.c(140):     -19.136-1.856-35.781-11.228-47.165-25.085l-0.096-0.121-3.019-2.888-13.128-18.117-13.391 18
Action.c(140):     .117-2.757 3.545c-11.511 13.638-27.969 22.785-46.573 24.657l-0.294 0.024h-6.302c-0.012 0-0
Action.c(140):     .025 0-0.039 0-22.758 0-42.94-11.030-55.492-28.037l-0.133-0.189-13.128-18.117-13.128 18.11
Action.c(140):     7-2.757 3.545c-12.807 15.472-32.016 25.254-53.51 25.254-23.067 0-43.503-11.268-56.104-28.6
Action.c(140):     l-0.138-0.199-13.128-18.117-13.128 18.117c-12.781 17.324-33.116 28.437-56.046 28.437-11.39
Action.c(140):     9 0-22.157-2.746-31.648-7.614l0.391 0.182h-1.182c-20.816-11.12-35.090-32.091-36.618-56.517
Action.c(140):     l-0.010-0.197 52.513-84.414 8.796-13.916h430.211l8.665 13.391z",\n
Action.c(140):             "M581.973 548.234c-0.222-7.489-3.397-14.195-8.394-19.028l-0.008-0.007c-5.739-4.976
Action.c(140):     -13.28-8.008-21.53-8.008l-3.545-0c-7.516 0.173-13.808 5.217-15.854 12.089l-0.031 0.12-0.78
Action.c(140):     8 1.707c-4.857 12.341-14.966 36.365-19.298 46.999l-22.318-51.331c-4.675-6.111-11.971-10.01
Action.c(140):     4-20.178-10.014-0.476 0-0.948 0.013-1.417 0.039l0.065-0.003c-9.19 0-27.307 6.695-27.438 22
Action.c(140):     .055v135.221h34.921v-99.512c6.302 17.986 17.329 48.837 21.662 60.784v0c2.035 3.665 5.425 6
Action.c(140):     .37 9.476 7.458l0.107 0.025c1.145 0.243 2.46 0.382 3.807 0.382s2.663-0.139 3.932-0.404l-0.
Action.c(140):     124 0.022c0.274 0.023 0.593 0.035 0.915 0.035 4.88 0 9.068-2.958 10.871-7.179l0.029-0.077 
Action.c(140):     20.349-60.39v77.85c0 18.511 0 18.511 0.788 19.298h33.739v-1.707c0.047-0.863 0.074-1.872 0.
Action.c(140):     074-2.888s-0.027-2.026-0.080-3.028l0.006 0.14v-120.648z"\n
Action.c(140):           ],\n
Action.c(140):           "attrs": [\n
Action.c(140):             {\n
Action.c(140):               "fill": "rgb(99, 102, 106)"\n
Action.c(140):             },\n
Action.c(140):             {\n
Action.c(140):               "fill": "rgb(99, 102, 106)"\n
Action.c(140):             },\n
Action.c(140):             {\n
Action.c(140):               "fill": "rgb(99, 102, 106)"\n
Action.c(140):             }\n
Action.c(140):           ],\n
Action.c(140):           "grid": 32,\n
Action.c(140):           "tags": [\n
Action.c(140):             "in-store-mrtn"\n
Action.c(140):           ]\n
Action.c(140):         },\n
Action.c(140):         {\n
Action.c(140):           "paths": [\n
Action.c(140):             "M512 0c-282.77 0-512 229.23-512 512s229.23 512 512 512c282.77 0 512-229.23 512-51
Action.c(140):     2v0c0.001-0.429 0.002-0.938 0.002-1.446 0-281.972-228.584-510.556-510.556-510.556-0.508 0-
Action.c(140):     1.017 0.001-1.525 0.002l0.079-0zM851.364 851.364c-86.951 87.186-207.199 141.128-340.045 14
Action.c(140):     1.128-265.224 0-480.23-215.006-480.23-480.23s215.006-480.23 480.23-480.23c0.239 0 0.479 0 
Action.c(140):     0.718 0.001l-0.037-0c0.244-0 0.534-0.001 0.823-0.001 132.277 0 252.001 53.745 338.527 140.
Action.c(140):     589l0.014 0.014c42.945 42.491 77.703 93.158 101.762 149.487l1.163 3.063c23.824 55.15 37.68
Action.c(140):     1 119.364 37.681 186.814s-13.857 131.664-38.878 189.951l1.198-3.136c-25.222 59.392-59.98 1
Action.c(140):     10.059-102.884 152.509l-0.041 0.040z",\n
Action.c(140):             "M692.775 260.595c0.329-2.705 0.517-5.838 0.517-9.014 0-43.503-35.266-78.769-78.76
Action.c(140):     9-78.769s-78.769 35.266-78.769 78.769c0 2.295 0.098 4.567 0.29 6.812l-0.020-0.292c-15.887-
Action.c(140):     6.644-34.346-10.503-53.708-10.503-0.088 0-0.175 0-0.263 0l0.014-0c-76.492 1.22-139.157 58.
Action.c(140):     848-148.275 133.042l-0.074 0.735-48.574-31.508v399.623c-0.016 0.632-0.025 1.377-0.025 2.12
Action.c(140):     4 0 50.024 39.969 90.712 89.713 91.872l0.108 0.002h274.117c49.853-1.162 89.821-41.85 89.82
Action.c(140):     1-91.874 0-0.747-0.009-1.492-0.027-2.234l0.002 0.11v-399.754l-46.080 29.932zM568.845 260.5
Action.c(140):     95c0-25.159 20.396-45.555 45.555-45.555s45.555 20.396 45.555 45.555v139.947l-2.757 1.707-1
Action.c(140):     1.422-7.221-14.966-9.715c-4.641-42.502-25.571-79.383-56.318-104.813l-0.265-0.212-5.383-4.5
Action.c(140):     95zM482.068 280.418c23.805 0.014 45.876 7.428 64.040 20.066l-0.368-0.243c2.626 1.707 5.251
Action.c(140):      3.676 7.746 5.645 21.674 18.519 36.892 44.032 42.157 73.014l0.116 0.766-35.184 22.712-29.
Action.c(140):     407-18.773-19.167-12.472-48.049 31.245-49.099-31.245-47.262 31.114-1.838-1.182c-0.002-0.28
Action.c(140):     8-0.004-0.627-0.004-0.968 0-64.926 51.678-117.781 116.145-119.677l0.175-0.004zM706.035 410
Action.c(140):     .256v339.233c0.019 0.561 0.030 1.221 0.030 1.884 0 31.952-25.253 58.005-56.89 59.29l-0.116
Action.c(140):      0.004h-274.117c-31.753-1.288-57.006-27.342-57.006-59.294 0-0.662 0.011-1.322 0.032-1.98l-
Action.c(140):     0.002 0.096v-339.102l48.312 31.376h0.788l48.181-30.851 48.049 31.245 48.706-31.639 48.181 
Action.c(140):     31.376 48.443-31.376 48.574 31.245z",\n
Action.c(140):             "M582.367 571.077c-0.102-7.471-3.309-14.172-8.386-18.89l-0.016-0.015c-5.665-5.045-
Action.c(140):     13.171-8.13-21.397-8.139l-3.547-0c-7.501 0.217-13.772 5.24-15.854 12.088l-0.032 0.121-0.78
Action.c(140):     8 1.838c-4.989 12.209-14.966 36.365-19.43 46.999l-22.187-51.331c-4.852-6.036-12.235-9.866-
Action.c(140):     20.512-9.866-0.358 0-0.714 0.007-1.069 0.021l0.051-0.002c-9.321 0-27.438 6.695-27.569 21.9
Action.c(140):     24v135.221h34.921v-2.363c0-14.047 0-70.367 0-97.28 6.302 17.986 17.329 48.837 21.53 60.784
Action.c(140):     v0.656c2.048 3.623 5.437 6.284 9.478 7.329l0.106 0.023c1.694 0.555 3.643 0.876 5.667 0.876
Action.c(140):      0.64 0 1.272-0.032 1.895-0.094l-0.079 0.006c0.066 0.001 0.144 0.002 0.222 0.002 5.097 0 9
Action.c(140):     .515-2.904 11.69-7.148l0.034-0.074 20.611-59.865v77.85c0 18.379 0 18.379 0.788 19.167l0.91
Action.c(140):     9 0.788h32.952v-1.575c0-1.050 0-2.626 0-5.908v-56.976c0.131-29.538 0-62.884 0-66.166z"\n
Action.c(140):           ],\n
Action.c(140):           "attrs": [\n
Action.c(140):             {\n
Action.c(140):               "fill": "rgb(99, 102, 106)"\n
Action.c(140):             },\n
Action.c(140):             {\n
Action.c(140):               "fill": "rgb(99, 102, 106)"\n
Action.c(140):             },\n
Action.c(140):             {\n
Action.c(140):               "fill": "rgb(99, 102, 106)"\n
Action.c(140):             }\n
Action.c(140):           ],\n
Action.c(140):           "grid": 32,\n
Action.c(140):           "tags": [\n
Action.c(140):             "pick-up-mrtn"\n
Action.c(140):           ]\n
Action.c(140):         },\n
Action.c(140):         {\n
Action.c(140):           "paths": [\n
Action.c(140):             "M851.364 851.364c-86.951 87.186-207.199 141.128-340.045 141.128-265.224 0-480.23-
Action.c(140):     215.006-480.23-480.23s215.006-480.23 480.23-480.23c0.239 0 0.479 0 0.718 0.001l-0.037-0c0.
Action.c(140):     244-0 0.534-0.001 0.823-0.001 132.277 0 252.001 53.745 338.527 140.589l0.014 0.014c42.945 
Action.c(140):     42.491 77.703 93.158 101.762 149.487l1.163 3.063c23.824 55.15 37.681 119.364 37.681 186.81
Action.c(140):     4s-13.857 131.664-38.878 189.951l1.198-3.136c-25.222 59.392-59.98 110.059-102.884 152.509l
Action.c(140):     -0.041 0.040zM512 0c-282.77 0-512 229.23-512 512s229.23 512 512 512c282.77 0 512-229.23 51
Action.c(140):     2-512v0c0.001-0.429 0.002-0.938 0.002-1.446 0-281.972-228.584-510.556-510.556-510.556-0.50
Action.c(140):     8 0-1.017 0.001-1.525 0.002l0.079-0z",\n
Action.c(140):             "M651.815 621.752c-9.063 0-16.41-7.347-16.41-16.41v0-290.265h-322.297v75.093c0 9.0
Action.c(140):     63-7.347 16.41-16.41 16.41s-16.41-7.347-16.41-16.41v0-91.897c0.147-8.877 7.378-16.017 16.2
Action.c(140):     77-16.017 0.047 0 0.094 0 0.141 0.001l-0.007-0h355.118c9.063 0 16.41 7.347 16.41 16.41v0 3
Action.c(140):     06.675c0 9.063-7.347 16.41-16.41 16.41v0z",\n
Action.c(140):             "M848.476 695.795h-40.566v-32.821h24.156v-118.154c-48.968-14.047-56.32-17.986-56.3
Action.c(140):     2-31.639 0-9.977-7.352-36.365-54.876-103.319h-68.661v-32.821h77.063c5.387 0.088 10.137 2.7
Action.c(140):     37 13.096 6.78l0.033 0.047c48.574 67.085 61.834 100.168 65.641 118.81 6.302 2.363 19.167 6
Action.c(140):     .564 45.292 13.916 6.906 2.133 11.854 8.419 11.947 15.874l0 0.011v147.298c-0.218 8.894-7.4
Action.c(140):     79 16.021-16.406 16.021-0.14 0-0.28-0.002-0.419-0.005l0.021 0z",\n
Action.c(140):             "M746.47 536.681h-46.868c-9.063 0-16.41-7.347-16.41-16.41s7.347-16.41 16.41-16.41v
Action.c(140):     0h22.449l-23.106-56.845c-0.761-1.826-1.203-3.946-1.203-6.17 0-9.075 7.357-16.431 16.431-16
Action.c(140):     .431 6.851 0 12.722 4.193 15.189 10.152l0.040 0.109 32.164 
Action.c(140): t=20569ms: 6954-byte ENCODED response body received for "https://stage.peapod.com/shop/images/icons/PeapodIcons.json" (RelFrameId=1, Internal ID=13)
Action.c(140): t=20569ms: 12288-byte DECODED response body for "https://stage.peapod.com/shop/images/icons/PeapodIcons.json" (RelFrameId=1, Internal ID=13)
Action.c(140):     78.769c0.762 1.825 1.204 3.946 1.204 6.17 0 9.063-7.347 16.41-16.41 16.41-0.008 0-0.016-0-
Action.c(140):     0.024-0l0.001 0z",\n
Action.c(140):             "M723.364 741.744c-35.011-0.297-63.278-28.748-63.278-63.801 0-35.237 28.566-63.803
Action.c(140):      63.803-63.803s63.802 28.564 63.803 63.801l0 0c-0.074 35.254-28.67 63.804-63.934 63.804-0.
Action.c(140):     139 0-0.277-0-0.415-0.001l0.021 0zM723.364 646.958c-17.111 0-30.983 13.871-30.983 30.983s1
Action.c(140):     3.871 30.983 30.983 30.983c17.111 0 30.983-13.871 30.983-30.983v0c0-17.111-13.871-30.983-3
Action.c(140):     0.983-30.983v0z",\n
Action.c(140):             "M415.114 741.744c-35.181-0.075-63.672-28.612-63.672-63.803 0-35.237 28.566-63.803
Action.c(140):      63.803-63.803s63.803 28.566 63.803 63.803l-0-0c-0.075 35.254-28.67 63.803-63.934 63.803-0
Action.c(140):      0-0-0-0-0l0 0zM415.114 646.958c-16.998 0.149-30.72 13.963-30.72 30.981 0 17.111 13.871 30
Action.c(140):     .983 30.983 30.983s30.982-13.871 30.983-30.981l0-0c0-0 0-0.001 0-0.001 0-17.111-13.871-30.
Action.c(140):     983-30.983-30.983-0.092 0-0.185 0-0.277 0.001l0.014-0z",\n
Action.c(140):             "M617.026 690.412h-105.026c-9.063 0-16.41-7.347-16.41-16.41s7.347-16.41 16.41-16.4
Action.c(140):     1v0h105.026c9.063 0 16.41 7.347 16.41 16.41s-7.347 16.41-16.41 16.41v0z",\n
Action.c(140):             "M255.344 379.011h-75.487c-9.063 0-16.41-7.347-16.41-16.41s7.347-16.41 16.41-16.41
Action.c(140):     v0h75.487c9.063 0 16.41 7.347 16.41 16.41s-7.347 16.41-16.41 16.41v0z",\n
Action.c(140):             "M358.531 453.317h-144.41c-9.063 0-16.41-7.347-16.41-16.41s7.347-16.41 16.41-16.41
Action.c(140):     v0h144.41c9.063 0 16.41 7.347 16.41 16.41s-7.347 16.41-16.41 16.41v0z",\n
Action.c(140):             "M255.344 526.966h-79.819c-9.063 0-16.41-7.347-16.41-16.41s7.347-16.41 16.41-16.41
Action.c(140):     v0h79.819c9.063 0 16.41 7.347 16.41 16.41s-7.347 16.41-16.41 16.41v0z",\n
Action.c(140):             "M644.201 587.618h-347.504c-9.063 0-16.41-7.347-16.41-16.41s7.347-16.41 16.41-16.4
Action.c(140):     1v0h347.504c9.063 0 16.41 7.347 16.41 16.41s-7.347 16.41-16.41 16.41v0z",\n
Action.c(140):             "M420.89 462.769c-0.036-0.158-0.056-0.339-0.056-0.525s0.020-0.367 0.059-0.542l-0.0
Action.c(140):     03 0.017c0.072-1.465 1.277-2.626 2.754-2.626 0.001 0 0.002 0 0.003 0l101.481-0c1.45 0 2.62
Action.c(140):     6 1.176 2.626 2.626v0c0.036 0.158 0.056 0.339 0.056 0.525s-0.020 0.367-0.059 0.542l0.003-0
Action.c(140):     .017c-9.875 19.855-30.023 33.258-53.301 33.258s-43.425-13.404-53.145-32.914l-0.155-0.344z"
Action.c(140):     ,\n
Action.c(140):             "M434.281 393.846v-0.788c0.376-0.356 0.884-0.575 1.444-0.575s1.069 0.219 1.445 0.5
Action.c(140):     76l-0.001-0.001 56.189 56.189c0.395 0.382 0.64 0.917 0.64 1.51s-0.245 1.127-0.64 1.509l-0.
Action.c(140):     001 0.001c-4.5 1.602-9.69 2.528-15.096 2.528-25.594 0-46.343-20.748-46.343-46.343 0-5.224 
Action.c(140):     0.864-10.247 2.458-14.932l-0.096 0.326z",\n
Action.c(140):             "M488.632 377.961h0.656c0.87 0 1.575 0.705 1.575 1.575v0 0 57.108c0 0.87-0.705 1.5
Action.c(140):     75-1.575 1.575v0h-0.656c-11.3-5.462-18.955-16.836-18.955-29.998s7.656-24.536 18.757-29.911
Action.c(140):     l0.198-0.086z",\n
Action.c(140):             "M527.097 408.812v0c0.196 0.228 0.315 0.527 0.315 0.853s-0.119 0.625-0.317 0.855l0
Action.c(140):     .001-0.002-29.801 33.083c-0.208 0.187-0.485 0.301-0.788 0.301s-0.58-0.114-0.789-0.302l0.00
Action.c(140):     1 0.001s0 0 0 0v0c-0.858-2.629-1.353-5.655-1.353-8.797 0-7.408 2.752-14.174 7.289-19.33l-0
Action.c(140):     .028 0.033c4.215-4.91 10.429-8.001 17.364-8.001 2.864 0 5.604 0.527 8.13 1.489l-0.157-0.05
Action.c(140):     2z"\n
Action.c(140):           ],\n
Action.c(140):           "attrs": [\n
Action.c(140):             {\n
Action.c(140):               "fill": "rgb(99, 102, 106)"\n
Action.c(140):             },\n
Action.c(140):             {\n
Action.c(140):               "fill": "rgb(99, 102, 106)"\n
Action.c(140):             },\n
Action.c(140):             {\n
Action.c(140):               "fill": "rgb(99, 102, 106)"\n
Action.c(140):             },\n
Action.c(140):             {\n
Action.c(140):               "fill": "rgb(99, 102, 106)"\n
Action.c(140):             },\n
Action.c(140):             {\n
Action.c(140):               "fill": "rgb(99, 102, 106)"\n
Action.c(140):             },\n
Action.c(140):             {\n
Action.c(140):               "fill": "rgb(99, 102, 106)"\n
Action.c(140):             },\n
Action.c(140):             {\n
Action.c(140):               "fill": "rgb(99, 102, 106)"\n
Action.c(140):             },\n
Action.c(140):             {\n
Action.c(140):               "fill": "rgb(99, 102, 106)"\n
Action.c(140):             },\n
Action.c(140):             {\n
Action.c(140):               "fill": "rgb(99, 102, 106)"\n
Action.c(140):             },\n
Action.c(140):             {\n
Action.c(140):               "fill": "rgb(99, 102, 106)"\n
Action.c(140):             },\n
Action.c(140):             {\n
Action.c(140):               "fill": "rgb(99, 102, 106)"\n
Action.c(140):             },\n
Action.c(140):             {\n
Action.c(140):               "fill": "rgb(99, 102, 106)"\n
Action.c(140):             },\n
Action.c(140):             {\n
Action.c(140):               "fill": "rgb(99, 102, 106)"\n
Action.c(140):             },\n
Action.c(140):             {\n
Action.c(140):               "fill": "rgb(99, 102, 106)"\n
Action.c(140):             },\n
Action.c(140):             {\n
Action.c(140):               "fill": "rgb(99, 102, 106)"\n
Action.c(140):             }\n
Action.c(140):           ],\n
Action.c(140):           "grid": 32,\n
Action.c(140):           "tags": [\n
Action.c(140):             "delivery-gntl"\n
Action.c(140):           ]\n
Action.c(140):         },\n
Action.c(140):         {\n
Action.c(140):           "paths": [\n
Action.c(140):             "M840.587 851.475c-42.029 42.64-92.017 77.304-147.574 101.602l-3.044 1.187c-54.36 
Action.c(140):     23.843-117.72 37.718-184.32 37.718s-129.96-13.876-187.346-38.893l3.026 1.175c-114.476-50.0
Action.c(140):     54-203.672-140.176-251.319-252.225l-1.181-3.127c-23.525-55.138-37.201-119.285-37.201-186.6
Action.c(140):     26 0-0.101 0-0.201 0-0.302l-0 0.016c-0.001-0.43-0.002-0.939-0.002-1.448 0-129.975 51.606-2
Action.c(140):     47.897 135.446-334.394l-0.12 0.125c85.117-88.968 204.792-144.269 337.384-144.269 0.417 0 0
Action.c(140):     .833 0.001 1.25 0.002l-0.065-0c0.407-0.001 0.89-0.002 1.372-0.002 66.176 0 129.11 13.879 1
Action.c(140):     86.050 38.886l-2.973-1.164c114.325 50.175 203.402 140.262 251.057 252.221l1.184 3.131c23.5
Action.c(140):     26 55.227 37.202 119.473 37.202 186.912s-13.676 131.685-38.405 190.114l1.203-3.202c-24.931
Action.c(140):      59.309-59.252 109.964-101.643 152.584l0.021-0.021zM505.519 0c-141.79 0.012-269.82 58.91-3
Action.c(140):     60.971 153.572l-0.151 0.158c-89.344 92.476-144.397 218.58-144.397 357.542 0 0.256 0 0.512 
Action.c(140):     0.001 0.769l-0-0.040c0 282.831 226.576 512 505.519 512s505.519-229.169 505.519-512-226.187
Action.c(140):     -512-505.519-512z",\n
Action.c(140):             "M174.987 492.557c-10.758 0-19.443 5.703-19.443 12.962s9.073 12.962 19.832 12.962 
Action.c(140):     19.054-5.963 19.054-12.962-9.073-12.962-19.443-12.962z",\n
Action.c(140):             "M155.544 557.367c0 7.129 8.555 12.962 19.184 12.962s19.702-5.963 19.702-12.962-8.
Action.c(140):     944-12.962-19.573-12.962-19.313 5.963-19.313 12.962z",\n
Action.c(140):             "M468.966 477.003c-0-0.039-0-0.084-0-0.13 0-18.684 15.147-33.831 33.831-33.831s33.
Action.c(140):     831 15.147 33.831 33.831c0 18.684-15.146 33.831-33.831 33.831l-0-0c-0 0-0 0-0 0-18.639 0-3
Action.c(140):     3.757-15.073-33.831-33.694l-0-0.007zM568.514 477.003c0-0.077 0.001-0.168 0.001-0.259 0-36.
Action.c(140):     295-29.423-65.717-65.717-65.717s-65.717 29.423-65.717 65.717c0 36.295 29.422 65.717 65.717
Action.c(140):      65.717l-0-0c0.039 0 0.084 0 0.13 0 36.178 0 65.514-29.291 65.588-65.451l0-0.007zM849.531 
Action.c(140):     697.357h-35.775c-8.515-33.101-38.094-57.168-73.294-57.168-33.11 0-61.246 21.294-71.462 50.
Action.c(140):     933l-0.159 0.531v-113.418h77.772c12.165-0.011 22.886-6.181 29.215-15.559l0.080-0.125c3.627
Action.c(140):     -5.4 5.789-12.049 5.789-19.202 0-5.059-1.081-9.866-3.026-14.201l0.088 0.22-12.962-31.368c-
Action.c(140):     5.575-12.464-17.864-20.992-32.145-20.998l-64.811-0v-13.999h102.53v0.648l50.552 90.734c4.88
Action.c(140):     5 10.537 15.136 17.835 27.149 18.403l0.071 0.003zM740.391 759.445c-24.069-0.074-43.552-19.
Action.c(140):     602-43.552-43.682 0-24.125 19.557-43.682 43.682-43.682s43.682 19.557 43.682 43.682l0 0c-0.
Action.c(140):     293 23.901-19.736 43.164-43.679 43.164-0.047 0-0.093-0-0.14-0l0.007 0zM668.841 508.759h64.
Action.c(140):     81c0.049-0.003 0.107-0.005 0.165-0.005 1.177 0 2.194 0.682 2.679 1.672l0.008 0.018 12.962 
Action.c(140):     31.757c0.184 0.421 0.292 0.911 0.292 1.426s-0.107 1.005-0.301 1.449l0.009-0.023c-0.695 0.8
Action.c(140):     22-1.705 1.36-2.841 1.425l-0.011 0h-77.772zM276.869 758.927c-24.069-0.074-43.552-19.602-43
Action.c(140):     .552-43.682 0-24.125 19.557-43.682 43.682-43.682s43.682 19.557 43.682 43.682l0 0c0 0 0 0 0
Action.c(140):      0 0 24.125-19.557 43.682-43.682 43.682-0.046 0-0.091-0-0.137-0l0.007 0zM851.346 540.776v0
Action.c(140):     l-50.552-90.734c-5.018-10.943-15.878-18.407-28.481-18.407-0.058 0-0.116 0-0.174 0l0.009-0h
Action.c(140):     -103.307v-51.848c0-30.783-24.954-55.737-55.737-55.737h-401.823c-0-0-0-0-0-0-30.737 0-55.66
Action.c(140):     3 24.88-55.737 55.6l-0 0.007v86.975c0 8.805 7.138 15.943 15.943 15.943s15.943-7.138 15.943
Action.c(140):     -15.943v-86.975c0.073-13.143 10.708-23.777 23.843-23.85l0.007-0h401.823c13.143 0.073 23.77
Action.c(140):     7 10.708 23.85 23.843l0 0.007v291.905c-0.073 13.143-10.708 23.777-23.843 23.85l-0.007 0h-2
Action.c(140):     63.129c-9.151-32.252-38.337-55.481-72.948-55.481-34.185 0-63.077 22.66-72.476 53.778l-0.13
Action.c(140):     9 0.536c-9.723-3.157-16.643-12.102-16.721-22.674l-0-0.009v-65.588c0-8.805-7.138-15.943-15.
Action.c(140):     943-15.943s-15.943 7.138-15.943 15.943v-0 65.588c0.268 27.24 20.081 49.774 46.073 54.264l0
Action.c(140):     .331 0.047c5.463 36.836 36.866 64.779 74.794 64.779 37.606 0 68.796-27.469 74.6-63.438l0.0
Action.c(140):     58-0.433h261.444c11.669-0.13 22.468-3.744 31.437-9.849l-0.198 0.127c5.269 6.311 12.914 10.
Action.c(140):     486 21.542 11.141l0.105 0.006c6.667 35.555 37.467 62.1 74.467 62.1s67.8-26.545 74.393-61.6
Action.c(140):     3l0.073-0.47h34.997c0.002 0 0.004 0 0.007 0 17.168 0 31.128-13.735 31.49-30.816l0.001-0.03
Action.c(140):     4v-125.084c-0.050-16.881-13.319-30.647-29.996-31.495l-0.076-0.003z"\n
Action.c(140):           ],\n
Action.c(140):           "attrs": [\n
Action.c(140):             {\n
Action.c(140):               "fill": "rgb(99, 102, 106)"\n
Action.c(140):             },\n
Action.c(140):             {\n
Action.c(140):               "fill": "rgb(99, 102, 106)"\n
Action.c(140):             },\n
Action.c(140):             {\n
Action.c(140):               "fill": "rgb(99, 102, 106)"\n
Action.c(140):             },\n
Action.c(140):             {\n
Action.c(140):               "fill": "rgb(99, 102, 106)"\n
Action.c(140):             }\n
Action.c(140):           ],\n
Action.c(140):           "width": 1011,\n
Action.c(140):           "grid": 32,\n
Action.c(140):           "tags": [\n
Action.c(140):             "delivery-stsh"\n
Action.c(140):           ]\n
Action.c(140):         },\n
Action.c(140):         {\n
Action.c(140):           "paths": [\n
Action.c(140):             "M851.364 851.364c-86.951 87.186-207.199 141.128-340.045 141.128-265.224 0-480.23-
Action.c(140):     215.006-480.23-480.23s215.006-480.23 480.23-480.23c0.239 0 0.479 0 0.718 0.001l-0.037-0c0.
Action.c(140):     244-0 0.534-0.001 0.823-0.001 132.277 0 252.001 53.745 338.527 140.589l0.014 0.014c42.945 
Action.c(140):     42.491 77.703 93.158 101.762 149.487l1.163 3.063c23.824 55.15 37.681 119.364 37.681 186.81
Action.c(140):     4s-13.857 131.664-38.878 189.951l1.198-3.136c-25.222 59.392-59.98 110.059-102.884 152.509l
Action.c(140):     -0.041 0.040zM512 0c-282.77 0-512 229.23-512 512s229.23 512 512 512c282.77 0 512-229.23 51
Action.c(140):     2-512v0c0.001-0.429 0.002-0.938 0.002-1.446 0-281.972-228.584-510.556-510.556-510.556-0.50
Action.c(140):     8 0-1.017 0.001-1.525 0.002l0.079-0z",\n
Action.c(140):             "M214.777 614.4c-8.556 0-15.491 6.936-15.491 15.491s6.936 15.491 15.491 15.491h0c8
Action.c(140):     .556 0 15.491-6.936 15.491-15.491s-6.936-15.491-15.491-15.491h0z",\n
Action.c(140):             "M199.286 673.608c0.148 8.442 7.026 15.229 15.489 15.229 0.001 0 0.002-0 0.002-0l-
Action.c(140):     0 0c8.556 0 15.491-6.936 15.491-15.491s-6.936-15.491-15.491-15.491h-0c-0.081-0.002-0.176-0
Action.c(140):     .002-0.272-0.002-8.411 0-15.229 6.818-15.229 15.229 0 0.186 0.003 0.37 0.010 0.554l-0.001-
Action.c(140):     0.027z",\n
Action.c(140):             "M483.906 562.675h262.564v137.584h-262.564zM761.436 730.716c8.324-0.147 15.025-6.8
Action.c(140):     93 15.097-15.222l0-0.007v-168.041c0-0.039 0.001-0.086 0.001-0.132 0-8.266-6.701-14.966-14.
Action.c(140):     966-14.966-0.046 0-0.093 0-0.139 0.001l0.007-0h-292.759c-0.039-0-0.085-0.001-0.131-0.001-8
Action.c(140):     .338 0-15.097 6.759-15.097 15.097 0 0 0 0 0 0.001l-0-0v168.041c0.074 8.381 6.848 15.155 15
Action.c(140):     .222 15.229l0.007 0zM864.886 472.615h-706.691v-26.256h706.691zM274.117 323.61h478.129l91.8
Action.c(140):     97 89.141h-658.773zM739.774 238.146v55.007h-456.205v-54.876zM286.326 554.273h106.338v228.4
Action.c(140):     31h-106.338zM891.536 417.214l-120.779-118.154v-75.881c0-8.411-6.818-15.229-15.229-15.229v0
Action.c(140):     h-487.056c-8.411 0-15.229 6.818-15.229 15.229h0v78.769l-114.215 113.953c-6.474 1.743-11.16
Action.c(140):     1 7.562-11.161 14.474 0 0.081 0.001 0.161 0.002 0.241l-0-0.012v56.845c0.074 8.381 6.848 15
Action.c(140):     .155 15.222 15.229l0.007 0h55.007v79.951c0 8.411 6.818 15.229 15.229 15.229s15.229-6.818 1
Action.c(140):     5.229-15.229v0-79.557h572.258v282.65h-377.698v-246.679c0-0 0-0 0-0.001 0-8.338-6.759-15.09
Action.c(140):     7-15.097-15.097-0.046 0-0.092 0-0.138 0.001l0.007-0h-136.796c-0.039-0-0.086-0.001-0.132-0.
Action.c(140):     001-8.266 0-14.966 6.701-14.966 14.966 0 0.046 0 0.093 0.001 0.139l-0-0.007v246.679h-27.43
Action.c(140):     8v-68.004c0-8.411-6.818-15.229-15.229-15.229s-15.229 6.818-15.229 15.229v-0 83.102c0.074 8
Action.c(140):     .381 6.848 15.155 15.222 15.229l0.007 0h602.978c8.381-0.074 15.155-6.848 15.229-15.222l0-0
Action.c(140):     .007v-297.748h48.049c8.323-0.214 15.015-6.906 15.228-15.209l0-0.020v-54.613c0.633-1.611 1.
Action.c(140):     001-3.477 1.001-5.429 0-4.116-1.633-7.851-4.287-10.592l0.004 0.004z"\n
Action.c(140):           ],\n
Action.c(140):           "attrs": [\n
Action.c(140):             {\n
Action.c(140):               "fill": "rgb(99, 102, 106)"\n
Action.c(140):             },\n
Action.c(140):             {\n
Action.c(140):               "fill": "rgb(99, 102, 106)"\n
Action.c(140):             },\n
Action.c(140):             {\n
Action.c(140):               "fill": "rgb(99, 102, 106)"\n
Action.c(140):             },\n
Action.c(140):             {\n
Action.c(140):               "fill": "rgb(99, 102, 106)"\n
Action.c(140):             }\n
Action.c(140):           ],\n
Action.c(140):           "grid": 32,\n
Action.c(140):           "tags": [\n
Action.c(140):             "in-store-stsh"\n
Action.c(140):           ]\n
Action.c(140):         },\n
Action.c(140):         {\n
Action.c(140):           "paths": [\n
Action.c(140):             "M851.475 851.475c-42.711 42.547-93.317 77.203-149.425 101.575l-3.138 1.214c-55.17
Action.c(140):     7 23.851-119.425 37.723-186.912 37.723s-131.736-13.872-190.048-38.921l3.135 1.198c-59.272-
Action.c(140):     25.514-109.889-60.181-152.569-102.795l0.006 0.006c-86.934-86.911-140.705-206.99-140.705-33
Action.c(140):     9.629 0-130.628 52.154-249.075 136.776-335.654l-0.088 0.091c42.927-44.076 94.204-79.777 15
Action.c(140):     1.309-104.583l3.069-1.187c55.719-24.321 120.642-38.473 188.87-38.473 67.525 0 131.812 13.8
Action.c(140):     61 190.172 38.894l-3.143-1.199c115.46 49.735 205.617 139.892 254.154 252.236l1.198 3.116c2
Action.c(140):     3.995 55.179 37.955 119.454 37.955 186.99 0 132.572-53.791 252.581-140.738 339.392l-0.006 
Action.c(140):     0.006zM512 0c-282.77 0-512 229.23-512 512s229.23 512 512 512c282.77 0 512-229.23 512-512v0
Action.c(140):     c0.001-0.27 0.001-0.589 0.001-0.908 0-282.269-228.824-511.093-511.093-511.093-0.319 0-0.63
Action.c(140):     8 0-0.958 0.001l0.049-0z",\n
Action.c(140):             "M720.948 400.527c1.105-0.176 2.378-0.276 3.675-0.276 5.271 0 10.155 1.656 14.161 
Action.c(140):     4.476l-0.078-0.052c4.919 3.717 8.364 9.158 9.44
Action.c(140): t=20600ms: 8169-byte DECODED response body for "https://stage.peapod.com/shop/images/icons/PeapodIcons.json" (RelFrameId=1, Internal ID=13)
Action.c(140):     2 15.409l0.021 0.146 7.259 46.404 2.852 17.758h-48.608l-8.944-56.644c-0.175-1.084-0.274-2.
Action.c(140):     334-0.274-3.607 0-11.989 8.845-21.911 20.366-23.597l0.129-0.016zM817.515 444.468c0.078-0.0
Action.c(140):     01 0.17-0.001 0.262-0.001 17.045 0 30.888 13.708 31.106 30.7l0 0.021c-0.011 3.425-0.532 6.
Action.c(140):     724-1.489 9.831l0.063-0.239h-56.774l-3.111-19.443c4.405-12.261 15.931-20.872 29.468-20.872
Action.c(140):      0.167 0 0.333 0.001 0.499 0.004l-0.025-0zM880.251 485.428c0.577-3.009 0.908-6.469 0.908-1
Action.c(140):     0.007 0-0.082-0-0.164-0.001-0.246l0 0.013c-0.438-34.528-28.53-62.35-63.12-62.35-0.184 0-0.
Action.c(140):     368 0.001-0.551 0.002l0.028-0c-0.075-0-0.164-0-0.252-0-13.404 0-25.847 4.119-36.131 11.16l
Action.c(140):     0.219-0.142-1.426-8.425c-4.181-27.171-27.396-47.734-55.413-47.734-30.945 0-56.030 25.086-5
Action.c(140):     6.030 56.030 0 2.927 0.225 5.803 0.657 8.609l-0.040-0.313 8.296 54.441c-5.428 2.506-9.14 7
Action.c(140):     .876-9.203 14.12l-0 0.008v167.729c0.655 46.244 38.296 83.48 84.634 83.48 0.322 0 0.643-0.0
Action.c(140):     02 0.964-0.005l-0.049 0h55.218c0.132 0.001 0.289 0.001 0.446 0.001 40.743 0 74.804-28.612 
Action.c(140):     83.185-66.84l0.104-0.564c0.177-0.896 0.279-1.927 0.279-2.981 0-8.887-7.205-16.092-16.092-1
Action.c(140):     6.092-7.833 0-14.359 5.597-15.797 13.010l-0.016 0.101c-5.263 24.022-26.359 41.738-51.592 4
Action.c(140):     1.738-0.090 0-0.18-0-0.27-0.001l0.014 0h-55.477c-0.194 0.003-0.424 0.004-0.654 0.004-28.79
Action.c(140):     2 0-52.184-23.122-52.62-51.811l-0-0.041v-151.915h159.951v23.072c0.072 8.75 7.182 15.816 15
Action.c(140):     .943 15.816 0.091 0 0.182-0.001 0.273-0.002l-0.014 0c8.79-0.212 15.861-7.283 16.073-16.053
Action.c(140):     l0-0.020v-38.886c-0.213-7.333-5.427-13.389-12.34-14.888l-0.103-0.019zM299.682 566.311c-1.3
Action.c(140):     77 25.954-22.758 46.477-48.932 46.477s-47.554-20.523-48.926-46.355l-0.005-0.122c0.767-8.30
Action.c(140):     4 7.699-14.755 16.138-14.755s15.371 6.451 16.133 14.691l0.005 0.064c0.78 8.58 7.939 15.25 
Action.c(140):     16.656 15.25s15.876-6.67 16.651-15.185l0.005-0.065c0.767-8.304 7.699-14.755 16.138-14.755s
Action.c(140):     15.371 6.451 16.133 14.691l0.005 0.064zM454.449 594.698c0 0.001 0 0.001 0 0.002 0 8.734-7.
Action.c(140):     080 15.814-15.814 15.814-0.091 0-0.182-0.001-0.273-0.002l0.014 0h-95.789c-0.429 0.041-0.92
Action.c(140):     7 0.065-1.43 0.065-8.734 0-15.814-7.080-15.814-15.814s7.080-15.814 15.814-15.814c0.504 0 1
Action.c(140):     .002 0.024 1.493 0.070l-0.063-0.005h95.789c0.077-0.001 0.168-0.002 0.26-0.002 8.689 0 15.7
Action.c(140):     41 7.008 15.813 15.679l0 0.007zM454.449 539.479c0 0.001 0 0.001 0 0.002 0 8.734-7.080 15.8
Action.c(140):     14-15.814 15.814-0.091 0-0.182-0.001-0.273-0.002l0.014 0h-95.789c-8.734 0-15.814-7.080-15.
Action.c(140):     814-15.814s7.080-15.814 15.814-15.814h95.789c0.039-0 0.084-0.001 0.13-0.001 8.76 0 15.87 7
Action.c(140):     .065 15.943 15.807l0 0.007zM579.014 566.311c0 26.988-21.878 48.867-48.867 48.867s-48.867-2
Action.c(140):     1.878-48.867-48.867v0c0-8.877 7.196-16.073 16.073-16.073s16.073 7.196 16.073 16.073l-0-0c0
Action.c(140):      9.235 7.486 16.721 16.721 16.721s16.721-7.486 16.721-16.721v0c0-8.877 7.196-16.073 16.073
Action.c(140):     -16.073s16.073 7.196 16.073 16.073v-0zM606.104 607.141c-0.292 24.975-20.606 45.11-45.623 4
Action.c(140):     5.11-0.138 0-0.275-0.001-0.413-0.002l0.021 0h-339.735c-0.116 0.001-0.254 0.002-0.392 0.002
Action.c(140):     -25.017 0-45.331-20.134-45.623-45.082l-0-0.028v-95.271c0.219-25.032 20.562-45.239 45.625-4
Action.c(140):     5.239 0.137 0 0.274 0.001 0.411 0.002l-0.021-0h339.735c0.078-0 0.171-0.001 0.264-0.001 25.
Action.c(140):     043 0 45.387 20.118 45.751 45.074l0 0.034zM530.147 720.17c-0.078 0.001-0.17 0.001-0.262 0.
Action.c(140):     001-15.613 0-28.295-12.547-28.514-28.108l-0-0.021c-0.007-0.221-0.011-0.481-0.011-0.742 0-2
Action.c(140):     .654 0.431-5.207 1.227-7.593l-0.049 0.169h54.829c0.747 2.217 1.178 4.77 1.178 7.424 0 0.26
Action.c(140):     1-0.004 0.521-0.012 0.78l0.001-0.038c-0.218 15.537-12.829 28.056-28.38 28.128l-0.007 0zM27
Action.c(140):     9.591 692.043c0 15.892-12.883 28.776-28.776 28.776s-28.776-12.883-28.776-28.776h-0c-0.007-
Action.c(140):     0.221-0.011-0.481-0.011-0.742 0-2.654 0.431-5.207 1.227-7.593l-0.049 0.169h55.218c0.63 2.4
Action.c(140):     12 1.049 5.211 1.164 8.089l0.002 0.078zM241.871 312.255c5.1-19.888 22.866-34.353 44.010-34
Action.c(140):     .353 0.204 0 0.407 0.001 0.61 0.004l-0.031-0h86.068v157.229h-152.174c-3.241 0-6.351 0-9.20
Action.c(140):     3 0zM537.276 312.255l29.942 123.528c-1.065-0.058-2.311-0.092-3.565-0.092s-2.5 0.033-3.737 
Action.c(140):     0.099l0.173-0.007h-155.544v-157.877h88.012c0.091-0.001 0.199-0.001 0.307-0.001 21.242 0 39
Action.c(140):     .113 14.434 44.339 34.030l0.073 0.32zM603.512 448.486l-35.127-143.619c-8.851-33.942-39.232
Action.c(140):     -58.59-75.369-58.59-0.161 0-0.322 0-0.483 0.001l0.025-0h-206.096c-0.175-0.001-0.381-0.002-
Action.c(140):     0.588-0.002-36.138 0-66.519 24.648-75.249 58.049l-0.12 0.541-35.386 144.915c-19.615 13.946
Action.c(140):     -32.315 36.511-32.534 62.054l-0 0.034v95.271c0.192 32.030 20.046 59.375 48.092 70.591l0.51
Action.c(140):     6 0.182c-0.894 4.242-1.412 9.121-1.426 14.118l-0 0.010c1.544 32.485 28.258 58.239 60.986 5
Action.c(140):     8.239s59.442-25.753 60.981-58.101l0.005-0.138c0.068-1.22 0.106-2.647 0.106-4.083s-0.038-2.
Action.c(140):     863-0.114-4.281l0.008 0.198h158.007c-0.334 2.373-0.567 5.197-0.646 8.060l-0.002 0.106c1.54
Action.c(140):     4 32.485 28.258 58.239 60.986 58.239s59.442-25.753 60.981-58.101l0.005-0.138c0-0.057 0-0.1
Action.c(140):     25 0-0.193 0-4.947-0.615-9.751-1.772-14.339l0.086 0.404c28.691-11.29 48.668-38.673 48.867-
Action.c(140):     70.748l0-0.025v-95.271c-0.023-26.504-13.733-49.801-34.444-63.206l-0.295-0.179z",\n
Action.c(140):             "M881.418 583.291c0 7.159-5.803 12.962-12.962 12.962s-12.962-5.803-12.962-12.962c0
Action.c(140):     -7.159 5.803-12.962 12.962-12.962s12.962 5.803 12.962 12.962z",\n
Action.c(140):             "M881.418 635.139c0 7.159-5.803 12.962-12.962 12.962s-12.962-5.803-12.962-12.962c0
Action.c(140):     -7.159 5.803-12.962 12.962-12.962s12.962 5.803 12.962 12.962z"\n
Action.c(140):           ],\n
Action.c(140):           "attrs": [\n
Action.c(140):             {\n
Action.c(140):               "fill": "rgb(99, 102, 106)"\n
Action.c(140):             },\n
Action.c(140):             {\n
Action.c(140):               "fill": "rgb(99, 102, 106)"\n
Action.c(140):             },\n
Action.c(140):             {\n
Action.c(140):               "fill": "rgb(99, 102, 106)"\n
Action.c(140):             },\n
Action.c(140):             {\n
Action.c(140):               "fill": "rgb(99, 102, 106)"\n
Action.c(140):             }\n
Action.c(140):           ],\n
Action.c(140):           "grid": 32,\n
Action.c(140):           "tags": [\n
Action.c(140):             "pick-up-stsh"\n
Action.c(140):           ]\n
Action.c(140):         },\n
Action.c(140):         {\n
Action.c(140):           "paths": [\n
Action.c(140):             "M463.331 856.253h26.93v10.058c2.974-3.775 6.788-6.757 11.17-8.687l0.186-0.073c4.7
Action.c(140):     59-2.246 10.338-3.557 16.223-3.557s11.464 1.311 16.46 3.657l-0.237-0.1c5.095 2.544 9.335 6
Action.c(140):     .109 12.589 10.454l0.065 0.091c3.381 4.211 6 9.195 7.552 14.629l0.072 0.296c1.647 5.135 2.
Action.c(140):     597 11.043 2.597 17.172 0 0.123-0 0.245-0.001 0.367l0-0.019c0.008 0.339 0.013 0.738 0.013 
Action.c(140):     1.138 0 7.516-1.617 14.654-4.523 21.086l0.131-0.323c-2.523 6.391-6.277 11.811-11.004 16.19
Action.c(140):     8l-0.028 0.025c-4.539 3.934-9.957 6.992-15.907 8.838l-0.316 0.084c-4.817 1.744-10.378 2.80
Action.c(140):     5-16.171 2.919l-0.052 0.001c-0.375 0.012-0.816 0.020-1.259 0.020-3.412 0-6.725-0.421-9.89-
Action.c(140):     1.214l0.28 0.059-7.787-2.271v39.422h-27.093zM491.234 923.417c4.085 2.39 8.995 3.801 14.234
Action.c(140):      3.801 0.7 0 1.394-0.025 2.082-0.075l-0.092 0.005c0.331 0.019 0.717 0.030 1.106 0.030 6.01
Action.c(140):     4 0 11.411-2.639 15.098-6.822l0.019-0.022c3.761-4.634 6.038-10.605 6.038-17.107 0-0.488-0.
Action.c(140):     013-0.973-0.038-1.454l0.003 0.067c0.001-0.074 0.001-0.161 0.001-0.248 0-3.028-0.415-5.96-1
Action.c(140):     .191-8.741l0.054 0.228c-0.664-2.834-1.785-5.33-3.294-7.539l0.049 0.076c-1.504-2.174-3.465-
Action.c(140):     3.928-5.753-5.149l-0.087-0.043c-2.424-1.234-5.286-1.957-8.317-1.957-0.213 0-0.425 0.004-0.
Action.c(140):     636 0.011l0.031-0.001c-0.049-0-0.107-0.001-0.166-0.001-2.942 0-5.73 0.658-8.226 1.835l0.11
Action.c(140):     8-0.050c-2.364 1.189-4.359 2.77-5.98 4.678l-0.022 0.027c-1.556 1.893-2.821 4.099-3.683 6.4
Action.c(140):     98l-0.048 0.154c-0.721 2.143-1.137 4.61-1.137 7.175 0 0.101 0.001 0.202 0.002 0.303l-0-0.0
Action.c(140):     15z",\n
Action.c(140):             "M570.241 901.84c-0.003-0.201-0.005-0.438-0.005-0.675 0-6.598 1.313-12.89 3.692-18
Action.c(140):     .628l-0.119 0.323c4.822-11.738 13.85-20.924 25.163-25.838l0.307-0.119c5.917-2.365 12.776-3
Action.c(140):     .736 19.954-3.736s14.037 1.371 20.327 3.866l-0.373-0.13c5.932 2.639 10.99 6.191 15.241 10.
Action.c(140):     536l0.009 0.009c4.3 4.518 7.719 9.919 9.952 15.899l0.106 0.324c2.261 5.415 3.574 11.707 3.
Action.c(140):     574 18.306 0 0.238-0.002 0.475-0.005 0.711l0-0.036c0.015 0.447 0.023 0.973 0.023 1.501 0 5
Action.c(140):     .982-1.079 11.711-3.053 17.005l0.11-0.336c-4.691 11.771-13.692 20.983-25.005 25.841l-0.303
Action.c(140):      0.116c-5.903 2.464-12.762 3.896-19.954 3.896s-14.051-1.432-20.306-4.025l0.352 0.129c-6.00
Action.c(140):     5-2.53-11.126-6.038-15.407-10.378l-0.005-0.005c-4.281-4.528-7.697-9.926-9.95-15.895l-0.109
Action.c(140):     -0.328c-2.469-5.38-4-11.65-4.216-18.254l-0.002-0.078zM618.91 926.337c0.122 0.002 0.265 0.0
Action.c(140):     04 0.409 0.004 3.263 0 6.357-0.719 9.135-2.007l-0.134 0.056c2.701-1.383 4.97-3.238 6.783-5
Action.c(140):     .477l0.031-0.039c1.862-2.235 3.308-4.889 4.178-7.792l0.040-0.157c0.924-2.712 1.458-5.836 1
Action.c(140):     .458-9.085s-0.533-6.373-1.518-9.29l0.060 0.205c-0.871-3.013-2.322-5.62-4.238-7.811l0.020 0
Action.c(140):     .024c-1.805-2.272-4.086-4.085-6.7-5.306l-0.114-0.048c-2.58-1.334-5.632-2.117-8.866-2.117-0
Action.c(140):     .191 0-0.381 0.003-0.571 0.008
Action.c(140): t=20621ms: 4229-byte ENCODED response body received for "https://stage.peapod.com/shop/images/icons/PeapodIcons.json" (RelFrameId=1, Internal ID=13)
Action.c(140): t=20621ms: 11687-byte DECODED response body for "https://stage.peapod.com/shop/images/icons/PeapodIcons.json" (RelFrameId=1, Internal ID=13)
Action.c(140):     l0.028-0.001c-0.129-0.003-0.281-0.005-0.433-0.005-3.271 0-6.36 0.781-9.091 2.166l0.115-0.0
Action.c(140):     53c-2.758 1.315-5.082 3.121-6.951 5.324l-0.025 0.030c-1.715 2.221-3.096 4.808-4.005 7.607l
Action.c(140):     -0.051 0.18c-0.924 2.712-1.458 5.836-1.458 9.085s0.533 6.373 1.518 9.29l-0.060-0.205c0.998
Action.c(140):      3.035 2.375 5.671 4.111 8.027l-0.055-0.078c1.932 2.238 4.245 4.085 6.848 5.455l0.128 0.06
Action.c(140):     1c2.679 1.235 5.813 1.955 9.116 1.955 0.217 0 0.434-0.003 0.65-0.009l-0.032 0.001z",\n
Action.c(140):             "M672.771 856.253h28.877l16.223 58.728 17.683-58.728h22.063l18.008 58.728 16.223-5
Action.c(140):     8.728h28.228l-31.635 91.336h-25.957l-16.223-50.94-16.223 50.94h-25.957z",\n
Action.c(140):             "M914.657 937.693l-4.705 3.245c-2.32 1.557-4.984 3.021-7.776 4.249l-0.335 0.131c-3
Action.c(140):     .309 1.412-7.264 2.694-11.349 3.636l-0.494 0.096c-4.362 1.045-9.37 1.645-14.517 1.645-0.6 
Action.c(140):     0-1.198-0.008-1.793-0.024l0.088 0.002c-0.332 0.007-0.722 0.011-1.114 0.011-7.117 0-13.927-
Action.c(140):     1.313-20.202-3.71l0.388 0.13c-6.326-2.266-11.741-5.696-16.233-10.068l0.010 0.010c-4.297-4.
Action.c(140):     225-7.671-9.374-9.803-15.126l-0.093-0.286c-2.161-5.721-3.411-12.335-3.411-19.241 0-0.251 0
Action.c(140):     .002-0.501 0.005-0.751l-0 0.038c-0.002-0.173-0.003-0.377-0.003-0.581 0-6.379 1.192-12.481 
Action.c(140):     3.365-18.093l-0.117 0.342c2.014-6.287 5.18-11.705 9.283-16.263l-0.035 0.040c4.045-4.436 8.
Action.c(140):     961-8.001 14.488-10.437l0.275-0.108c5.549-2.567 12.043-4.065 18.887-4.065 0.318 0 0.636 0.
Action.c(140):     003 0.953 0.010l-0.047-0.001c0.32-0.008 0.696-0.013 1.073-0.013 6.66 0 12.984 1.438 18.679
Action.c(140):      4.022l-0.284-0.115c5.65 2.537 10.379 6.226 14.058 10.797l0.056 0.072c3.87 4.548 6.875 9.9
Action.c(140):     66 8.678 15.906l0.083 0.317c1.856 6.083 2.924 13.075 2.924 20.316 0 0.272-0.002 0.544-0.00
Action.c(140):     5 0.816l0-0.041v4.705h-64.892c0.221 5.239 2.689 9.86 6.458 12.954l0.031 0.025c4.388 3.458 
Action.c(140):     9.997 5.547 16.093 5.547 0.445 0 0.888-0.011 1.328-0.033l-0.062 0.002c0.428 0.015 0.93 0.0
Action.c(140):     24 1.435 0.024 5.921 0 11.562-1.202 16.691-3.374l-0.281 0.106c3.818-1.739 7.065-3.58 10.13
Action.c(140):     1-5.666l-0.234 0.151zM889.997 892.269c0-0.038 0.001-0.083 0.001-0.129 0-2.061-0.418-4.024-
Action.c(140):     1.173-5.81l0.037 0.098c-0.832-2.131-1.985-3.961-3.419-5.529l0.012 0.013c-1.632-1.723-3.568
Action.c(140):     -3.14-5.724-4.168l-0.117-0.050c-2.308-1.031-5.001-1.632-7.835-1.632-0.211 0-0.422 0.003-0.
Action.c(140):     631 0.010l0.031-0.001c-0.187-0.006-0.407-0.010-0.628-0.010-2.88 0-5.62 0.6-8.101 1.683l0.1
Action.c(140):     31-0.051c-2.404 1.033-4.452 2.457-6.161 4.214l-0.004 0.004c-1.512 1.533-2.722 3.368-3.531 
Action.c(140):     5.406l-0.038 0.11c-0.82 1.63-1.3 3.553-1.3 5.587 0 0.089 0.001 0.178 0.003 0.266l-0-0.013z
Action.c(140):     ",\n
Action.c(140):             "M932.502 856.253h26.93l0.973 11.518c2.731-3.447 5.887-6.397 9.426-8.828l0.145-0.0
Action.c(140):     94c4.148-2.771 9.25-4.422 14.736-4.422 0.523 0 1.042 0.015 1.558 0.045l-0.071-0.003c0.948-
Action.c(140):     0.089 2.050-0.14 3.163-0.14s2.216 0.051 3.303 0.15l-0.14-0.010c1.976 0.316 3.724 0.768 5.4
Action.c(140):     04 1.363l-0.212-0.066-4.542 24.821c-2.829-0.93-6.086-1.466-9.467-1.466-0.208 0-0.415 0.002
Action.c(140):     -0.622 0.006l0.031-0c-0.417-0.030-0.903-0.046-1.393-0.046-11.558 0-20.928 9.37-20.928 20.9
Action.c(140):     28 0 0.702 0.035 1.396 0.102 2.080l-0.007-0.087v45.1h-28.39z",\n
Action.c(140):             "M1093.759 937.693l-4.705 3.245c-2.32 1.557-4.984 3.021-7.776 4.249l-0.335 0.131c-
Action.c(140):     3.309 1.412-7.264 2.694-11.349 3.636l-0.494 0.096c-4.362 1.045-9.37 1.645-14.517 1.645-0.6
Action.c(140):      0-1.198-0.008-1.793-0.024l0.088 0.002c-0.332 0.007-0.722 0.011-1.114 0.011-7.117 0-13.927
Action.c(140):     -1.313-20.202-3.71l0.388 0.13c-6.326-2.266-11.741-5.696-16.233-10.068l0.010 0.010c-4.297-4
Action.c(140):     .225-7.671-9.374-9.803-15.126l-0.093-0.286c-2.161-5.721-3.411-12.335-3.411-19.241 0-0.251 
Action.c(140):     0.002-0.501 0.005-0.751l-0 0.038c-0.002-0.173-0.003-0.377-0.003-0.581 0-6.379 1.192-12.481
Action.c(140):      3.365-18.093l-0.117 0.342c2.014-6.287 5.18-11.705 9.283-16.263l-0.035 0.040c4.045-4.436 8
Action.c(140):     .961-8.001 14.488-10.437l0.275-0.108c5.549-2.567 12.043-4.065 18.887-4.065 0.318 0 0.636 0
Action.c(140):     .003 0.953 0.010l-0.047-0.001c0.32-0.008 0.696-0.013 1.073-0.013 6.66 0 12.984 1.438 18.67
Action.c(140):     9 4.022l-0.284-0.115c5.65 2.537 10.379 6.226 14.058 10.797l0.056 0.072c3.87 4.548 6.875 9.
Action.c(140):     966 8.678 15.906l0.083 0.317c1.856 6.083 2.924 13.075 2.924 20.316 0 0.272-0.002 0.544-0.0
Action.c(140):     05 0.816l0-0.041v4.705h-64.892c0.221 5.239 2.689 9.86 6.458 12.954l0.031 0.025c4.388 3.458
Action.c(140):      9.997 5.547 16.093 5.547 0.445 0 0.888-0.011 1.328-0.033l-0.062 0.002c0.428 0.015 0.93 0.
Action.c(140):     024 1.435 0.024 5.921 0 11.562-1.202 16.691-3.374l-0.281 0.106c3.818-1.739 7.065-3.58 10.1
Action.c(140):     31-5.666l-0.234 0.151zM1069.1 892.269c0-0.038 0.001-0.083 0.001-0.129 0-2.061-0.418-4.024-
Action.c(140):     1.173-5.81l0.037 0.098c-0.832-2.131-1.985-3.961-3.419-5.529l0.012 0.013c-1.632-1.723-3.568
Action.c(140):     -3.14-5.724-4.168l-0.117-0.050c-2.308-1.031-5.001-1.632-7.835-1.632-0.211 0-0.422 0.003-0.
Action.c(140):     631 0.010l0.031-0.001c-0.187-0.006-0.407-0.010-0.628-0.010-2.88 0-5.62 0.6-8.101 1.683l0.1
Action.c(140):     31-0.051c-2.404 1.033-4.452 2.457-6.161 4.214l-0.004 0.004c-1.512 1.533-2.722 3.368-3.531 
Action.c(140):     5.406l-0.038 0.11c-0.82 1.63-1.3 3.553-1.3 5.587 0 0.089 0.001 0.178 0.003 0.266l-0-0.013z
Action.c(140):     ",\n
Action.c(140):             "M1173.739 938.504c-3.030 3.479-6.696 6.315-10.829 8.346l-0.202 0.090c-4.293 2.152
Action.c(140):     -9.354 3.411-14.709 3.411-0.19 0-0.38-0.002-0.569-0.005l0.029 0c-0.193 0.003-0.421 0.005-0
Action.c(140):     .65 0.005-5.633 0-10.987-1.196-15.821-3.349l0.248 0.098c-5.010-2.316-9.23-5.55-12.611-9.52
Action.c(140):     l-0.043-0.051c-3.59-4.167-6.459-9.075-8.34-14.447l-0.096-0.316c-1.961-5.502-3.094-11.85-3.
Action.c(140):     094-18.462 0-0.411 0.004-0.821 0.013-1.229l-0.001 0.061c-0.007-0.309-0.011-0.672-0.011-1.0
Action.c(140):     36 0-7.385 1.618-14.391 4.518-20.685l-0.127 0.307c2.786-5.977 6.556-11.044 11.155-15.214l0
Action.c(140):     .039-0.035c4.555-3.945 9.962-7.048 15.894-8.992l0.329-0.093c4.806-1.806 10.36-2.922 16.153
Action.c(140):     -3.081l0.070-0.002c0.354-0.011 0.77-0.017 1.187-0.017 3.201 0 6.318 0.361 9.313 1.044l-0.2
Action.c(140):     8-0.054c2.931 0.606 5.483 1.389 7.928 2.38l-0.303-0.109v-39.747h27.579v129.785h-25.632zM11
Action.c(140):     73.739 881.399c-1.818-1.050-3.92-1.937-6.135-2.55l-0.192-0.045c-1.265-0.137-2.732-0.216-4.
Action.c(140):     218-0.216s-2.953 0.078-4.398 0.231l0.18-0.015c-0.142-0.003-0.309-0.005-0.476-0.005-6.267 0
Action.c(140):     -11.891 2.755-15.727 7.12l-0.020 0.024c-4.203 4.757-6.86 10.966-7.136 17.789l-0.002 0.056c
Action.c(140):     -0.015 0.331-0.024 0.72-0.024 1.11 0 5.677 1.834 10.926 4.942 15.186l-0.051-0.073c3.178 3.
Action.c(140):     901 7.981 6.372 13.362 6.372 0.436 0 0.868-0.016 1.296-0.048l-0.057 0.003c0.175 0.006 0.38
Action.c(140):      0.009 0.586 0.009 2.728 0 5.316-0.601 7.638-1.678l-0.112 0.047c2.19-1.079 4.030-2.556 5.4
Action.c(140):     93-4.351l0.023-0.029c1.561-1.781 2.698-3.974 3.227-6.394l0.018-0.096c0.618-2.217 0.973-4.7
Action.c(140):     63 0.973-7.392 0-0.025-0-0.050-0-0.074l0 0.004z",\n
Action.c(140):             "M1256.801 817.805h28.066v45.262c2.893-2.812 6.424-4.982 10.355-6.273l0.19-0.054c4
Action.c(140):     -1.508 8.623-2.397 13.45-2.433l0.016-0c0.176-0.003 0.383-0.005 0.591-0.005 6.033 0 11.745 
Action.c(140):     1.378 16.837 3.837l-0.232-0.101c5.111 2.418 9.395 5.819 12.763 9.99l0.053 0.068c3.388 4.14
Action.c(140):      6.095 8.994 7.857 14.28l0.093 0.321c1.648 5.069 2.599 10.901 2.599 16.956 0 0.199-0.001 0
Action.c(140):     .397-0.003 0.595l0-0.030c0.038 0.764 0.059 1.658 0.059 2.558 0 6.403-1.091 12.552-3.098 18
Action.c(140):     .27l0.118-0.387c-2.335 6.353-5.876 11.772-10.378 16.219l-0.004 0.004c-4.537 4.363-9.927 7.
Action.c(140):     877-15.89 10.265l-0.333 0.118c-6.336 2.27-13.645 3.582-21.261 3.582-0.453 0-0.905-0.005-1.
Action.c(140):     356-0.014l0.067 0.001c-0.263 0.002-0.573 0.004-0.884 0.004-7.553 0-14.926-0.769-22.045-2.2
Action.c(140):     33l0.703 0.121c-6.814-1.46-12.654-2.92-17.196-4.38zM1284.867 924.715c1.491 0.625 3.235 1.1
Action.c(140):     33 5.048 1.44l0.143 0.020c1.166 0.099 2.523 0.156 3.894 0.156s2.728-0.057 4.069-0.168l-0.1
Action.c(140):     76 0.012c0.386 0.025 0.836 0.039 1.29 0.039 6.373 0 12.101-2.763 16.051-7.157l0.018-0.020c
Action.c(140):     3.856-4.786 6.189-10.94 6.189-17.639 0-0.415-0.009-0.828-0.027-1.239l0.002 0.059c-0.053-3.
Action.c(140):     020-0.464-5.919-1.192-8.69l0.057 0.254c-0.743-2.774-1.855-5.204-3.302-7.394l0.058 0.093c-1
Action.c(140):     .48-2.145-3.316-3.93-5.441-5.308l-0.075-0.046c-2.232-1.231-4.893-1.956-7.723-1.956-0.194 0
Action.c(140):     -0.387 0.003-0.579 0.010l0.028-0.001c-0.541-0.064-1.167-0.1-1.802-0.1-4.743 0-9.010 2.035-
Action.c(140):     11.976 5.279l-0.011 0.012c-2.844 3.362-4.573 7.747-4.573 12.536 0 0.384 0.011 0.766 0.033 
Action.c(140):     1.144l-0.002-0.052z",\n
Action.c(140):             "M1366.793 962.028c1.505 1.146 3.21 2.175 5.022 3.012l0.17 0.070c1.669 0.824 3.633
Action.c(140):      1.306 5.711 1.306 0.16 0 0.319-0.003 0.477-0.009l-0.023 0.001c0.14 0.007 0.303 0.011 0.46
Action.c(140):     8 0.011 2.709 0 5.171-1.054 7-2.774l-0.005 0.005c2.472-2.661 4.41-5.854 5.623-9.386l0.056-
Action.c(140):     0.186 2.758-7.463-41.693-90.362h32.446l22.875 57.592 19.954-57.592h29.688l-37.313 90.849-6
Action.c(140):     .165 15.087c-2.003 5.079-4.458 9.466-7.412 13.461l0.112-0.158c-2.895 3.927-6.456 7.178-10.
Action.c(140):     545 9.643l-0.163 0.091c-4.388 2.362-9.602 3.749-15.141 3.749-0.381 0-0.76-0.007-1.137-0.02
Action.c(140):     0l0.055 0.001c-0.026 0-0.057 0-0.088 0-4.781 0-9.382-0.772-13.684-2.197l0.307 0.088c-4.212
Action.c(140):     -1.306-7.876-3.186-11.133-5.587l0.102 0.072z",\n
Action.c(140):             "M1580.776 800.284c-14.439 0-25.795 0-32.446 0h-6.003c-15.087 0-23.361 0-24.984 0-
Action.c(140):     4.542 0-6.003 1.46-6.003 3.731s5.354 3.082 13.627 4.542 7.463 3.731 7.463 12.005v117.942c0
Action.c(140):      12.816 0 16.223-9.734 18.17-6.814 0.811-12.816 0-12.816 3.731s2.271 4.542 6.814 4.542 14.
Action.c(140):     276-1.46 29.364-1.46 26.444 1.46 30.986 1.46 6.814-1.46 6.814-4.542-6.003-2.92-12.005-4.54
Action.c(140):     2c-9.896-2.271-9.896-6.003-9.896-18.17v-39.26c0-3.731 0-5.191 3.082-5.191 5.894 2.484 12.7
Action.c(140):     46 3.927 19.935 3.927 3.623 0 7.161-0.367 10.578-1.065l-0.339 0.058c24.020-3.238 42.344-23
Action.c(140):     .607 42.344-48.256 0-0.145-0.001-0.29-0.002-0.435l0 0.022c0-30.986-19.63-47.534-56.619-47.
Action.c(140):     534zM1578.504 887.888c-9.896 0-16.223-3.082-16.223-9.896v-57.43c0-9.734 2.271-12.816 15.08
Action.c(140):     7-12.816 16.223 0 29.526 16.223 29.526 39.26s-11.356 40.882-27.904 40.882z",\n
Action.c(140):             "M1670.976 897.785h69.435c7.625 0 11.356-0.811 11.356-6.165-0.98-26.107-22.38-46.8
Action.c(140):     99-48.637-46.899-0.411 0-0.82 0.005-1.228 0.015l0.061-0.001c-1.090-0.071-2.363-0.111-3.646
Action.c(140):     -0.111-33.061 0-59.863 26.802-59.863 59.863 0 1.066 0.028 2.126 0.083 3.178l-0.006-0.147c-
Action.c(140):     0.152 1.57-0.239 3.395-0.239 5.239 0 31.807 25.785 57.592 57.592 57.592 0.826 0 1.647-0.01
Action.c(140):     7 2.465-0.052l-0.117 0.004c0.837 0.041 1.817 0.064 2.803 0.064 16.145 0 30.844-6.19 41.854
Action.c(140):     -16.326l-0.044 0.040c6.003-5.191 8.274-9.085 8.274-12.005s0-3.082-2.92-3.082c-9.731 8.989-
Action.c(140):     22.659 14.645-36.901 15.085l-0.087 0.002c-24.545-0.695-44.178-20.759-44.178-45.407 0-1.549
Action.c(140):      0.077-3.079 0.229-4.588l-0.015 0.19v-2.271c0-3.082 0-3.731 3.894-3.731zM1669.354 887.077v
Action.c(140):     -4.542c3.082-13.465 7.625-30.175 32.446-30.175 18.819 0 21.090 14.439 21.090 23.361 0 15.2
Action.c(140):     5-7.625 13.627-27.904 13.627h-21.252c-2.92 0-4.542 0-4.542-2.271z",\n
Action.c(140):             "M1881.876 950.672c0.002-0.050 0.004-0.108 0.004-0.166 0-2.061-1.671-3.731-3.731-3
Action.c(140):     .731-0.058 0-0.116 0.001-0.174 0.004l0.008-0c-3.731 0-7.463 6.165-12.816 6.165s-8.274-6.16
Action.c(140):     5-8.274-17.521v-60.35c0-21.901-5.354-30.337-32.446-30.337-34.717 0-58.89 21.252-58.89 36.3
Action.c(140):     4 0 2.271 2.271 4.542 6.003 4.542 12.816 0 16.223-6.814 21.901-16.223s11.356-17.359 22.712
Action.c(140):     -17.359 12.816 6.003 12.816 21.252v11.194c0 3.894 0 5.354-3.731 6.165l-8.274 2.92c-32.446 
Action.c(140):     12.816-51.427 24.172-51.427 46.885 0 12.816 6.003 27.904 22.712 27.904 12.477-1.163 23.631
Action.c(140):     -6.057 32.537-13.539l-0.090 0.074 6.814-4.542h1.46c2.892 9.856 11.442 17.093 21.807 18.001
Action.c(140):     l0.094 0.007c0.274 0.008 0.595 0.012 0.918 0.012 12.865 0 24.080-7.063 29.979-17.523l0.089
Action.c(140):     -0.172zM1830.449 929.42c-0.351 12.4-10.312 22.362-22.679 22.712l-0.033 0.001c-12.005 0-15.
Action.c(140):     087-9.896-15.087-20.441 1.17-13.018 9.874-23.736 21.673-27.835l0.228-0.069 10.545-4.542c0.
Action.c(140):     463-0.1 0.996-0.157 1.541-0.157s1.078 0.057 1.591 0.166l-0.050-0.009s1.46 0 1.46 3.082v27.
Action.c(140):     904z",\n
Action.c(140):             "M1965.425 844.735c-0.406-0.012-0.883-0.019-1.363-0.019-13.805 0-26.24 5.865-34.95
Action.c(140):      15.239l-0.027 0.030-3.731 2.92c-0.811 0.811-1.46 1.622-2.271 1.622-0.823-0.085-1.46-0.775
Action.c(140):     -1.46-1.614 0-0.003 0-0.006 0-0.009l-0 0v-12.816c0-3.731 0-5.354-3.082-5.354s-9.085 7.625-
Action.c(140):     22.712 14.439c-8.274 4.542-15.087 4.542-15.087 9.085s5.354 2.271 9.085 4.542 5.354 4.542 5
Action.c(140):     .354 12.005v117.942c0 6.814-1.622 9.085-6.814 11.356s-12.167 0-12.167 6.003c0 2.271 1.46 3
Action.c(140):     .894 5.354 3.894s13.627-1.622 27.093-1.622 21.252 1.622 29.526 1.622c4.542 0 6.814-1.622 6
Action.c(140):     .814-3.894 0-6.003-6.003-3.731-14.439-6.003s-7.463-3.731-7.463-11.356v-36.989l1.46-0.811c8
Action.c(140):     .262 3.681 17.892 5.877 28.0
Action.c(140): t=20642ms: 12280-byte ENCODED response body received for "https://stage.peapod.com/shop/images/icons/PeapodIcons.json" (RelFrameId=1, Internal ID=13)
Action.c(140): t=20642ms: 12288-byte DECODED response body for "https://stage.peapod.com/shop/images/icons/PeapodIcons.json" (RelFrameId=1, Internal ID=13)
Action.c(140):     20 6.002l0.046 0c0.834 0.039 1.812 0.061 2.795 0.061 35.122 0 63.594-28.472 63.594-63.594 
Action.c(140):     0-0.763-0.013-1.523-0.040-2.28l0.003 0.11c0.138-1.468 0.216-3.174 0.216-4.899 0-30.066-23.
Action.c(140):     846-54.563-53.657-55.61l-0.096-0.003zM1949.202 962.028c-1.040 0.166-2.239 0.261-3.46 0.261
Action.c(140):     -12.723 0-23.037-10.314-23.037-23.037 0-0.549 0.019-1.093 0.057-1.632l-0.004 0.073v-48.669
Action.c(140):     c0-17.359 8.274-25.632 26.444-25.632 25.795 0 43.153 18.819 43.153 48.669 0.193 1.561 0.30
Action.c(140):     3 3.367 0.303 5.199 0 24.436-19.575 44.3-43.899 44.767l-0.044 0.001z",\n
Action.c(140):             "M2306.92 946.778c-1.46 0-5.191 5.354-9.734 5.354s-4.542-3.082-4.542-10.545v-135.3
Action.c(140):     c0-6.814 0-12.816 0-17.359s0-5.354-3.731-5.354c-6.225 2.983-13.958 6.062-21.903 8.671l-1.4
Action.c(140):     58 0.414c-9.085 2.271-15.087 3.082-15.087 6.814s4.542 2.271 9.734 4.542 5.354 3.731 5.354 
Action.c(140):     9.734v30.986c0 2.271-0.811 3.894-2.271 3.894h-0.811l-4.542-1.622c-6.506-1.854-13.979-2.92-
Action.c(140):     21.701-2.92-0.070 0-0.141 0-0.211 0l0.011-0c-0.483-0.013-1.052-0.020-1.622-0.020-35.839 0-
Action.c(140):     64.892 29.053-64.892 64.892 0 0.007 0 0.014 0 0.022l-0-0.001c-0.029 0.685-0.045 1.488-0.04
Action.c(140):     5 2.295 0 32.076 26.003 58.079 58.079 58.079 0.586 0 1.171-0.009 1.753-0.026l-0.085 0.002c
Action.c(140):     13.39-0.3 25.683-4.758 35.702-12.127l-0.174 0.122c2.271 0 3.082 11.356 7.625 11.356s12.005
Action.c(140):     -5.354 28.715-9.896c5.191-1.46 8.274-1.46 8.274-7.463 0.011-0.107 0.018-0.23 0.018-0.355 0
Action.c(140):     -1.806-1.341-3.298-3.082-3.536l-0.019-0.002zM2266.849 931.691c0 18.17-1.46 25.795-20.279 2
Action.c(140):     5.795-0.648 0.034-1.406 0.053-2.169 0.053-24.46 0-44.289-19.829-44.289-44.289 0-1.561 0.08
Action.c(140):     1-3.104 0.238-4.624l-0.016 0.19c0-34.068 18.17-55.97 40.882-55.97s25.632 12.816 25.632 39.
Action.c(140):     26v40.071z",\n
Action.c(140):             "M2160.426 905.247c0.005 0.289 0.007 0.631 0.007 0.973 0 36.377-29.489 65.866-65.8
Action.c(140):     66 65.866s-65.866-29.489-65.866-65.866c0-36.374 29.485-65.862 65.858-65.866l0-0c0.050-0 0.
Action.c(140):     108-0 0.167-0 36.002 0 65.241 28.956 65.698 64.849l0 0.043z",\n
Action.c(140):             "M2325.901 811.153c-8.333-0-15.087-6.755-15.087-15.087s6.755-15.087 15.087-15.087c
Action.c(140):     8.333 0 15.087 6.755 15.087 15.087v0c0 8.333-6.755 15.087-15.087 15.087v0zM2325.901 783.25
Action.c(140):     c-7.078 0-12.816 5.738-12.816 12.816s5.738 12.816 12.816 12.816c7.078 0 12.816-5.738 12.81
Action.c(140):     6-12.816h0c0-0.001 0-0.003 0-0.004 0-7.143-5.7-12.955-12.799-13.136l-0.017-0zM2329.632 805
Action.c(140):     .151l-4.542-6.814h-3.082v6.814h-2.109v-17.845h6.651c0.049-0.002 0.107-0.003 0.165-0.003 2.
Action.c(140):     867 0 5.191 2.324 5.191 5.191 0 0.058-0.001 0.116-0.003 0.173l0-0.008c-0.101 2.647-2 4.823
Action.c(140):     -4.506 5.347l-0.037 0.006 4.542 6.814zM2327.361 788.928h-4.542v6.814h4.542c1.882 0 3.407-1
Action.c(140):     .525 3.407-3.407s-1.525-3.407-3.407-3.407h0z",\n
Action.c(140):             "M843.599 459.437l-20.928-66.352-21.414 66.352zM1153.947 133.354v135.949h62.783c16
Action.c(140):     .928-4.183 31.157-13.823 41.074-26.91l0.132-0.182c8.411-11.077 13.474-25.096 13.474-40.298
Action.c(140):      0-10.98-2.641-21.342-7.322-30.488l0.176 0.378c-18.657-42.018-66.515-39.747-110.317-38.449
Action.c(140):     zM853.171 48.669s67.326 67.001 81.115 117.293c31.473 103.828 103.99 316.999 103.99 316.999
Action.c(140):     v-458.302h202.788c57.267 0 107.072 50.778 117.131 65.866v-66.028h369.886l26.444 34.231v-34
Action.c(140):     .068h133.84l38.611 50.454c20.221-30.212 54.211-49.836 92.784-49.836 5.671 0 11.243 0.424 1
Action.c(140):     6.686 1.242l-0.613-0.076c59.701 12.167 92.147 62.783 116.319 103.341l45.1 85.658v-190.783h
Action.c(140):     136.923l22.875 24.010v-24.172h134.165l42.991 61.161c17.034-25.795 63.594-61.161 95.878-61.
Action.c(140):     161h158.337l50.616 54.51v136.112h-187.863c-16.223 1.136-13.952 11.681-10.869 22.712 10.869
Action.c(140):      22.063 46.885 27.741 57.267 32.446 83.753 17.676 148.301 83.423 163.973 166.441l0.205 1.3
Action.c(140):     05 1.947 37.151c-6.165 75.599-94.743 178.454-154.444 178.454h-127.838c-1.136 0-53.212-56.6
Action.c(140):     19-53.212-56.619v-126.54h129.785c13.734-1.674 25.089-10.438 30.403-22.468l0.096-0.244c2.25
Action.c(140):     8-4.307 3.583-9.409 3.583-14.82 0-6.551-1.942-12.649-5.281-17.749l0.076 0.124c-19.511-18.0
Action.c(140):     40-42.965-32.129-68.897-40.815l-1.349-0.392c-58.795-24.933-102.611-75.254-118.131-136.827l
Action.c(140):     -0.298-1.393-57.43 26.93-50.129-23.523s0 414.013 0 413.85h-139.032l-57.105-63.594c-26.606-
Action.c(140):     56.456-86.631-171.316-86.631-171.316s0 234.748 0 234.748h-115.67l-45.425-41.531s-1.46 41.5
Action.c(140):     31-2.433 41.531h-125.729l-63.757-78.682v-359.179h-89.065v438.023h-124.593l-67.163-77.708v-
Action.c(140):     360.477h-53.698c0.28 3.854 0.44 8.35 0.44 12.883 0 47.96-17.88 91.745-47.337 125.051l0.174
Action.c(140):     -0.201c24.659 22.712 47.534 48.669 47.534 81.115v219.174h-103.665l-70.57-78.682v-149.577c-
Action.c(140):     3.118-14.787-12.286-26.985-24.733-34.099l-0.251-0.132c-8.112-1.785-8.112 3.894-8.112 3.894
Action.c(140):     s0 258.271 0 258.433h-91.66l-53.212-52.563s14.925 52.401 14.601 52.563h-278.55l-48.994-52.
Action.c(140):     563s-19.143 52.725-18.17 52.563h-115.833s-32.446-33.744-32.446-33.744v33.744h-120.537l-78.
Action.c(140):     033-77.222v-58.403c-11.227 16.803-30.118 27.72-51.559 27.72-5.664 0-11.151-0.762-16.362-2.
Action.c(140):     189l0.434 0.101c-35.204-20.766-101.394-89.876-101.394-89.876v199.868h-111.29l-86.307-78.68
Action.c(140):     2v-455.706c0.811-44.776 40.395-77.546 83.387-89.227s93.607 4.867 113.561 33.906l78.357 117
Action.c(140):     .455 47.534-112.588c15.412-32.446 34.393-43.316 83.873-43.316s147.63 69.759 146.008 140.65
Action.c(140):     4v294.124l118.428-379.458c13.303-35.691 56.132-55.483 89.389-55.483 3.178-0.453 6.849-0.71
Action.c(140):     2 10.58-0.712 22.671 0 43.112 9.549 57.52 24.844l0.037 0.040z",\n
Action.c(140):             "M1178.444 244.968h36.34c8.978-3.668 16.537-9.196 22.484-16.144l0.066-0.079c5.595-
Action.c(140):     7.148 8.973-16.268 8.973-26.176 0-7.15-1.759-13.888-4.867-19.808l0.112 0.234v-0.811c-8.598
Action.c(140):     -18.332-24.821-24.984-62.621-24.984v0zM1216.73 293.638h-86.956v-183.97h24.659c8.274 0 16.2
Action.c(140):     23 0 24.659 0 24.984 0 83.549 0 106.91 53.536 5.87 11.748 9.305 25.593 9.305 40.24 0 20.09
Action.c(140):     8-6.469 38.686-17.438 53.794l0.183-0.265-1.298 1.622c-14.172 18.734-34.769 31.959-58.461 3
Action.c(140):     6.41l-0.591 0.092zM876.046 483.934h-109.019l31.473-97.338h46.56zM1270.915 565.049l56.943 6
Action.c(140):     3.757h68.299v-194.677c0-22.875-20.117-44.613-39.747-62.621l-18.008-18.17 17.845-18.008c24.
Action.c(140):     943-28.575 40.153-66.207 40.153-107.392 0-4.055-0.147-8.075-0.437-12.056l0.031 0.533-1.785
Action.c(140):     -26.119h103.828v375.888l54.023 62.297h89.389v-438.023h137.896v375.077l50.94 62.946h91.011c
Action.c(140):     0-5.84 0-12.167 0-18.008l41.693-17.034 38.286 35.042h81.115c0-48.669 0-161.095 0-210.9l46.
Action.c(140):     074-11.356c2.433 4.705 58.403 111.777 85.496 169.044l47.534 52.725h103.665c0-42.504 0-143.
Action.c(140):     574 0-389.354v-37.8l74.464 34.88 75.437-35.529 6.003 30.824c14.096 54.693 52.234 98.374 10
Action.c(140):     2.186 119.773l1.155 0.44c30.6 10.293 56.877 26.267 78.797 46.829l-0.115-0.107 2.758 3.245c
Action.c(140):     6.039 8.835 9.644 19.751 9.644 31.508 0 9.024-2.123 17.552-5.898 25.112l0.147-0.326c-8.963
Action.c(140):      20.839-28.512 35.562-51.693 37.461l-0.221 0.015h-106.261v91.823l38.773 41.693h118.915c43.
Action.c(140):     153 0 123.295-87.28 129.785-154.444l-1.622-33.582c-15.016-73.378-71.544-130.341-143.486-14
Action.c(140):     5.787l-1.224-0.22h-2.92l-2.758-1.298-7.3-2.271c-18.17-5.678-48.669-15.087-61.485-41.369l-1
Action.c(140):     .136-2.271v-2.433c-1.919-4.746-3.033-10.251-3.033-16.016 0-8.347 2.335-16.149 6.387-22.788
Action.c(140):     l-0.109 0.193c6.892-8.98 17.615-14.723 29.682-14.763l0.007-0h164.015v-102.368l-36.177-40.3
Action.c(140):     95h-147.63c-21.577 0-61.485 28.877-75.437 50.292l-19.792 30.824-56.294-81.115h-99.285l-39.
Action.c(140):     747 16.223-16.223-16.223h-100.907v166.286l-45.911 11.356-44.776-85.009c-24.335-40.882-52.0
Action.c(140):     76-81.115-99.447-91.336-3.632-0.532-7.826-0.835-12.090-0.835-30.643 0-57.625 15.675-73.365
Action.c(140):      39.444l-0.203 0.327-19.143 27.255-51.427-67.488h-97.338v9.896l-43.802 14.925-19.143-24.82
Action.c(140):     1h-333.384v41.693l-44.776 13.79c-7.463-12.167-51.103-55.483-96.365-55.483h-178.454v434.292
Action.c(140):     l-47.534 7.787c0-2.109-72.842-214.631-104.152-317.485-9.896-36.177-56.132-88.253-74.139-10
Action.c(140):     6.423s-22.226-18.17-51.265-18.17c-24.821 0-56.943 14.763-66.19 38.935l-118.266 379.133-47.
Action.c(140):     696-7.3v-294.124c-2.365-27.262-15.21-51.135-34.433-67.871l-0.122-0.104c-30.013-30.337-68.2
Action.c(140):     99-48.669-87.929-48.669-43.153 0-51.752 8.436-61.648 29.039l-47.209 112.101-42.18 4.867-78
Action.c(140):     .357-117.942c-15.231-16.532-36.987-26.852-61.154-26.852-1.315 0-2.623 0.031-3.923 0.091l0.
Action.c(140):     184-0.007c-0.241-0.002-0.526-0.004-0.812-0.004-8.017 0-15.785 1.067-23.169 3.067l0.619-0.1
Action.c(140):     43c-32.446 8.436-64.892 32.446-64.892 66.028v444.512l71.381 64.892h77.871v-175.534l42.018-
Action.c(140):     16.223c28.49 30.254 59.074 57.804 91.784 82.704l1.823 1.331c1.299 0.146 2.804 0.229 4.329 
Action.c(140):     0.229 14.37 0 27.016-7.385 34.348-18.567l0.096-0.156 43.316 16.223v48.669l63.594 62.946h85
Action.c(140):     .333v-9.409l41.856-17.196 26.281 24.984h87.767l3.569-10.058c4.705-13.303 9.409-26.281 9.40
Action.c(140):     9-26.281l12.816-37.475 68.948 73.977h236.37c-1.947-6.976-4.056-14.439-6.165-21.577l41.531-
Action.c(140):     24.010 46.074 45.425h56.781v-233.937c0.177-15.903 13.11-28.726 29.038-28.726 0.286 0 0.571
Action.c(140):      0.004 0.854 0.012l-0.042-0.001c2.723 0.041 5.351 0.334 7.896 0.858l-0.271-0.047h2.758l2.7
Action.c(140):     58 1.136c19.243 10.536 33.257 28.587 38.187 50.103l0.099 0.513v2.758zM602.525 681.369v-4.0
Action.c(140):     56h-142.763l-93.12-91.498v-20.766c-7.977 2.998-17.196 4.733-26.821 4.733-8.381 0-16.454-1.
Action.c(140):     316-24.025-3.752l0.555 0.154-2.758-0.973-2.433-1.46c-24.322-16.097-45.54-33.295-64.969-52.
Action.c(140):     313l0.077 0.075v165.8h-146.008l-100.259-92.309v-466.575c1.136-59.539 51.752-99.447 101.556
Action.c(140):     -112.75 10.633-2.987 22.843-4.705 35.455-4.705 0.026 0 0.052 0 0.077 0l-0.004-0c1.075-0.03
Action.c(140):     2 2.341-0.050 3.61-0.050 40.893 0 77.369 18.913 101.158 48.469l0.195 0.251 53.536 80.142 3
Action.c(140):     0.337-72.030c19.954-41.531 48.669-57.754 105.937-57.754 35.691 0 86.144 26.119 122.809 63.
Action.c(140):     27 22.226 22.712 48.669 59.052 48.669 102.368v133.191l71.057-227.123c16.385-46.56 69.759-7
Action.c(140):     1.706 111.29-71.706 3.050-0.322 6.59-0.505 10.173-0.505 28.576 0 54.425 11.672 73.042 30.5
Action.c(140):     08l0.010 0.010 1.622 1.46c7.3 7.3 72.193 73.166 87.442 128.162 13.627 45.425 35.691 113.56
Action.c(140):     1 55.807 173.749v-333.384h227.123c35.111 1.28 67.103 13.651 92.831 33.689l-0.359-0.269v-33
Action.c(140):     .42h567.807l27.904 36.502c23.902-22.343 56.11-36.063 91.522-36.063 6.688 0 13.261 0.489 19
Action.c(140):     .686 1.434l-0.729-0.088h1.136c72.679 14.925 109.83 76.735 132.218 114.373v-116.157h331.113
Action.c(140):     l32.446 46.236c24.984-23.686 61.485-46.236 93.769-46.236h169.207l63.432 69.435v170.018h-18
Action.c(140):     0.238c4.38 1.622 8.598 2.92 11.681 3.894l10.383 3.407c92.017 20.722 162.763 93.1 180.803 1
Action.c(140):     84.419l0.247 1.498v3.407l1.947 38.935v1.622c-6.814 82.9-100.421 200.679-178.454 200.679h-1
Action.c(140):     27.838c-11.843 0-11.843 0-71.057-64.892l-6.489-6.976v-159.148h153.47c3.506-1.313 6.36-3.69
Action.c(140):     5 8.233-6.743l0.040-0.070 1.136-2.596c0.347-0.942 0.548-2.029 0.548-3.163s-0.201-2.222-0.5
Action.c(140):     69-3.229l0.021 0.065c-16.742-14.605-36.644-26.078-58.499-33.241l-1.202-0.341c-56.959-24.52
Action.c(140):     2-101.238-69.433-124.352-125.321l-0.565-1.544-42.018 19.792-25.795-12.167c0 145.034 0 368.
Action.c(140):     101 0 374.915h-8.923l-16.223 16.223v9.409h-148.766l-66.515-75.275-1.46-3.245c-10.058-21.41
Action.c(140):     4-25.308-51.752-40.071-81.115v124.106c0 12.816 0 29.039-18.494 33.582h-1.785c-4.047 0.238-
Action.c(140):     8.781 0.374-13.546 0.374s-9.499-0.136-14.197-0.404l0.65 0.030h-102.368l-16.223-14.763c-2.6
Action.c(140):     86 8.672-10.635 14.862-20.029 14.862-0.716 0-1.424-0.036-2.122-0.106l0.088 0.007h-137.085l
Action.c(140):     -76.411-94.418v-342.469h-40.233v438.023h-160.608l-81.115-92.958v-345.227h-4.542c-2.163 42.
Action.c(140):     012-15.988 80.409-38.268 112.49l0.469-0.713c22.138 20.808 36.586 49.576 38.753 81.711l0.02
Action.c(140):     0 0.378v244.319h-138.869l-68.624-77.222v32.446h2.92l-2.92 21.901c-2.758 21.252-23.037 21.4
Action.c(140):     14-32.446 21.414h-93.283l-8.923-7.949c-2.13 2.648-4.784 4.783-7.814 6.267l-0.135 0.060c-5.
Action.c(140):     354 2.92-8.274 2.92-176.345 2.92h-123.944l-28.715-30.824-3.894 11.032c-2.281 11.451-12.25 
Action.c(140):     19.962-24.208 19.962-0.216 0-0.431-0.003-0.645-0.008l0.032 0.001h-113.075z",\n
Action.c(140):             "M1252.259 239.777c-10.061 13.328-24.363 22.985-40.873 26.991l-0.496 0.102h-61.972
Action.c(140):     v-135.949c43.802-1.46 91.498-3.407 109.506 38.449 4.512 8.797 7.156 19.192 7.156 30.206 0 
Action.c(140):     15.148-5.003 29.127-13.446 40.376l0.125-0.174zM1302.226 309.861c35.204-18.494 71.706-103.3
Action.c(140):     41 48.669-163.366-18.008-47.371-59.214-102.368-121.349-102.205h-173.1l-1.947 526.276h94.09
Action.c(140):     4v-200.679c82.413-6.814 112.588 22.063 116.157 52.725 0 0.811 0 147.792 0 147.792h91.498v-
Action.c(140):     210.9c-0.649-17.845-24.497-42.342-54.023-49.643z",\n
Action.c(140):             "M1173.414 242.373h36.177c8.977-3.795 16.563-9.299 22.657-16.159l0.056-0.064c5.572
Action.c(140):     -7.101 8.935-16.166 8.935-26.016 0-7.218-1.806-14.013-4.99-19.96l0.111 0.227v-0.811c-7.625
Action.c(140):     -17.845-24.497-24.497-62.783-24.335zM1211.539 291.042h-86.956v-183.807l24.821-0.811c8.112 
Action.c(140):     0 16.223 0 24.497 0 25.146 0 83.711 0 106.91 53.374 5.902 11.752 9.358 25.608 9.358 40.272
Action.c(140):      0 20.096-6.49 38.675-17.488 53.758l0.181-0.26-1.136 1.785c-14.274 18.801-34.975 32.078-58
Action.c(140):     .779 36.57l-0.597 0.094zM1289.734 545.744h42.829v-184.456c-7.307-13.93-20.22-24.076-35.661
Action.c(140):     -27.513l-0.354-0.066-62.621-15.25 56.943-30.175c23.199-12.492 55.645-83.387 37.313-133.029
Action.c(140):     -16.223-41.856-49.967-86.631-98.312-86.631h-148.928l-1.46 477.769h44.776v-199.057l22.388-1
Action.c(140):     .785c8.76 0 17.359-1.13
Action.c(140): t=20662ms: 12288-byte DECODED response body for "https://stage.peapod.com/shop/images/icons/PeapodIcons.json" (RelFrameId=1, Internal ID=13)
Action.c(140):     6 25.308-1.136 100.583 0 115.184 57.592 117.293 75.275 0.162 2.109 0.162 2.109 0.487 126.3
Action.c(140):     78zM1381.394 594.413h-140.492v-24.335c0-54.185 0-134.814 0-146.008-4.38-27.579-47.696-30.9
Action.c(140):     86-67.488-31.148v201.977h-142.925l1.785-575.432h197.435c73.328 0 122.484 60.999 144.223 11
Action.c(140):     8.104 20.279 53.374 2.596 123.944-28.877 165.313 18.937 12.22 32.315 31.666 36.27 54.349l0
Action.c(140):     .070 0.485v237.506z",\n
Action.c(140):             "M198.084 74.302l84.684 194.677s51.914-124.269 74.139-179.914c8.76-18.657 13.465-3
Action.c(140):     9.098 50.778-42.991 3.418-0.4 7.377-0.628 11.39-0.628 26.353 0 50.409 9.833 68.699 26.030l
Action.c(140):     -0.109-0.095c15.766 14.987 25.7 35.982 26.118 59.3l0.001 0.077c0 21.577 0 439.645 0 439.64
Action.c(140):     5h-102.854s0-384.324 0-384.324l-86.469 256.324c-7.278 15.21-22.545 25.529-40.223 25.529-6.
Action.c(140):     212 0-12.127-1.274-17.497-3.576l0.29 0.11c-12.167-0.973-22.226-13.627-28.228-22.226 0 0-91
Action.c(140):     .174-256-90.849-256s0 384.324 0 384.324h-103.665v-458.951c0-45.425 55.97-67.488 86.631-67.
Action.c(140):     65 1.145-0.058 2.486-0.091 3.835-0.091 25.548 0 48.338 11.811 63.207 30.272l0.122 0.156z",
Action.c(140):     \n
Action.c(140):             "M68.786 546.068h55.158c0-111.128 0-330.139 0-356.907l-2.271-8.598 16.223-21.090 3
Action.c(140):     3.257 5.516 1.298 16.223c6.976 20.117 55.321 156.066 88.578 249.349 2.405 3.757 5.436 6.89
Action.c(140):     1 8.977 9.339l0.108 0.071h1.947l2.433 0.811c12.816 4.056 22.875 1.298 27.579-7.787l85.658-
Action.c(140):     254.54 47.534 7.787v359.828h54.51c0-88.902 0-396.492 0-414.986-0.376-16.138-7.064-30.644-1
Action.c(140):     7.68-41.204l-0.003-0.003c-13.993-12.349-32.472-19.904-52.715-19.954l-0.010-0h-8.923c-19.14
Action.c(140):     3 1.947-21.414 7.138-28.228 22.55l-2.433 5.678c-22.226 55.645-73.653 178.454-74.139 180.07
Action.c(140):     6l-22.226 52.887-106.748-245.131c-10.96-10.863-26.049-17.575-42.706-17.575-0.899 0-1.794 0
Action.c(140):     .020-2.683 0.058l0.127-0.004c-21.414 0-62.297 16.223-62.621 43.478zM402.981 595.873l-8.112
Action.c(140):     -6.814c-8.436-7.463-8.436-7.463-8.436-78.682v-174.722l-39.422 116.968c-10.656 23.249-33.72
Action.c(140):     7 39.108-60.501 39.108-0.403 0-0.806-0.004-1.207-0.011l0.060 0.001c-8.223-0.059-16.146-1.2
Action.c(140):     4-23.656-3.397l0.62 0.152c-18.561-4.676-33.794-16.414-42.977-32.121l-0.176-0.326-1.947-1.7
Action.c(140):     85-0.973-3.082c-17.683-49.48-32.446-89.389-43.316-121.673 0 55.97 0 133.678 0 241.724v24.4
Action.c(140):     97h-152.984v-484.096c0-59.863 64.892-91.823 110.966-91.985 1.453-0.073 3.154-0.114 4.865-0
Action.c(140):     .114 33.995 0 64.162 16.389 83.031 41.696l0.195 0.274 1.46 3.082 61.81 142.276c16.223-40.7
Action.c(140):     2 39.422-95.229 52.076-126.864v-1.298c0.723-1.377 1.488-3.088 2.156-4.847l0.115-0.344c9.69
Action.c(140):     8-29.659 36.734-50.87 68.846-51.749l0.102-0.002c2.060-0.116 4.469-0.182 6.895-0.182s4.835 
Action.c(140):     0.066 7.228 0.196l-0.333-0.014c32.596 0.079 62.306 12.376 84.804 32.552l-0.12-0.105c20.892
Action.c(140):      19.42 34.067 46.898 34.554 77.458l0.001 0.088c0 11.194 0 126.053 0 228.096v192.568c0 24.8
Action.c(140):     21 0 33.257-13.79 39.909-5.029 2.596-5.029 2.596-81.115 2.596h-31.473z",\n
Action.c(140):             "M843.599 77.708c8.39 10.085 15.66 21.563 21.343 33.92l0.395 0.959s138.058 457.977
Action.c(140):      138.545 457.977h-264.923v-91.011h129.785l-86.469-293.313-117.131 384.487h-101.232s149.901
Action.c(140):     -487.341 149.901-487.341c6.489-22.55 56.781-51.265 97.338-34.068 13.549 6.265 24.589 16.00
Action.c(140):     2 32.265 28.085l0.181 0.305z",\n
Action.c(140):             "M781.952 271.25l-55.807 183.807h110.317zM596.847 547.042h50.616l134.976-445.972 1
Action.c(140):     19.402 402.657h-138.221v42.342h207.006c-3.407-11.032-7.463-24.659-12.167-40.071-12.978-42.
Action.c(140):     829-30.337-100.096-47.534-157.364-32.446-106.748-64.892-213.333-68.786-227.123-4.472-10.16
Action.c(140):     4-9.907-18.927-16.38-26.803l0.157 0.197-2.271-2.92c-5.264-8.872-12.847-15.881-21.92-20.307
Action.c(140):     l-0.306-0.135c-4.808-1.903-10.377-3.029-16.201-3.082l-0.022-0c-0.141-0.001-0.307-0.002-0.4
Action.c(140):     73-0.002-18.791 0-35.603 8.474-46.822 21.81l-0.076 0.093c-42.342 135.625-115.022 371.508-1
Action.c(140):     40.978 455.868zM683.64 595.711h-68.948c-57.916 0-60.025 0-66.352-5.678-12.816-10.058-10.05
Action.c(140):     8-18.981-1.46-47.047l143.736-466.738c8.598-30.013 52.563-56.619 94.094-56.619 0.144-0.001 
Action.c(140):     0.314-0.001 0.484-0.001 12.882 0 25.151 2.625 36.301 7.369l-0.607-0.229h1.298c16.633 8.062
Action.c(140):      30.286 19.998 40.168 34.682l0.228 0.359c9.617 11.81 17.929 25.27 24.37 39.746l0.451 1.136
Action.c(140):      1.136 2.92c40.882 135.463 114.535 379.458 133.516 442.241h6.814l-0.973 23.037c0 18.008-13
Action.c(140):     .303 22.226-26.768 23.199h-287.311v-102.368z",\n
Action.c(140):             "M2084.015 83.387l132.056 271.574v-310.834h108.532v526.276h-114.697l-176.669-348.1
Action.c(140):     47v348.471h-102.692v-463.98c0-24.335 43.478-62.621 77.708-62.946 24.984 0 63.27 9.085 76.4
Action.c(140):     11 39.584z",\n
Action.c(140):             "M2008.578 68.137c-23.68 3.544-43.361 18.029-53.994 38.053l-0.192 0.395v439.645h54
Action.c(140):     .185v-324.461l46.236-11.032 170.18 334.844h75.275v-476.958h-59.701v286.337l-46.398 10.707-
Action.c(140):     132.38-272.548c-8.76-19.792-38.611-24.984-53.212-24.984zM1905.724 595.062v-488.314c1.721-1
Action.c(140):     9.372 10.607-36.391 23.954-48.619l0.056-0.051c19.656-21.374 46.9-35.502 77.432-38.094l0.43
Action.c(140):     8-0.030h1.298c34.068 0 79.98 14.114 97.338 53.861l85.496 176.020v-229.394h157.202v574.459h
Action.c(140):     -154.119l-137.085-270.439v270.925z",\n
Action.c(140):             "M2774.144 130.92h-119.564c-24.010 0-40.071 19.305-48.669 44.451-2.299 7.883-3.621
Action.c(140):      16.938-3.621 26.302 0 20.887 6.579 40.238 17.778 56.093l-0.205-0.306c43.153 36.015 94.256
Action.c(140):      22.388 133.84 64.892 47.696 52.887 56.294 107.072 34.555 163.366-20.003 47.625-64.726 81.
Action.c(140):     207-117.679 84.823l-0.425 0.023h-123.133v-81.115h117.293c16.223 0 37.313-23.523 44.127-42.
Action.c(140):     667 17.521-49.643-37.8-79.493-79.98-93.932-50.047-16.43-89.169-53.905-107.488-101.682l-0.3
Action.c(140):     95-1.172c-16.223-60.35-9.247-125.729 44.776-171.965 24.821-17.359 40.558-34.393 79.98-34.3
Action.c(140):     93h129.785v87.28z",\n
Action.c(140):             "M2571.194 514.433v32.446h98.798c43.095-3.689 79.027-30.946 95.111-68.693l0.281-0.
Action.c(140):     742c19.305-49.805 9.896-93.769-30.013-138.058-15.645-14.963-35.625-25.513-57.87-29.583l-0.
Action.c(140):     696-0.106c-27.807-6.087-52.2-17.9-72.899-34.196l0.382 0.29-2.596-2.596c-14.93-19.826-23.91
Action.c(140):     -44.866-23.91-72.005 0-12.154 1.801-23.887 5.151-34.947l-0.222 0.853c12.978-38.773 39.098-
Action.c(140):     60.999 71.706-60.999h95.067v-37.475h-105.125c-0.113-0.001-0.247-0.001-0.38-0.001-20.885 0-
Action.c(140):     39.849 8.222-53.833 21.605l0.029-0.027-10.707 7.138c-53.374 46.56-46.074 110.479-36.502 14
Action.c(140):     6.008 16.322 41.606 49.853 73.385 91.594 86.987l1.039 0.293c32.446 11.194 75.599 32.446 92
Action.c(140):     .471 66.839 4.603 9.412 7.294 20.481 7.294 32.179 0 9.36-1.723 18.318-4.87 26.574l0.171-0.
Action.c(140):     512c-8.274 23.361-35.042 58.079-66.515 58.89zM2522.525 595.549v-129.785h140.816c10.141-5.9
Action.c(140):     39 17.879-15.042 21.95-25.934l0.114-0.347c1.427-3.048 2.26-6.618 2.26-10.383s-0.833-7.335-
Action.c(140):     2.324-10.537l0.064 0.154c-7.3-15.087-30.662-30.337-64.081-42.018-57.343-18.595-102.255-61.
Action.c(140):     276-123.486-115.794l-0.458-1.336v-1.947c-21.901-78.195-2.758-149.901 52.401-197.11l1.785-1
Action.c(140):     .46 10.869-7.787c21.668-19.422 50.377-31.38 81.874-31.635l0.052-0h153.795v135.625h-143.899
Action.c(140):     c-13.952 0-21.901 17.359-25.308 27.579-1.528 5.677-2.405 12.194-2.405 18.917 0 14.076 3.84
Action.c(140):     7 27.253 10.546 38.537l-0.192-0.349c15.023 10.6 32.788 18.455 51.981 22.395l0.906 0.155c31
Action.c(140):     .952 6.304 59.628 21.55 81.118 42.994l-0.003-0.003c52.401 58.079 64.892 121.673 39.422 188
Action.c(140):     .999-23.733 56.632-77.112 96.465-140.206 100.237l-0.448 0.021z",\n
Action.c(140):             "M1714.454 130.92l-112.75-0.324-0.324 439.807h-113.561l0.162-439.645-111.615 0.162
Action.c(140):      0.162-86.956 337.602 0.162 0.324 86.793z",\n
Action.c(140):             "M1512.477 106.423v439.645h64.892v-439.97h112.588v-37.638h-289.095v38.124zM1463.80
Action.c(140):     7 594.9v-439.645h-111.939v-135.949h386.271v135.787h-113.561v439.807z",\n
Action.c(140):             "M1874.738 570.728h-101.719v-526.601l101.719 0.324v526.276z",\n
Action.c(140):             "M1797.516 68.624v477.607h52.725v-477.445zM1748.847 595.062v-575.432h150.388v575.4
Action.c(140):     32z",\n
Action.c(140):             "M2477.587 43.965c0.811 41.044 0 102.043-31.148 139.681-19.792 16.223-28.715 32.44
Action.c(140):     6-62.459 27.904l19.468-81.115h-27.741v-86.144h101.719z",\n
Action.c(140):             "M2401.014 106.586h34.231l-18.008 70.408 3.245-3.082 8.112-7.3c18.981-24.010 23.84
Action.c(140):     8-61.161 24.497-97.338h-52.076zM2395.823 236.37c-5.052-0.019-10.004-0.372-14.855-1.038l0.5
Action.c(140):     79 0.065-26.93-3.569 18.657-76.735h-21.252v-135.463h149.901v23.848c1.136 53.698-2.271 113.
Action.c(140):     561-36.826 155.741l-2.758 2.92c-3.082 2.596-5.84 5.191-8.436 7.625-14.453 16.401-35.445 26
Action.c(140):     .747-58.857 26.93l-0.032 0z",\n
Action.c(140):             "M1250.312 593.115v-34.231h30.662c-3.913 15.889-15.236 28.495-30.003 34.119l-0.334
Action.c(140):      0.112z",\n
Action.c(140):             "M843.599 464.466l-20.928-66.515-21.414 66.352zM1153.622 138.383v135.787h61.972c16
Action.c(140):     .957-4.145 31.233-13.726 41.24-26.756l0.128-0.174c8.315-11.11 13.314-25.122 13.314-40.301 
Action.c(140):     0-11.034-2.642-21.451-7.327-30.653l0.177 0.384c-17.845-41.531-65.703-39.747-109.506-38.286
Action.c(140):     zM852.847 53.861s67.326 66.839 81.115 117.293c31.473 103.665 104.314 316.674 104.314 316.6
Action.c(140):     74v-458.139h202.464c57.105-0.162 107.072 51.427 117.131 65.703v-66.028h369.724l26.606 34.2
Action.c(140):     31v-34.068h133.84l38.611 50.454c20.366-30.192 54.444-49.784 93.097-49.784 5.559 0 11.024 0
Action.c(140):     .405 16.366 1.188l-0.607-0.073c59.863 12.167 92.147 62.783 116.482 103.503l44.938 85.658v-
Action.c(140):     190.946h136.923l22.875 23.037v-23.361h134.003l42.991 61.323c17.034-25.957 63.594-61.161 95
Action.c(140):     .878-61.323h158.499l50.94 54.834v136.112h-188.188c-16.223 0.973-13.952 11.681-10.869 22.71
Action.c(140):     2 10.869 21.901 46.885 27.741 57.267 32.446 83.522 17.776 147.951 83.13 164.122 165.764l0.
Action.c(140):     217 1.333 1.947 37.313c-6.327 75.437-94.905 178.454-154.606 178.454h-127.838c-1.136 0-53.0
Action.c(140):     49-56.456-53.049-56.456v-126.215h129.785c13.76-1.606 25.143-10.397 30.405-22.469l0.095-0.2
Action.c(140):     44c2.258-4.307 3.583-9.409 3.583-14.82 0-6.551-1.942-12.649-5.281-17.749l0.076 0.124c-19.4
Action.c(140):     8-18.097-42.946-32.196-68.91-40.822l-1.336-0.385c-58.799-25.007-102.608-75.375-118.131-136
Action.c(140):     .987l-0.298-1.395-57.267 27.093-50.292-23.523s0 413.85 0 413.85-139.032 0-139.032 0l-57.10
Action.c(140):     5-63.432c-26.444-56.456-86.469-171.316-86.469-171.316v234.423h-115.833l-45.262-41.369s-1.6
Action.c(140):     22 41.369-2.596 41.369h-125.404l-63.757-78.682v-359.179h-89.065v438.023h-124.755l-67.163-7
Action.c(140):     7.708v-360.314h-54.023c0.259 3.695 0.406 8.008 0.406 12.356 0 47.864-17.869 91.554-47.299 
Action.c(140):     124.763l0.171-0.197c24.659 22.712 47.534 48.669 47.534 81.115v219.985h-103.665l-70.57-78.8
Action.c(140):     44v-149.577c-3.139-14.778-12.3-26.969-24.733-34.099l-0.25-0.132c-8.112-1.622-8.112 4.056-8
Action.c(140):     .112 4.056s0 258.271 0 258.271-91.498 0-91.498 0l-53.212-52.563s14.925 52.238 14.601 52.40
Action.c(140):     1h-278.712l-48.669-52.563s-19.143 52.887-18.17 52.725-115.995 0-115.833 0-32.446-33.906-32
Action.c(140):     .446-33.906v33.906h-120.862l-78.033-77.222v-58.241c-11.201 16.736-30.030 27.607-51.397 27.
Action.c(140):     607-5.724 0-11.265-0.78-16.524-2.24l0.433 0.103c-35.204-20.766-101.394-89.876-101.394-89.8
Action.c(140):     76v200.030h-111.29l-86.307-78.682v-455.706c0-44.938 40.071-77.708 83.224-89.227s93.607 4.7
Action.c(140):     05 114.373 33.906l78.195 117.455 47.534-112.75c15.412-32.446 34.393-43.153 83.873-43.316s1
Action.c(140):     47.63 69.759 146.008 140.816v294.124l118.753-379.458c13.303-35.691 56.132-55.645 89.389-55
Action.c(140):     .483 2.975-0.399 6.414-0.627 9.907-0.627 22.643 0 43.047 9.584 57.377 24.917l0.042 0.045z"
Action.c(140):     ,\n
Action.c(140):             "M1251.934 244.806c-10.123 13.258-24.398 22.892-40.862 26.986l-0.507 0.107h-61.81v
Action.c(140):     -136.112c43.802-1.298 91.498-3.245 109.506 38.611 4.471 8.763 7.091 19.114 7.091 30.076 0 
Action.c(140):     15.205-5.040 29.233-13.542 40.503l0.123-0.171zM1302.063 314.89c35.042-18.657 71.544-103.50
Action.c(140):     3 48.669-163.366-18.008-47.534-59.214-102.854-121.349-102.854h-173.1l-1.785 526.925h93.607
Action.c(140):     v-200.679c82.413-6.976 112.588 22.063 116.319 52.563 0 0 0 147.954 0 147.954h91.498v-210.9
Action.c(140):     c-0.649-17.845-24.497-42.504-53.861-49.643z",\n
Action.c(140):             "M1157.029 263.463h53.536c14.207-4.217 26.096-12.587 34.599-23.687l0.118-0.161c7.2
Action.c(140):     01-9.637 11.529-21.786 11.529-34.946 0-9.554-2.282-18.576-6.33-26.549l0.154 0.334c-15.25-3
Action.c(140):     5.529-55.807-35.204-93.769-34.068zM1211.052 279.686h-70.733v-151.848h9.085c7.949 0 16.223 
Action.c(140):     0 24.010 0 36.34 0 75.599 5.191 92.309 44.127 4.966 9.771 7.876 21.306 7.876 33.522 0 16.8
Action.c(140):     16-5.514 32.344-14.832 44.875l0.143-0.201c-11.717 15.015-28.283 25.765-47.316 29.914l-0.54
Action.c(140):     2 0.099zM1273.349 567.807h74.951v-202.951c-1.136-13.952-22.55-35.691-48.669-41.856l-21.252
Action.c(140):     -5.191 19.468-9.572c32.446-17.196 66.028-97.338 44.938-153.146-17.845-46.885-57.105-97.338
Action.c(140):     -113.561-97.338h-164.664l-1.46 510.053h76.897v-200.517h7.625c8.274-0.811 16.223-1.136 24.0
Action.c(140):     10-1.136 84.684 0 98.961 42.667 101.070 60.999 0.324 0 0.324 0.649 0.649 140.654zM1364.847
Action.c(140):      584.030h-108.046v-8.274c0-49.643 0-144.385 0-147.63-3.731-31.635-40.071-48.669-99.61-45.2
Action.c(140):     62v201.166h-110.804l1.622-543.473h181.374c64.892 0 109.343 55.645 129.785 107.721 21.577 5
Action.c(140):     6.781-6.651 132.705-39.098 163.529 24.497 11.032 44.127 32.446 45.587 52.076z",\n
Action.c(140):             "M197.921 79.169l84.522 194.677s51.914-124.106 74.464-179.914c8.598-18.494 13.465-
Action.c(140):     39.098 50.616-42.991 3.314-0.372 7.157-0.585 11.049-0.585 26.534 0 50.762 9.876 69.207 26.
Action.c(140):     153l-0.113-0.098c15.694 15.035 25.604 36 26.117 59.282l0.002 0.094c0 21.414 0 439.483 0 43
Action.c(140):     9.645h-103.179s0-384.324 0-384.324l-86.144 
Action.c(140): t=20688ms: 4687-byte DECODED response body for "https://stage.peapod.com/shop/images/icons/PeapodIcons.json" (RelFrameId=1, Internal ID=13)
Action.c(140):     256.324c-7.25 15.158-22.463 25.441-40.078 25.441-6.269 0-12.233-1.302-17.637-3.651l0.286 0
Action.c(140):     .111c-12.167-0.973-22.063-13.627-28.066-22.063 0 0-91.336-256.162-91.011-256s0 384.324 0 3
Action.c(140):     84.324h-103.828v-458.951c0.487-45.587 55.807-67.975 86.469-67.975 1.154-0.059 2.507-0.092 
Action.c(140):     3.867-0.092 25.622 0 48.47 11.88 63.335 30.431l0.124 0.16z",\n
Action.c(140):             "M52.401 567.807h87.28c0-128.973 0-359.016 0-374.915v-3.082l5.678-7.138 11.194 1.7
Action.c(140):     85v5.678c3.731 11.356 60.025 169.207 90.038 253.729 8.112 11.194 15.25 17.196 21.414 17.84
Action.c(140):     5h1.785c4.245 1.851 9.191 2.927 14.388 2.927 14.243 0 26.598-8.086 32.724-19.918l0.097-0.2
Action.c(140):     05 85.982-255.838 16.223 2.596c0 117.942 0 332.086 0 376.051h86.631c0-57.916 0-411.741 0-4
Action.c(140):     31.371-0.547-20.924-9.387-39.683-23.341-53.192l-0.021-0.020c-16.771-14.808-38.939-23.848-6
Action.c(140):     3.218-23.848-0.018 0-0.036 0-0.055 0l-10.542-0c-19.892 0.088-36.575 13.722-41.304 32.149l-
Action.c(140):     0.065 0.297c-0.811 1.947-1.622 4.056-2.596 6.003-22.388 54.996-74.139 178.454-74.626 180.0
Action.c(140):     76l-7.463 18.008-92.147-212.36c-13.421-15.883-33.352-25.9-55.624-25.9-1.377 0-2.745 0.038-
Action.c(140):     4.104 0.114l0.189-0.008c-28.066 0-78.033 20.117-78.52 59.376zM408.010 584.030l-2.433-2.433
Action.c(140):     c-2.758-2.433-2.758-2.433-2.92-66.19v-273.521l-70.733 208.953c-8.747 17.983-26.88 30.158-4
Action.c(140):     7.856 30.158-6.704 0-13.117-1.243-19.022-3.512l0.363 0.123c-14.046-4.007-25.477-13.218-32.
Action.c(140):     307-25.364l-0.139-0.269-1.136-1.947c-14.601-41.369-52.563-147.792-74.626-209.926 0 92.796 
Action.c(140):     0 287.148 0 335.493v8.436h-121.511v-467.387c0-52.887 63.108-75.924 94.905-75.924 1.346-0.0
Action.c(140):     73 2.921-0.115 4.505-0.115 28.327 0 53.532 13.371 69.647 34.145l0.15 0.201v0.973l77.384 17
Action.c(140):     7.156c15.25-36.664 49.805-119.726 66.677-162.231 1.136-2.271 1.947-4.056 2.758-6.003 7.245
Action.c(140):     -24.064 28.934-41.402 54.764-42.016l0.070-0.001c1.819-0.116 3.943-0.182 6.084-0.182s4.265 
Action.c(140):     0.066 6.372 0.196l-0.289-0.014c0.129-0.001 0.282-0.001 0.435-0.001 28.323 0 54.176 10.581 
Action.c(140):     73.82 28.005l-0.115-0.1c17.299 16.39 28.29 39.289 29.036 64.757l0.003 0.135c0 11.356 0 126
Action.c(140):     .053 0 227.934 0 53.698 0 106.586 0 146.008v47.696c0 23.199 0 23.199-4.705 25.47-1.622 0-1
Action.c(140):     .622 0-79.006 0h-26.93z",\n
Action.c(140):             "M843.599 82.738c8.51 10.052 15.791 21.544 21.371 33.965l0.368 0.915s138.058 457.8
Action.c(140):     15 138.545 457.815h-265.247v-91.174h129.785l-86.469-293.151-116.806 384.649h-101.556s150.2
Action.c(140):     26-487.503 150.226-487.503c6.489-22.55 56.781-51.103 97.338-34.068 13.556 6.323 24.595 16.
Action.c(140):     112 32.263 28.243l0.183 0.309z",\n
Action.c(140):             "M574.783 567.807h84.36l122.809-405.577 97.338 330.302h-132.056v75.275h244.968c0-2
Action.c(140):     .433-1.785-5.516-2.758-8.923-3.894-12.492-9.247-30.499-16.223-51.914-13.141-42.991-30.337-
Action.c(140):     100.096-47.696-157.364-33.257-110.641-65.703-219.823-68.461-229.070-5.52-12.394-12.201-23.
Action.c(140):     078-20.143-32.68l0.188 0.234-0.811-0.973c-6.925-11.088-16.699-19.819-28.309-25.298l-0.406-
Action.c(140):     0.172c-6.788-2.772-14.665-4.381-22.918-4.381-0.099 0-0.198 0-0.297 0.001l0.015-0c-30.824 0
Action.c(140):     -58.89 19.954-62.783 33.42-1.46 4.542-125.242 406.063-146.819 477.12zM672.122 584.030h-6.9
Action.c(140):     76c-95.229 0-103.828 0-106.586-1.622v0c-4.705-3.407-4.542-3.731 3.569-30.013l143.574-466.5
Action.c(140):     75c6.165-20.928 40.558-45.1 78.682-45.1 0.191-0.002 0.417-0.003 0.643-0.003 10.597 0 20.69
Action.c(140):     2 2.148 29.873 6.032l-0.503-0.189c14.603 6.967 26.54 17.498 35.004 30.497l0.2 0.327c8.766 
Action.c(140):     10.478 16.404 22.374 22.447 35.172l0.427 1.006v0.973c44.127 145.034 124.918 413.364 137.24
Action.c(140):     7 453.272h2.271v7.787c0 5.678-1.622 7.3-9.085 7.787h-272.872v-107.721h127.027l-75.275-255.
Action.c(140):     676z",\n
Action.c(140):             "M2083.853 88.416l131.894 271.412v-310.672h108.37v526.276h-114.697l-176.507-348.30
Action.c(140):     9v348.471h-102.368v-463.817c0-24.335 43.478-62.783 77.708-63.108 24.984 0 63.27 9.247 76.5
Action.c(140):     73 39.747z",\n
Action.c(140):             "M2008.253 56.943h-0.811c-21.871 2.537-40.959 12.822-54.771 27.996l-0.063 0.070c-7
Action.c(140):     .718 6.672-13.067 15.9-14.73 26.356l-0.033 0.25v456.193h86.631v-340.684l16.223-3.731 174.3
Action.c(140):     98 344.416h101.394v-510.378h-91.823v302.398l-16.223 3.731-131.894-271.574c-12.33-27.093-48
Action.c(140):     .669-35.042-68.299-35.042zM1921.46 584.030v-472.253c1.431-15.332 8.643-28.748 19.404-38.23
Action.c(140):     2l0.063-0.055c16.948-18.004 40.139-29.966 66.097-32.414l0.417-0.032h0.973c29.364 0 68.786 
Action.c(140):     11.681 83.062 44.776l115.995 238.641v-283.093h124.918v542.662h-128l-163.042-322.352v322.35
Action.c(140):     2z",\n
Action.c(140):             "M2774.144 135.949h-120.051c-24.010 0-40.071 19.305-48.669 44.289-2.349 7.965-3.7 
Action.c(140):     17.116-3.7 26.583 0 20.836 6.547 40.143 17.696 55.977l-0.206-0.308c43.153 35.853 94.256 22
Action.c(140):     .388 134.003 64.892 47.534 53.049 56.294 107.234 34.393 163.529-19.931 47.585-64.621 81.13
Action.c(140):     1-117.526 84.662l-0.415 0.022h-122.646v-81.115h117.455c16.223 0 37.151-23.361 43.965-42.50
Action.c(140):     4 17.521-49.643-37.8-79.493-79.817-93.932-50.076-16.453-89.236-53.913-107.648-101.681l-0.3
Action.c(140):     98-1.173c-16.223-60.512-9.247-125.891 44.776-171.965 24.172-17.034 39.747-34.555 79.006-34
Action.c(140):     .555h129.785v87.28z",\n
Action.c(140):             "M2554.646 5
Action.c(140): t=20698ms: 12280-byte ENCODED response body received for "https://stage.peapod.com/shop/images/icons/PeapodIcons.json" (RelFrameId=1, Internal ID=13)
Action.c(140): t=20698ms: 12288-byte DECODED response body for "https://stage.peapod.com/shop/images/icons/PeapodIcons.json" (RelFrameId=1, Internal ID=13)
Action.c(140):     02.915v63.919h115.022c49.8-3.753 91.456-35.095 109.996-78.644l0.321-0.849c21.414-55.645 10
Action.c(140):     .707-106.261-32.446-154.93-17.724-16.941-40.364-28.878-65.567-33.463l-0.785-0.119c-25.51-5
Action.c(140):     .361-47.945-15.944-67.068-30.626l0.391 0.288-0.973-0.811c-12.548-17.192-20.076-38.743-20.0
Action.c(140):     76-62.052 0-10.076 1.407-19.824 4.035-29.057l-0.182 0.747c10.545-32.446 31.148-49.967 56.2
Action.c(140):     94-49.967h111.29v-69.921h-120.537c-0.113-0-0.247-0.001-0.38-0.001-24.468 0-46.747 9.371-63
Action.c(140):     .444 24.721l0.067-0.061-11.194 8.112c-61.323 52.887-52.563 124.918-41.856 163.204 17.864 4
Action.c(140):     6.419 55.106 81.907 101.544 97.015l1.148 0.323c30.013 10.383 68.624 28.877 83.062 58.728 3
Action.c(140):     .651 7.362 5.788 16.032 5.788 25.2 0 7.448-1.41 14.566-3.977 21.103l0.136-0.392c-7.787 22.
Action.c(140):     388-30.986 47.534-51.589 48.669zM2538.423 584.030v-97.338h125.567c11.518 0 30.013-18.981 3
Action.c(140):     6.34-36.989 1.727-4.366 2.729-9.424 2.729-14.716 0-6.446-1.486-12.545-4.134-17.973l0.107 0
Action.c(140):     .243c-9.247-19.305-35.366-37.151-73.49-50.292-52.538-17.256-93.658-56.464-113.139-106.49l-
Action.c(140):     0.422-1.231c-20.603-73.49-3.731-137.734 47.209-181.212v0l11.194-8.112c19.379-17.966 45.369
Action.c(140):     -29.040 73.945-29.201l0.033-0h137.572v103.503h-127.838c-24.010 0-35.691 24.172-40.558 38.6
Action.c(140):     11-2.071 7.173-3.263 15.412-3.263 23.93 0 18.539 5.644 35.76 15.306 50.038l-0.201-0.315c16
Action.c(140):     .923 12.641 37.117 21.925 59.053 26.439l0.972 0.167c29.126 5.517 54.422 19.168 74.166 38.4
Action.c(140):     75l-0.027-0.026c47.696 53.049 59.863 110.966 36.177 172.127-20.976 50.95-68.761 86.872-125
Action.c(140):     .32 90.342l-0.409 0.020z",\n
Action.c(140):             "M1714.129 135.949l-112.75-0.324-0.324 439.807h-113.561l0.162-439.645-111.615 0.16
Action.c(140):     2 0.162-86.956h337.764l0.162 86.956z",\n
Action.c(140):             "M1495.929 127.513v440.294h97.338v-439.645h113.561v-70.895h-322.352v70.408zM1479.2
Action.c(140):     19 584.030v-439.97h-111.452v-103.503h354.312v103.665h-113.561l0.811 439.807z",\n
Action.c(140):             "M1874.413 575.594h-101.556v-526.601l101.556 0.324v526.276z",\n
Action.c(140):             "M1781.131 57.267v510.54h84.522v-510.215zM1764.907 583.868v-543.148h118.266v543.31
Action.c(140):     1z",\n
Action.c(140):             "M2477.262 48.669c0.811 40.882 0 101.881-31.148 139.681-19.792 16.223-28.553 32.44
Action.c(140):     6-62.459 27.904l19.468-81.115h-27.741v-86.469h101.719z",\n
Action.c(140):             "M2394.038 208.953c0.051 0 0.111 0 0.171 0 15.052 0 28.453-7.068 37.065-18.067l0.0
Action.c(140):     78-0.103c2.758-2.596 5.678-5.354 8.76-7.949 25.795-31.473 29.526-80.304 28.877-125.567h-85
Action.c(140):     .171v70.408h30.013zM2394.038 225.176c-0.209 0.002-0.456 0.003-0.703 0.003-4.044 0-8.019-0.
Action.c(140):     296-11.905-0.867l0.441 0.053-9.085-1.136 19.143-79.331h-25.47v-103.016h118.104v7.787c1.136
Action.c(140):      50.778-1.947 107.559-32.446 145.034l-0.973 0.973c-3.245 2.758-6.003 5.516-8.76 7.949-11.5
Action.c(140):     29 13.704-28.55 22.468-47.627 22.873l-0.069 0.001z",\n
Action.c(140):             "M1216.73 258.596v-34.068h30.662c-4.024 15.886-15.463 28.448-30.325 33.959l-0.337 
Action.c(140):     0.109zM1266.373 182.347c-18.008-41.856-64.892-39.909-109.506-38.611v135.949h61.972c16.996-
Action.c(140):     4.135 31.29-13.785 41.237-26.911l0.132-0.182c8.527-11.161 13.663-25.31 13.663-40.659 0-10.
Action.c(140):     771-2.529-20.95-7.026-29.978l0.176 0.391z",\n
Action.c(140):             "M2947.245 616.477c0 31.449-25.494 56.943-56.943 56.943s-56.943-25.494-56.943-56.9
Action.c(140):     43c0-31.449 25.494-56.943 56.943-56.943v-0c31.449 0 56.943 25.494 56.943 56.943v-0z",\n
Action.c(140):             "M2890.302 566.672c-27.506 0-49.805 22.298-49.805 49.805s22.298 49.805 49.805 49.8
Action.c(140):     05c27.506 0 49.805-22.298 49.805-49.805v0c0-27.506-22.298-49.805-49.805-49.805v0zM2890.302
Action.c(140):      680.233c-35.839 0-64.892-29.053-64.892-64.892s29.053-64.892 64.892-64.892c35.839 0 64.892
Action.c(140):      29.053 64.892 64.892v0c0.006 0.338 0.010 0.736 0.010 1.136 0 35.839-29.053 64.892-64.892 
Action.c(140):     64.892-0.004 0-0.007-0-0.011-0l0.001 0z",\n
Action.c(140):             "M2881.541 616.477v-18.008h11.356c6.003 0 12.167 1.298 12.167 8.274s-6.327 9.085-1
Action.c(140):     3.465 9.085zM2881.541 623.615h9.572l14.763 24.172h9.409l-16.223-24.659c0.010 0 0.022 0 0.0
Action.c(140):     33 0 7.885 0 14.276-6.392 14.276-14.276 0-0.343-0.012-0.682-0.036-1.019l0.003 0.045c0-11.0
Action.c(140):     32-6.489-16.223-19.63-16.223h-21.090v55.645h8.436zM2891.762 668.228c26.879 0 48.669-21.79 
Action.c(140):     48.669-48.669s-21.79-48.669-48.669-48.669c-26.879 0-48.669 21.79-48.669 48.669v0c0.366 26.
Action.c(140):     599 22.014 48.020 48.665 48.020 0.002 0 0.003-0 0.005-0l-0 0zM2852.34 619.559c0.633-21.188
Action.c(140):      17.96-38.124 39.243-38.124 21.683 0 39.26 17.577 39.26 39.26 0 21.62-17.475 39.158-39.071
Action.c(140):      39.259l-0.010 0c-0.159 0.002-0.347 0.004-0.536 0.004-21.503 0-38.935-17.432-38.935-38.935
Action.c(140):      0-0.686 0.018-1.368 0.053-2.045l-0.004 0.095z"\n
Action.c(140):           ],\n
Action.c(140):           "attrs": [\n
Action.c(140):             {\n
Action.c(140):               "fill": "rgb(99, 102, 106)"\n
Action.c(140):             },\n
Action.c(140):             {\n
Action.c(140):               "fill": "rgb(99, 102, 106)"\n
Action.c(140):             },\n
Action.c(140):             {\n
Action.c(140):               "fill": "rgb(99, 102, 106)"\n
Action.c(140):             },\n
Action.c(140):             {\n
Action.c(140):               "fill": "rgb(99, 102, 106)"\n
Action.c(140):             },\n
Action.c(140):             {\n
Action.c(140):               "fill": "rgb(99, 102, 106)"\n
Action.c(140):             },\n
Action.c(140):             {\n
Action.c(140):               "fill": "rgb(99, 102, 106)"\n
Action.c(140):             },\n
Action.c(140):             {\n
Action.c(140):               "fill": "rgb(99, 102, 106)"\n
Action.c(140):             },\n
Action.c(140):             {\n
Action.c(140):               "fill": "rgb(99, 102, 106)"\n
Action.c(140):             },\n
Action.c(140):             {\n
Action.c(140):               "fill": "rgb(99, 102, 106)"\n
Action.c(140):             },\n
Action.c(140):             {\n
Action.c(140):               "fill": "rgb(51, 51, 51)"\n
Action.c(140):             },\n
Action.c(140):             {\n
Action.c(140):               "fill": "rgb(51, 51, 51)"\n
Action.c(140):             },\n
Action.c(140):             {\n
Action.c(140):               "fill": "rgb(54, 54, 54)"\n
Action.c(140):             },\n
Action.c(140):             {\n
Action.c(140):               "fill": "rgb(51, 51, 51)"\n
Action.c(140):             },\n
Action.c(140):             {\n
Action.c(140):               "fill": "rgb(51, 51, 51)"\n
Action.c(140):             },\n
Action.c(140):             {\n
Action.c(140):               "fill": "rgb(94, 160, 0)"\n
Action.c(140):             },\n
Action.c(140):             {\n
Action.c(140):               "fill": "rgb(51, 51, 51)"\n
Action.c(140):             },\n
Action.c(140):             {\n
Action.c(140):               "fill": "rgb(255, 255, 254)"\n
Action.c(140):             },\n
Action.c(140):             {\n
Action.c(140):               "fill": "rgb(255, 255, 254)"\n
Action.c(140):             },\n
Action.c(140):             {\n
Action.c(140):               "fill": "rgb(255, 255, 254)"\n
Action.c(140):             },\n
Action.c(140):             {\n
Action.c(140):               "fill": "rgb(255, 255, 254)"\n
Action.c(140):             },\n
Action.c(140):             {\n
Action.c(140):               "fill": "rgb(255, 255, 254)"\n
Action.c(140):             },\n
Action.c(140):             {\n
Action.c(140):               "fill": "rgb(255, 255, 254)"\n
Action.c(140):             },\n
Action.c(140):             {\n
Action.c(140):               "fill": "rgb(255, 255, 254)"\n
Action.c(140):             },\n
Action.c(140):             {\n
Action.c(140):               "fill": "rgb(255, 255, 254)"\n
Action.c(140):             },\n
Action.c(140):             {\n
Action.c(140):               "fill": "rgb(255, 255, 254)"\n
Action.c(140):             },\n
Action.c(140):             {\n
Action.c(140):               "fill": "rgb(255, 255, 254)"\n
Action.c(140):             },\n
Action.c(140):             {\n
Action.c(140):               "fill": "rgb(255, 255, 254)"\n
Action.c(140):             },\n
Action.c(140):             {\n
Action.c(140):               "fill": "rgb(255, 255, 254)"\n
Action.c(140):             },\n
Action.c(140):             {\n
Action.c(140):               "fill": "rgb(255, 255, 254)"\n
Action.c(140):             },\n
Action.c(140):             {\n
Action.c(140):               "fill": "rgb(255, 255, 254)"\n
Action.c(140):             },\n
Action.c(140):             {\n
Action.c(140):               "fill": "rgb(255, 255, 254)"\n
Action.c(140):             },\n
Action.c(140):             {\n
Action.c(140):               "fill": "rgb(255, 255, 254)"\n
Action.c(140):             },\n
Action.c(140):             {\n
Action.c(140):               "fill": "rgb(255, 255, 254)"\n
Action.c(140):             },\n
Action.c(140):             {\n
Action.c(140):               "fill": "rgb(255, 255, 254)"\n
Action.c(140):             },\n
Action.c(140):             {\n
Action.c(140):               "fill": "rgb(255, 255, 254)"\n
Action.c(140):             },\n
Action.c(140):             {\n
Action.c(140):               "fill": "rgb(26, 25, 25)"\n
Action.c(140):             },\n
Action.c(140):             {\n
Action.c(140):               "fill": "rgb(220, 59, 65)"\n
Action.c(140):             },\n
Action.c(140):             {\n
Action.c(140):               "fill": "rgb(220, 59, 65)"\n
Action.c(140):             },\n
Action.c(140):             {\n
Action.c(140):               "fill": "rgb(220, 59, 65)"\n
Action.c(140):             },\n
Action.c(140):             {\n
Action.c(140):               "fill": "rgb(220, 59, 65)"\n
Action.c(140):             },\n
Action.c(140):             {\n
Action.c(140):               "fill": "rgb(220, 59, 65)"\n
Action.c(140):             },\n
Action.c(140):             {\n
Action.c(140):               "fill": "rgb(220, 59, 65)"\n
Action.c(140):             },\n
Action.c(140):             {\n
Action.c(140):               "fill": "rgb(220, 59, 65)"\n
Action.c(140):             },\n
Action.c(140):             {\n
Action.c(140):               "fill": "rgb(220, 59, 65)"\n
Action.c(140):             },\n
Action.c(140):             {\n
Action.c(140):               "fill": "rgb(220, 59, 65)"\n
Action.c(140):             },\n
Action.c(140):             {\n
Action.c(140):               "fill": "rgb(220, 59, 65)"\n
Action.c(140):             },\n
Action.c(140):             {\n
Action.c(140):               "fill": "rgb(220, 59, 65)"\n
Action.c(140):             },\n
Action.c(140):             {\n
Action.c(140):               "fill": "rgb(220, 59, 65)"\n
Action.c(140):             },\n
Action.c(140):             {\n
Action.c(140):               "fill": "rgb(220, 59, 65)"\n
Action.c(140):             },\n
Action.c(140):             {\n
Action.c(140):               "fill": "rgb(220, 59, 65)"\n
Action.c(140):             },\n
Action.c(140):             {\n
Action.c(140):               "fill": "rgb(220, 59, 65)"\n
Action.c(140):             },\n
Action.c(140):             {\n
Action.c(140):               "fill": "rgb(220, 59, 65)"\n
Action.c(140):             },\n
Action.c(140):             {\n
Action.c(140):               "fill": "rgb(26, 25, 25)"\n
Action.c(140):             },\n
Action.c(140):             {\n
Action.c(140):               "fill": "rgb(255, 255, 254)"\n
Action.c(140):             },\n
Action.c(140):             {\n
Action.c(140):               "fill": "rgb(255, 255, 254)"\n
Action.c(140):             },\n
Action.c(140):             {\n
Action.c(140):               "fill": "rgb(26, 25, 25)"\n
Action.c(140):             }\n
Action.c(140):           ],\n
Action.c(140):           "width": 2954,\n
Action.c(140):           "isMulticolor": true,\n
Action.c(140):           "grid": 32,\n
Action.c(140):           "tags": [\n
Action.c(140):             "martins-powered-by-peapod"\n
Action.c(140):           ]\n
Action.c(140):         },\n
Action.c(140):         {\n
Action.c(140):           "paths": [\n
Action.c(140):             "M361.567 853.608h27.381v10.062c3.024-3.79 6.905-6.77 11.357-8.67l0.19-0.072c4.306
Action.c(140):     -1.98 9.342-3.135 14.648-3.135 0.069 0 0.139 0 0.208 0.001l-0.011-0c0.252-0.006 0.548-0.00
Action.c(140):     9 0.845-0.009 6.181 0 12.021 1.466 17.189 4.068l-0.22-0.1c5.175 2.531 9.486 6.102 12.802 1
Action.c(140):     0.469l0.064 0.087c3.404 4.345 6.063 9.462 7.674 15.023l0.079 0.317c1.675 5.137 2.641 11.04
Action.c(140):     9 2.641 17.186 0 0.163-0.001 0.326-0.002 0.488l0-0.025c0.008 0.352 0.013 0.766 0.013 1.182
Action.c(140):      0 7.69-1.644 14.996-4.601 21.585l0.134-0.334c-2.668 6.12-6.466 11.293-11.171 15.466l-0.04
Action.c(140):     5 0.039c-4.644 3.984-10.136 7.134-16.152 9.138l-0.342 0.099c-4.911 1.728-10.575 2.751-16.4
Action.c(140):     7 2.804l-0.025 0c-0.381 0.013-0.83 0.020-1.28 0.020-3.469 0-6.837-0.428-10.056-1.235l0.284
Action.c(140):      0.060-7.918-2.309v40.247h-27.216zM389.938 921.897c4.153 2.43 9.145 3.864 14.472 3.864 0.7
Action.c(140):     12 0 1.418-0.026 2.117-0.076l-0.094 0.005c0.273 0.013 0.593 0.020 0.915 0.020 6.21 0 11.77
Action.c(140):     8-2.745 15.558-7.088l0.021-0.025c3.735-4.62 5.995-10.567 5.995-17.041 0-0.62-0.021-1.236-0
Action.c(140):     .062-1.846l0.004 0.083c0.001-0.075 0.001-0.163 0.001-0.252 0-3.079-0.422-6.060-1.211-8.887
Action.c(140):     l0.055 0.232c-0.675-2.882-1.815-5.419-3.349-7.665l0.050 0.078c-1.544-2.145-3.536-3.873-5.8
Action.c(140):     46-5.070l-0.092-0.043c-2.465-1.254-5.375-1.989-8.457-1.989-0.216 0-0.432 0.004-0.647 0.011
Action.c(140):     l0.031-0.001c-0.155-0.004-0.337-0.007-0.52-0.007-2.856 0-5.569 0.61-8.016 1.706l0.124-0.05
Action.c(140):     0c-2.374 1.268-4.392 2.866-6.084 4.762l-0.019 0.021c-3.087 3.71-4.961 8.524-4.961 13.776 0
Action.c(140):      0.26 0.005 0.519 0.014 0.776l-0.001-0.037z",\n
Action.c(140):             "M470.268 899.794c-0.001-0.13-0.002-0.284-0.002-0.438 0-6.794 1.334-13.277 3.753-1
Action.c(140):     9.2l-0.123 0.339c4.842-11.929 14.047-21.241 25.586-26.11l0.311-0.117c6.002-2.506 12.975-3.
Action.c(140):     961 20.289-3.961s14.287 1.455 20.646 4.093l-0.358-0.131c6.025 2.636 11.167 6.193 15.503 10
Action.c(140):     .554l0.002 0.002c4.372 4.594 7.849 10.086 10.119 16.166l0.108 0.329c2.297 5.584 3.631 12.0
Action.c(140):     67 3.631 18.861 0 0.154-0.001 0.308-0.002 0.462l0-0.024c0.003 0.204 0.005 0.445 0.005 0.68
Action.c(140):     7 0 6.709-1.335 13.106-3.754 18.94l0.121-0.328c-2.354 6.417-5.834 11.913-10.243 16.511l0.0
Action.c(140):     16-0.017c-4.331 4.427-9.474 8.038-15.191 10.596l-0.314 0.125c-6.002 2.506-12.975 3.961-20.
Action.c(140):     289 3.961s-14.287-1.455-20.646-4.093l0.358 0.131c-6.108-2.633-11.313-6.252-15.66-10.712l-0
Action.c(140):     .010-0.010c-4.393-4.582-7.872-10.078-10.122-16.17l-0.105-0.325c-2.309-5.518-3.651-11.929-3
Action.c(140):     .651-18.654 0-0.517 0.008-1.032 0.024-1.545l-0.002 0.075zM519.753 924.866c0.164 0.005 0.35
Action.c(140):     8 0.008 0.552 0.008 3.289 0 6.392-0.795 9.127-2.204l-0.112 0.052c2.776-1.352 5.094-3.247 6
Action.c(140):     .895-5.565l0.033-0.044c1.928-2.257 3.405-4.962 4.252-7.932l0.037-0.15c0.939-2.732 1.481-5.
Action.c(140):     88 1.481-9.155s-0.542-6.423-1.542-9.359l0.060 0.204c-0.885-3.063-2.361-5.714-4.309-7.942l0
Action.c(140):     .021 0.024c-1.834-2.361-4.152-4.257-6.814-5.558l-0.114-0.050c-2.779-1.353-6.046-2.144-9.49
Action.c(140):     7-2.144-0.025 0-0.049 0-0.074 0l0.004-0c-3.476 0.007-6.765 0.797-9.703 2.203l0.136-0.059c-
Action.c(140):     2.806 1.398-5.168 3.285-7.064 5.573l-0.029 0.036c-1.744 2.258-3.148 4.888-4.072 7.734l-0.0
Action.c(140):     51 0.183c-0.939 2.732-1.481 5.88-1.481 9.155s0.542 6.423 1.542 9.359l-0.060-0.204c0.975 3.
Action.c(140):     089 2.38 5.774 4.173 8.15l-0.049-0.068c1.924 2.323 4.286 4.211 6.969 5.552l0.124 0.056c2.6
Action.c(140):     64 1.361 5.811 2.158 9.145 2.158 0.265 0 0.528-0.005 0.79-0.015l-0.038 0.001z",\n
Action.c(140):             "M574.515 853.608h29.361l16.495 59.546 17.979-59.546h22.763l18.309 59.546 16.495-5
Action.c(140):     9.546h28.701l-31.835 92.866h-26.392l-17.485-51.959-16.495 51.959h-26.062z",\n
Action.c(140):             "M820.454 936.247l-4.784 3.299c-2.359 1.583-5.068 3.072-7.907 4.32l-0.341 0.134c-3
Action.c(140):     .431 1.535-7.458 2.844-11.644 3.724l-0.398 0.070c-4.627 1.159-9.938 1.823-15.404 1.823-0.3
Action.c(140):     83 0-0.766-0.003-1.148-0.010l0.057 0.001c-7.249-0.056-14.157-1.443-20.515-3.929l0.392 0.13
Action.c(140):     5c-6.427-2.245-11.934-5.68-16.51-10.076l0.015 0.014c-4.405-4.548-7.844-10.060-9.968-16.186
Action.c(140):     l-0.093-0.309c-2.197-5.817-3.469-12.542-3.469-19.564 0-0.255 0.002-0.509 0.005-0.763l-0 0.
Action.c(140):     039c-0.002-0.176-0.003-0.383-0.003-0.591 0-6.486 1.212-12.69 3.421-18.396l-0.119 0.348c2.1
Action.c(140):     77-6.071 5.376-11.287 9.432-15.703l-0.030 0.033c4.068-4.62 9.078-8.309 14.74-10.782l0.27-0
Action.c(140):     .105c5.825-2.607 12.625-4.125 19.779-4.125 0.121 0 0.242 0 0.363 0.001l-0.019-0c0.365-0.01
Action.c(140):     1 0.793-0.017 1.223-0.017 6.744 0 13.13 1.527 18.834 4.254l-0.263-0.113c5.708 2.584 10.505
Action.c(140):      6.271 14.299 10.823l0.052 0.064c3.866 4.654 6.91 10.149 8.814 16.153l0.094 0.342c1.886 6.
Action.c(140):     22 2.972 13.368 2.972 20.77 0 0.237-0.001 0.473-0.003 0.709l0-0.036v4.784h-65.979c0.202 5.
Action.c(140):     332 2.717 10.038 6.565 13.17l0.033 0.026c4.366 3.523 9.981 5.655 16.095 5.655 0.547 0 1.09
Action.c(140):     0-0.017 1.628-0.051l-0.074 0.004c0.435 0.016 0.946 0.024 1.459 0.024 6.020 0 11.756-1.222 
Action.c(140):     16.971-3.431l-0.286 0.107c3.853-1.671 7.16-3.5
Action.c(140): t=20741ms: 12288-byte DECODED response body for "https://stage.peapod.com/shop/images/icons/PeapodIcons.json" (RelFrameId=1, Internal ID=13)
Action.c(140):     47 10.237-5.726l-0.175 0.118zM795.381 890.722c0-0.012 0-0.026 0-0.040 0-2.183-0.424-4.267-
Action.c(140):     1.194-6.174l0.040 0.111c-0.889-2.156-2.055-4.010-3.483-5.63l0.019 0.022c-1.693-1.699-3.652
Action.c(140):     -3.131-5.809-4.229l-0.129-0.060c-2.347-1.048-5.085-1.659-7.966-1.659-0.215 0-0.429 0.003-0
Action.c(140):     .642 0.010l0.031-0.001c-0.19-0.006-0.414-0.010-0.638-0.010-2.928 0-5.714 0.61-8.237 1.711l
Action.c(140):     0.133-0.052c-2.42 1.117-4.492 2.556-6.273 4.293l0.004-0.004c-1.537 1.559-2.767 3.425-3.59 
Action.c(140):     5.497l-0.039 0.112c-0.834 1.741-1.321 3.783-1.321 5.94 0 0.057 0 0.115 0.001 0.172l-0-0.00
Action.c(140):     9z",\n
Action.c(140):             "M838.598 853.608h27.381l0.99 11.711c2.731-3.608 5.948-6.667 9.592-9.147l0.14-0.09
Action.c(140):     0c4.272-2.714 9.476-4.325 15.057-4.325 0.506 0 1.008 0.013 1.508 0.039l-0.070-0.003h6.433c
Action.c(140):     2.026 0.389 3.796 0.902 5.495 1.558l-0.216-0.073-4.619 25.072c-2.74-0.849-5.891-1.338-9.15
Action.c(140):     5-1.338-0.377 0-0.752 0.007-1.126 0.019l0.054-0.001c-0.474-0.038-1.026-0.059-1.583-0.059-1
Action.c(140):     1.661 0-21.113 9.453-21.113 21.113 0 0.718 0.036 1.428 0.106 2.127l-0.007-0.088v46.021h-28
Action.c(140):     .866z",\n
Action.c(140):             "M1002.557 936.247l-4.784 3.299c-2.359 1.583-5.068 3.072-7.907 4.32l-0.341 0.134c-
Action.c(140):     3.431 1.535-7.458 2.844-11.644 3.724l-0.398 0.070c-4.627 1.159-9.938 1.823-15.404 1.823-0.
Action.c(140):     383 0-0.766-0.003-1.148-0.010l0.057 0.001c-0.068 0-0.149 0-0.23 0-7.39 0-14.454-1.392-20.9
Action.c(140):     45-3.929l0.392 0.135c-6.427-2.245-11.934-5.68-16.51-10.076l0.015 0.014c-4.405-4.548-7.844-
Action.c(140):     10.060-9.968-16.186l-0.093-0.309c-2.197-5.817-3.469-12.542-3.469-19.564 0-0.255 0.002-0.50
Action.c(140):     9 0.005-0.763l-0 0.039c-0.002-0.176-0.003-0.383-0.003-0.591 0-6.486 1.212-12.69 3.421-18.3
Action.c(140):     96l-0.119 0.348c2.177-6.071 5.376-11.287 9.432-15.703l-0.030 0.033c4.068-4.62 9.078-8.309 
Action.c(140):     14.74-10.782l0.27-0.105c5.825-2.607 12.625-4.125 19.779-4.125 0.121 0 0.242 0 0.363 0.001l
Action.c(140):     -0.019-0c0.365-0.011 0.793-0.017 1.223-0.017 6.744 0 13.13 1.527 18.834 4.254l-0.263-0.113
Action.c(140):     c5.708 2.584 10.505 6.271 14.299 10.823l0.052 0.064c3.866 4.654 6.91 10.149 8.814 16.153l0
Action.c(140):     .094 0.342c1.886 6.22 2.972 13.368 2.972 20.77 0 0.237-0.001 0.473-0.003 0.709l0-0.036v4.7
Action.c(140):     84h-65.979c0.202 5.332 2.717 10.038 6.565 13.17l0.033 0.026c4.366 3.523 9.981 5.655 16.095
Action.c(140):      5.655 0.547 0 1.090-0.017 1.628-0.051l-0.074 0.004c0.435 0.016 0.946 0.024 1.459 0.024 6.
Action.c(140):     020 0 11.756-1.222 16.971-3.431l-0.286 0.107c3.853-1.671 7.16-3.547 10.237-5.726l-0.175 0.
Action.c(140):     118zM977.485 890.722c0-0.012 0-0.026 0-0.040 0-2.183-0.424-4.267-1.194-6.174l0.040 0.111c-
Action.c(140):     0.889-2.156-2.055-4.010-3.483-5.63l0.019 0.022c-1.693-1.699-3.652-3.131-5.809-4.229l-0.129
Action.c(140):     -0.060c-2.347-1.048-5.085-1.659-7.966-1.659-0.215 0-0.429 0.003-0.642 0.010l0.031-0.001c-0
Action.c(140):     .19-0.006-0.414-0.010-0.638-0.010-2.928 0-5.714 0.61-8.237 1.711l0.133-0.052c-2.42 1.117-4
Action.c(140):     .492 2.556-6.273 4.293l0.004-0.004c-1.537 1.559-2.767 3.425-3.59 5.497l-0.039 0.112c-0.834
Action.c(140):      1.741-1.321 3.783-1.321 5.94 0 0.057 0 0.115 0.001 0.172l-0-0.009z",\n
Action.c(140):             "M1083.876 937.072c-3.080 3.537-6.808 6.421-11.011 8.486l-0.206 0.091c-4.365 2.188
Action.c(140):     -9.511 3.468-14.956 3.468-0.193 0-0.386-0.002-0.578-0.005l0.029 0c-0.197 0.004-0.429 0.006
Action.c(140):     -0.661 0.006-5.727 0-11.171-1.216-16.086-3.405l0.252 0.1c-5.062-2.356-9.343-5.582-12.83-9.
Action.c(140):     526l-0.036-0.041c-3.61-4.304-6.522-9.342-8.472-14.836l-0.105-0.339c-1.994-5.551-3.146-11.9
Action.c(140):     57-3.146-18.631 0-0.409 0.004-0.817 0.013-1.223l-0.001 0.061c-0.008-0.34-0.013-0.741-0.013
Action.c(140):     -1.144 0-7.534 1.645-14.684 4.596-21.11l-0.13 0.315c2.833-6.077 6.666-11.229 11.341-15.469
Action.c(140):     l0.040-0.036c4.436-3.864 9.635-6.994 15.323-9.123l0.347-0.114c4.899-1.791 10.556-2.871 16.
Action.c(140):     451-2.968l0.044-0.001c1.56-0.197 3.365-0.31 5.196-0.31s3.636 0.113 5.408 0.331l-0.212-0.02
Action.c(140):     1c3.121 0.736 5.711 1.529 8.231 2.465l-0.478-0.155v-39.588h28.371v131.959h-25.567zM1083.87
Action.c(140):     6 879.175c-1.839-1.223-3.997-2.14-6.315-2.619l-0.118-0.020c-1.287-0.144-2.778-0.226-4.289-
Action.c(140):     0.226s-3.002 0.082-4.47 0.242l0.182-0.016c-0.169-0.005-0.369-0.008-0.568-0.008-6.38 0-12.0
Action.c(140):     88 2.875-15.901 7.399l-0.026 0.031c-3.72 4.753-5.965 10.816-5.965 17.404 0 0.435 0.010 0.8
Action.c(140):     67 0.029 1.297l-0.002-0.061c-0.011 0.292-0.018 0.634-0.018 0.979 0 5.821 1.861 11.207 5.02
Action.c(140):     1 15.596l-0.054-0.079c3.231 3.966 8.115 6.478 13.586 6.478 0.443 0 0.883-0.016 1.318-0.049
Action.c(140):     l-0.058 0.003c0.077 0.001 0.168 0.002 0.259 0.002 2.904 0 5.652-0.67 8.097-1.864l-0.109 0.
Action.c(140):     048c2.25-0.986 4.131-2.444 5.586-4.26l0.022-0.029c1.526-1.841 2.669-4.056 3.275-6.484l0.02
Action.c(140):     4-0.114c0.629-2.307 0.99-4.955 0.99-7.688 0-0.023-0-0.046-0-0.068l0 0.004z",\n
Action.c(140):             "M1168.33 814.351h28.536v46.186c2.934-2.916 6.524-5.176 10.528-6.541l0.194-0.057c3
Action.c(140):     .976-1.464 8.567-2.311 13.356-2.311 0.118 0 0.236 0.001 0.353 0.002l-0.018-0c0.308-0.009 0
Action.c(140):     .669-0.014 1.032-0.014 5.989 0 11.649 1.406 16.669 3.906l-0.217-0.098c5.194 2.396 9.552 5.
Action.c(140):     802 12.98 9.997l0.051 0.064c3.379 4.232 6.123 9.157 7.978 14.498l0.105 0.347c1.676 5.2 2.6
Action.c(140):     42 11.183 2.642 17.391 0 0.207-0.001 0.413-0.003 0.62l0-0.032c0.005 0.273 0.008 0.595 0.00
Action.c(140):     8 0.918 0 7.14-1.334 13.968-3.767 20.249l0.13-0.383c-2.396 6.452-5.992 11.958-10.555 16.49
Action.c(140):     3l-0.002 0.002c-4.58 4.493-10.072 8.076-16.169 10.445l-0.326 0.111c-6.57 2.407-14.156 3.79
Action.c(140):     9-22.067 3.799-0.303 0-0.605-0.002-0.907-0.006l0.046 0c-0.037 0-0.080 0-0.123 0-7.957 0-15
Action.c(140):     .718-0.841-23.199-2.439l0.724 0.13c-6.942-1.333-12.815-2.873-18.534-4.752l1.049 0.298zM119
Action.c(140):     6.866 923.711c1.516 0.636 3.29 1.152 5.133 1.464l0.146 0.020c1.185 0.101 2.565 0.159 3.959
Action.c(140):      0.159s2.773-0.058 4.137-0.171l-0.179 0.012c0.35 0.020 0.76 0.031 1.172 0.031 6.554 0 12.4
Action.c(140):     37-2.874 16.456-7.43l0.021-0.024c3.828-4.793 6.143-10.942 6.143-17.63 0-0.529-0.014-1.054-
Action.c(140):     0.043-1.576l0.003 0.073c0-0.024 0-0.053 0-0.082 0-3.014-0.361-5.943-1.042-8.747l0.052 0.25
Action.c(140):     3c-0.794-2.821-1.921-5.288-3.365-7.532l0.066 0.109c-1.443-2.18-3.324-3.956-5.529-5.236l-0.
Action.c(140):     079-0.042c-2.226-1.355-4.918-2.157-7.798-2.157-0.216 0-0.431 0.005-0.645 0.013l0.031-0.001
Action.c(140):     c-0.432-0.038-0.936-0.060-1.444-0.060-4.935 0-9.393 2.045-12.572 5.333l-0.005 0.005c-2.893
Action.c(140):      3.481-4.648 7.997-4.648 12.923 0 0.386 0.011 0.77 0.032 1.15l-0.002-0.053z",\n
Action.c(140):             "M1280.165 960.99c1.535 1.22 3.267 2.319 5.11 3.224l0.168 0.074c1.847 0.809 3.998 
Action.c(140):     1.291 6.257 1.319l0.011 0c0.068 0.002 0.148 0.002 0.229 0.002 2.831 0 5.414-1.065 7.37-2.8
Action.c(140):     16l-0.011 0.009c2.47-2.78 4.434-6.073 5.71-9.691l0.063-0.206 2.804-7.423-42.392-91.876h32.
Action.c(140):     99l22.763 58.557 20.948-58.557h30.186l-37.938 92.206-6.268 15.34c-2.040 5.227-4.537 9.742-
Action.c(140):     7.543 13.863l0.12-0.173c-2.942 3.94-6.563 7.194-10.718 9.64l-0.169 0.092c-4.462 2.401-9.76
Action.c(140):     3 3.812-15.395 3.812-0.387 0-0.772-0.007-1.156-0.020l0.056 0.002c-0.178 0.003-0.388 0.004-
Action.c(140):     0.598 0.004-4.674 0-9.178-0.725-13.406-2.069l0.313 0.086c-4.286-1.39-8.009-3.354-11.314-5.
Action.c(140):     843l0.097 0.070z",\n
Action.c(140):             "M593.814 287.505h59.381v58.887zM385.814 393.072h-107.216c-1.205-5.871-1.894-12.62
Action.c(140):     -1.894-19.529 0-12.527 2.267-24.525 6.413-35.605l-0.23 0.701c11.876-25.732 38.103-50.804 5
Action.c(140):     3.608-50.804h49.485zM2670.021 97.155l-78.845-82.474h-676.289v181.443l-50.969-80.66-2.144-1
Action.c(140):     .814c-13.031-11.052-25.402-23.423-37.443-35.464-23.115-25.091-49.422-46.728-78.403-64.414l
Action.c(140):     -1.597-0.905c-16.206-8.12-35.311-12.874-55.526-12.874-0.486 0-0.97 0.003-1.455 0.008l0.074
Action.c(140):     -0.001c-0.867-0.024-1.888-0.037-2.912-0.037-23.516 0-45.359 7.163-63.466 19.426l0.398-0.25
Action.c(140):     4c-35.71 23.080-60.212 60.879-64.934 104.607l-0.055 0.63c-1.345 10.545-2.112 22.745-2.112 
Action.c(140):     35.124 0 4.645 0.108 9.264 0.322 13.856l-0.024-0.65v278.433l-152.577-320.33-79.67-82.474c-
Action.c(140):     24.97-29.363-61.823-47.971-103.031-48.329l-0.062-0c-0.089-0-0.194-0-0.3-0-20.839 0-40.407 
Action.c(140):     5.443-57.36 14.985l0.587-0.304c-44.371 20.289-62.021 61.526-77.361 97.814-6.299 15.725-12.
Action.c(140):     499 28.641-19.415 41.105l0.94-1.847-122.062 275.959v-327.423l-84.948-87.093h-206.186v78.35
Action.c(140):     1l-73.732-74.227h-318.021c-1.205-0.022-2.625-0.035-4.048-0.035-59.323 0-113.487 22.085-154
Action.c(140):     .72 58.481l0.253-0.219c-82.474 64.825-121.567 186.722-94.186 296.907 26.392 104.907 115.46
Action.c(140):     4 183.588 154.392 217.072l3.464 2.969c37.938 32.99 125.031 67.629 159.835 67.959v0h331.876
Action.c(140):     v-74.227l74.392 73.567h211.299v-13.526l15.505 13.856h189.196c7.918 0 23.588 0 26.227-14.18
Action.c(140):     6 1.979-4.784 8.082-18.309 15.34-33.979l48.495 47.835h401.32v-2.309h185.567v-192.33l67.959
Action.c(140):      102.598 56.742 71.588c10.062 12.536 16.495 20.454 24.577 20.454h210.639v-376.412h45.031v2
Action.c(140):     95.423l77.361 80.99h205.031v-373.938h157.031z",\n
Action.c(140):             "M2620.701 592.825c0 28.514-23.115 51.629-51.629 51.629s-51.629-23.115-51.629-51.6
Action.c(140):     29c0-28.514 23.115-51.629 51.629-51.629v0c28.514 0 51.629 23.115 51.629 51.629v0z",\n
Action.c(140):             "M2569.072 547.794c-0.049-0-0.107-0-0.165-0-24.961 0-45.196 20.235-45.196 45.196s2
Action.c(140):     0.235 45.196 45.196 45.196c24.961 0 45.196-20.235 45.196-45.196 0-0.058-0-0.116-0-0.174l0 
Action.c(140):     0.009c-0.093-24.832-20.199-44.938-45.022-45.031l-0.009-0zM2569.072 651.052c-32.158 0-58.22
Action.c(140):     7-26.069-58.227-58.227s26.069-58.227 58.227-58.227c32.158 0 58.227 26.069 58.227 58.227v0c
Action.c(140):     0 32.158-26.069 58.227-58.227 58.227v0z",\n
Action.c(140):             "M2559.835 589.691v-15.505h10.557c5.278 0 10.887 1.155 10.887 7.423s-5.773 8.082-1
Action.c(140):     2.206 8.082zM2559.835 596.289h8.907l13.361 21.938h8.577l-14.515-22.268c7.315-0.084 13.212-
Action.c(140):     6.033 13.212-13.36 0-0.232-0.006-0.463-0.018-0.693l0.001 0.032c0-9.897-5.938-14.351-17.814
Action.c(140):     -14.351h-19.299v50.639h7.588zM2569.237 636.701c23.947-0.372 43.216-19.871 43.216-43.871 0-
Action.c(140):     24.232-19.644-43.876-43.876-43.876-24.23 0-43.873 19.641-43.876 43.871l-0 0c-0 0.051-0 0.1
Action.c(140):     12-0 0.173 0 24.141 19.57 43.711 43.711 43.711 0.29 0 0.58-0.003 0.868-0.008l-0.043 0.001z
Action.c(140):     M2533.443 592.825c0.552-19.247 16.286-34.639 35.615-34.639 19.677 0 35.629 15.952 35.629 3
Action.c(140):     5.629 0 19.614-15.85 35.527-35.44 35.628l-0.010 0c-0.104 0.001-0.226 0.002-0.349 0.002-19.
Action.c(140):     586 0-35.464-15.878-35.464-35.464 0-0.407 0.007-0.812 0.020-1.215l-0.002 0.059z",\n
Action.c(140):             "M1286.598 403.134l-18.144-36.124-16.495 36.124zM1307.381 61.361l78.186 81.32 186.
Action.c(140):     722 391.093v-359.753c-0.223-3.991-0.35-8.66-0.35-13.36 0-11.691 0.787-23.197 2.31-34.47l-0
Action.c(140):     .145 1.314c4.062-38.589 25.352-71.49 55.928-91.253l0.485-0.293c16.342-10.197 36.187-16.244
Action.c(140):      57.443-16.244 17.258 0 33.586 3.986 48.112 11.087l-0.648-0.286c45.196 24.907 74.722 65.97
Action.c(140):     9 113.485 98.969l84.454 128.825v-225.32h649.072l68.454 72.247v162.969h-156.866v373.773h-17
Action.c(140):     8.804l-67.134-69.443v-307.134h-82.474v376.577s-192 0-191.835 0l-65.979-83.299-101.773-153.
Action.c(140):     732v235.052h-164.948l-29.526-27.216c0 9.567 6.928 18.804 7.918 29.526h-373.608l-61.856-61.
Action.c(140):     856s-28.371 61.526-27.711 61.526h-190.186l-41.072-36.784v36.454h-185.237l-68.619-68.454v-5
Action.c(140):     40.206h179.959l74.227 76.206v407.093l156.536-354.309c26.392-46.515 34.639-105.732 88.247-1
Action.c(140):     28.99 14.833-7.799 32.411-12.377 51.058-12.377 34.631 0 65.575 15.788 86.027 40.559l0.152 
Action.c(140):     0.189z",\n
Action.c(140):             "M640.495 106.722v163.299h-304.33c-27.052 0-58.062 34.639-70.598 62.351-4.735 12.1
Action.c(140):     37-7.479 26.188-7.479 40.88 0 11.591 1.708 22.784 4.886 33.34l-0.211-0.817s2.474 6.598 6.1
Action.c(140):     03 6.598h135.258v-121.897h164.948l69.773 70.103v281.402h-313.402c-28.536 0-111.835-31.67-1
Action.c(140):     48.454-63.34s-125.031-108.041-150.763-210.474c-5.573-20.602-8.775-44.257-8.775-68.659 0-83
Action.c(140):     .306 37.315-157.896 96.142-207.969l0.386-0.32c37.715-33.709 87.765-54.312 142.628-54.312 1
Action.c(140):     .526 0 3.049 0.016 4.568 0.048l-0.227-0.004h310.268l69.278 69.773z",\n
Action.c(140):             "M1306.392 76.866l20.289 41.732 204.041 437.773c1.485 2.804-1.155 3.134-6.433 3.29
Action.c(140):     9h-332.371v-143.175h114.474l-86.763-203.546-139.052 347.876h-163.959s198.268-460.701 218.2
Action.c(140):     27-487.423c18.828-26.938 49.695-44.338 84.625-44.338 36.392 0 68.373 18.887 86.675 47.393l
Action.c(140):     0.246 0.41z",\n
Action.c(140):             "M1775.505 79.34l167.423 250.557v-287.010h632.742v144.495h-158.515v370.474h-159.34
Action.c(140):     v-375.423h-170.557c0 123.711 0 374.928 0 374.928h-168.577l-192-290.969v290.969h-144.825v-4
Action.c(140):     06.928c0-25.237 10.887-73.237 41.237-98.969 17.262-14.154 39.569-22.734 63.879-22.734 14.2
Action.c(140):     85 0 27.878 2.962 40.198 8.306l-0.654-0.253c20.521 9.333 37.321 23.801 49.217 41.796l0.268
Action.c(140):      0.431z",\n
Action.c(140):             "M560.825 187.381h-287.34c-37.113 0-84.948 52.784-91.546 101.608-6.103 43.052 32.9
Action.c(140):     9 133.443 82.474 133.443h148.454v-122.392h145.814v262.433h-315.381c-86.598-8.412-173.526-8
Action.c(140):     5.113-201.567-173.691-9.34-26.26-14.738-56.549-14.738-88.099 0-73.567 29.349-140.28 76.976
Action.c(140):     -189.068l-0.052 0.054c41.046-41.211 97.84-66.713 160.589-66.713 6.411 0 12.76 0.266 19.037
Action.c(140):      0.788l-0.822-0.055h278.103v141.691z",\n
Action.c(140):             "M680.412 564.619h161.979v-522.227h-161.979v522.227z",\n
Action.c(140):             "M1497.732 796.536c-14.68 0-26.227 0.825-32.99 0.825h-6.103c-15.34 0-23.753-0.825-
Action.c(140):     25.402-0.825-4.619 0-6.103 1.485-6.103 3.794s5.443 3.134 13.856 4.619 7.588 3.959 7.588 12
Action.c(140):     .371v119.918c0 13.031 0 16.495-9.897 18.309-6.928 0-13.031 0-13.031 3.959s2.309 4.619 6.92
Action.c(140):     8 4.619 14.515-1.649 29.856-1.649 26.887 1.649 31.5
Action.c(140): t=20765ms: 10882-byte DECODED response body for "https://stage.peapod.com/shop/images/icons/PeapodIcons.json" (RelFrameId=1, Internal ID=13)
Action.c(140):     05 1.649 6.928-1.649 6.928-4.619-6.103-3.134-12.206-4.619c-10.062-2.309-10.062-6.268-10.06
Action.c(140):     2-18.474v-39.918c0-3.959 0.825-5.443 3.134-5.443 6.098 2.576 13.188 4.073 20.628 4.073 3.5
Action.c(140):     55 0 7.030-0.342 10.394-0.994l-0.342 0.055c24.318-3.786 42.754-24.438 43.051-49.453l0-0.03
Action.c(140):     1c0-31.34-19.959-48.33-57.567-48.33zM1495.423 885.608c-10.062 0-16.495-2.969-16.495-9.897v
Action.c(140):     -58.392c0-10.062 2.309-13.031 15.34-13.031 16.495 0 30.021 16.495 30.021 39.918s-11.546 41
Action.c(140):     .402-28.371 41.402z",\n
Action.c(140):             "M1589.938 895.67h70.598c7.753 0 11.546 0 11.546-6.103-0.638-26.834-22.543-48.344-
Action.c(140):     49.471-48.344-0.411 0-0.82 0.005-1.228 0.015l0.061-0.001c-1.158-0.079-2.51-0.123-3.872-0.1
Action.c(140):     23-33.615 0-60.866 27.251-60.866 60.866 0 1.088 0.029 2.169 0.085 3.243l-0.006-0.15c-0.145
Action.c(140):      1.547-0.228 3.344-0.228 5.161 0 32.34 26.217 58.557 58.557 58.557 0.834 0 1.665-0.017 2.4
Action.c(140):     9-0.052l-0.118 0.004c0.796 0.036 1.729 0.056 2.667 0.056 16.472 0 31.476-6.288 42.742-16.5
Action.c(140):     94l-0.048 0.043c6.103-5.443 8.412-9.237 8.412-12.371s0-2.969-2.969-2.969c-9.894 9.14-23.03
Action.c(140):     9 14.89-37.519 15.338l-0.089 0.002c-24.975-0.797-44.918-21.234-44.918-46.328 0-1.576 0.079
Action.c(140):     -3.134 0.232-4.669l-0.016 0.194v-2.309c0-2.969 0-3.794 3.959-3.794zM1588.289 884.948v-4.61
Action.c(140):     9c3.134-13.856 7.753-30.845 32.99-30.845 19.134 0 21.443 14.68 21.443 23.918 0 15.34-7.753
Action.c(140):      13.856-28.371 13.856h-21.443c-2.969 0-4.619 0-4.619-2.309z",\n
Action.c(140):             "M1803.546 949.443c0.003-0.054 0.004-0.117 0.004-0.18 0-2.004-1.625-3.629-3.629-3.
Action.c(140):     629-0.118 0-0.234 0.006-0.349 0.017l0.015-0.001c-3.794 0-7.588 6.103-13.031 6.103s-8.412-6
Action.c(140):     .103-8.412-17.649v-61.526c0-22.268-5.443-30.68-32.99-30.68-35.299 0-59.876 21.443-59.876 3
Action.c(140):     6.784 0 2.309 2.309 4.619 6.103 4.619 13.031 0 16.495-6.928 22.268-16.495s11.546-17.814 23
Action.c(140):     .093-17.814 13.031 6.268 13.031 21.608v11.546c0 3.794 0 5.278-3.794 6.103l-8.412 3.134c-32
Action.c(140):     .99 13.031-52.289 24.577-52.289 47.505 0 13.196 6.103 28.536 23.093 28.536 12.714-1.165 24
Action.c(140):     .069-6.209 33.069-13.922l-0.080 0.067 6.928-4.619h1.485c2.926 10.064 11.613 17.472 22.166 
Action.c(140):     18.466l0.102 0.008c0.003 0 0.007 0 0.011 0 13.273 0 24.82-7.395 30.743-18.29l0.091-0.184zM
Action.c(140):     1751.258 928c-0.36 12.573-10.505 22.66-23.067 22.927l-0.025 0c-12.206 0-15.34-9.897-15.34-
Action.c(140):     20.619 1.125-13.303 9.993-24.277 22.036-28.466l0.232-0.070 10.722-4.619c0.471-0.084 1.013-
Action.c(140):     0.132 1.567-0.132s1.096 0.048 1.623 0.14l-0.056-0.008s1.485 0 1.485 2.969v28.536z",\n
Action.c(140):             "M1888.825 841.237c-0.333-0.008-0.726-0.013-1.119-0.013-14.087 0-26.799 5.886-35.8
Action.c(140):     11 15.333l-0.019 0.020-3.794 3.134c-0.825 0-1.485 1.485-2.309 1.485-0.787-0.078-1.407-0.69
Action.c(140):     8-1.484-1.478l-0.001-0.007v-13.196c0-3.794 0-5.278-3.134-5.278s-9.237 7.588-23.093 14.515c
Action.c(140):     -8.412 4.619-15.34 4.619-15.34 9.237s5.443 2.309 9.237 4.619 5.443 4.619 5.443 12.371v119.
Action.c(140):     753c0 6.928-1.649 9.237-6.928 11.546s-12.371 0-12.371 6.268c0 2.309 1.485 3.794 5.443 3.79
Action.c(140):     4s13.856-0.66 27.381-0.66 21.608 1.485 30.021 1.485c4.619 0 6.928-1.485 6.928-3.794 0-6.26
Action.c(140):     8-6.103-3.959-14.68-6.268s-7.588-3.794-7.588-11.546v-37.773h1.485c8.401 3.742 18.191 5.976
Action.c(140):      28.489 6.103l0.047 0c0.841 0.039 1.827 0.061 2.819 0.061 35.711 0 64.66-28.949 64.66-64.6
Action.c(140):     6 0-0.486-0.005-0.97-0.016-1.453l0.001 0.072c0.14-1.493 0.22-3.228 0.22-4.981 0-30.57-24.2
Action.c(140):     45-55.477-54.555-56.542l-0.097-0.003zM1872.33 960.33c-16.495 0-26.887-8.412-26.887-24.577v
Action.c(140):     -49.485c0-17.649 8.412-26.227 26.887-26.227 26.227 0 43.876 19.299 43.876 49.485 0.248 1.7
Action.c(140):     86 0.39 3.848 0.39 5.945 0 24.874-19.949 45.089-44.721 45.519l-0.040 0.001z",\n
Action.c(140):             "M2236.041 945.649c-1.485 0-5.278 5.278-9.897 5.278s-4.619-2.969-4.619-10.722v-137
Action.c(140):     .567c0-6.928 0-13.031 0-17.649s0-5.278-3.794-5.278c-6.211 2.901-14.076 5.976-22.138 8.615l
Action.c(140):     -1.615 0.457c-9.237 2.309-15.34 3.134-15.34 6.928s4.619 2.309 9.897 4.619 5.443 3.959 5.44
Action.c(140):     3 10.062v30.845c0 2.309-0.825 3.794-2.309 3.794v0l-4.619-1.485c-6.667-1.966-14.329-3.109-2
Action.c(140):     2.254-3.134l-0.014-0c-0.491-0.013-1.069-0.021-1.649-0.021-36.439 0-65.979 29.54-65.979 65.
Action.c(140):     979 0 0.007 0 0.015 0 0.022l-0-0.001c-0.029 0.695-0.046 1.51-0.046 2.329 0 32.704 26.512 5
Action.c(140):     9.216 59.216 59.216 0.538 0 1.075-0.007 1.609-0.021l-0.079 0.002c13.636-0.323 26.14-4.917 
Action.c(140):     36.29-12.49l-0.167 0.119c2.309 0 3.134 11.546 7.753 11.546s12.206-5.278 29.196-9.897c5.278
Action.c(140):     -1.649 8.412-1.649 8.412-7.753 0.011-0.103 0.017-0.223 0.017-0.344 0-1.803-1.377-3.284-3.1
Action.c(140):     37-3.449l-0.014-0.001zM2195.299 930.309c0 18.309-1.485 26.062-20.619 26.062-0.654 0.034-1.
Action.c(140):     42 0.053-2.19 0.053-24.779 0-44.866-20.087-44.866-44.866 0-1.529 0.076-3.040 0.226-4.53l-0
Action.c(140):     .015 0.188c0-34.474 18.309-56.907 41.402-56.907s26.062 13.196 26.062 40.082v39.918z",\n
Action.c(140):             "M2087.093 903.423c0 36.986-29.983 66.969-66.969 66.969s-66.969-29.983-66.969-66.9
Action.c(140):     69c0-36.986 29.983-66.969 66.969-66.969v0c36.986 0 66.969 29.983 66.969 66.969v0z",\n
Action.c(140):             "M2255.34 807.258c-8.472-0-15.34-6.868-15.34-15.34s6.868-15.34 15.34-15.34c8.472 0
Action.c(140):      15.34 6.868 15.34 15.34v0c0 8.472-6.868 15.34-15.34 15.34v0zM2255.34 778.887c-7.197 0-13.
Action.c(140):     031 5.834-13.031 13.031s5.834 13.031 13.031 13.031c7.197 0 13.031-5.834 13.031-13.031v0c-0
Action.c(140):     .179-7.124-5.907-12.852-13.014-13.031l-0.017-0zM2259.134 801.155l-4.619-6.928h-2.969v6.928
Action.c(140):     h-2.309v-17.649h6.763c0.049-0.002 0.107-0.003 0.165-0.003 2.915 0 5.278 2.363 5.278 5.278 
Action.c(140):     0 0.001-0 0.002-0 0.003l0-0c-0.038 2.716-2.001 4.962-4.584 5.438l-0.034 0.005 4.619 6.928z
Action.c(140):     M2256.825 784.66h-4.619v7.093h4.619c1.695-0.085 3.049-1.439 3.134-3.126l0-0.008c0.003-0.05
Action.c(140):     4 0.005-0.117 0.005-0.18 0-1.799-1.371-3.277-3.125-3.448l-0.014-0.001z"\n
Action.c(140):           ],\n
Action.c(140):           "attrs": [\n
Action.c(140):             {\n
Action.c(140):               "fill": "rgb(99, 102, 106)"\n
Action.c(140):             },\n
Action.c(140):             {\n
Action.c(140):               "fill": "rgb(99, 102, 106)"\n
Action.c(140):             },\n
Action.c(140):             {\n
Action.c(140):               "fill": "rgb(99, 102, 106)"\n
Action.c(140):             },\n
Action.c(140):             {\n
Action.c(140):               "fill": "rgb(99, 102, 106)"\n
Action.c(140):             },\n
Action.c(140):             {\n
Action.c(140):               "fill": "rgb(99, 102, 106)"\n
Action.c(140):             },\n
Action.c(140):             {\n
Action.c(140):               "fill": "rgb(99, 102, 106)"\n
Action.c(140):             },\n
Action.c(140):             {\n
Action.c(140):               "fill": "rgb(99, 102, 106)"\n
Action.c(140):             },\n
Action.c(140):             {\n
Action.c(140):               "fill": "rgb(99, 102, 106)"\n
Action.c(140):             },\n
Action.c(140):             {\n
Action.c(140):               "fill": "rgb(99, 102, 106)"\n
Action.c(140):             },\n
Action.c(140):             {\n
Action.c(140):               "fill": "rgb(255, 255, 254)"\n
Action.c(140):             },\n
Action.c(140):             {\n
Action.c(140):               "fill": "rgb(255, 255, 254)"\n
Action.c(140):             },\n
Action.c(140):             {\n
Action.c(140):               "fill": "rgb(255, 255, 254)"\n
Action.c(140):             },\n
Action.c(140):             {\n
Action.c(140):               "fill": "rgb(26, 25, 25)"\n
Action.c(140):             },\n
Action.c(140):             {\n
Action.c(140):               "fill": "rgb(26, 25, 25)"\n
Action.c(140):             },\n
Action.c(140):             {\n
Action.c(140):               "fill": "rgb(26, 25, 25)"\n
Action.c(140):             },\n
Action.c(140):             {\n
Action.c(140):               "fill": "rgb(215, 35, 49)"\n
Action.c(140):             },\n
Action.c(140):             {\n
Action.c(140):               "fill": "rgb(215, 35, 49)"\n
Action.c(140):             },\n
Action.c(140):             {\n
Action.c(140):               "fill": "rgb(215, 35, 49)"\n
Action.c(140):             },\n
Action.c(140):             {\n
Action.c(140):               "fill": "rgb(215, 35, 49)"\n
Action.c(140):             },\n
Action.c(140):             {\n
Action.c(140):               "fill": "rgb(51, 51, 51)"\n
Action.c(140):             },\n
Action.c(140):             {\n
Action.c(140):               "fill": "rgb(51, 51, 51)"\n
Action.c(140):             },\n
Action.c(140):             {\n
Action.c(140):               "fill": "rgb(54, 54, 54)"\n
Action.c(140):             },\n
Action.c(140):             {\n
Action.c(140):               "fill": "rgb(51, 51, 51)"\n
Action.c(140):             },\n
Action.c(140):             {\n
Action.c(140):               "fill": "rgb(51, 51, 51)"\n
Action.c(140):             },\n
Action.c(140):             {\n
Action.c(140):               "fill": "rgb(94, 160, 0)"\n
Action.c(140):             },\n
Action.c(140):             {\n
Action.c(140):               "fill": "rgb(51, 51, 51)"\n
Action.c(140):             }\n
Action.c(140):           ],\n
Action.c(140):           "width": 2670,\n
Action.c(140):           "isMulticolor": true,\n
Action.c(140):           "grid": 32,\n
Action.c(140):           "tags": [\n
Action.c(140):             "giant-carlisle-powered-by-peapod"\n
Action.c(140):           ]\n
Action.c(140):         },\n
Action.c(140):         {\n
Action.c(140):           "paths": [\n
Action.c(140):             "M315.548 861.911h26.047c0 1.569 0 3.138 0 4.707s0 3.138 0 4.864c2.938-3.645 6.676
Action.c(140):     -6.527 10.955-8.401l0.186-0.072c4.284-1.906 9.282-3.015 14.539-3.015 11.643 0 22.014 5.442
Action.c(140):      28.71 13.922l0.059 0.077c3.13 4.119 5.644 8.917 7.284 14.102l0.091 0.333c1.494 5.043 2.35
Action.c(140):     4 10.836 2.354 16.831 0 0.041-0 0.081-0 0.122l0-0.006c0.007 0.32 0.011 0.697 0.011 1.074 0
Action.c(140):      7.264-1.505 14.176-4.219 20.442l0.128-0.333c-2.241 5.787-5.433 10.744-9.43 14.923l0.016-0
Action.c(140):     .017c-4.129 3.719-9.041 6.66-14.451 8.54l-0.299 0.090c-4.905 1.755-10.564 2.787-16.459 2.8
Action.c(140):     24l-0.017 0c-0.338 0.010-0.736 0.016-1.135 0.016-3.328 0-6.561-0.406-9.653-1.172l0.275 0.0
Action.c(140):     58-7.532-2.197v38.914h-27.459zM342.536 926.872c3.952 2.217 8.673 3.522 13.699 3.522 0.701 
Action.c(140):     0 1.396-0.025 2.085-0.075l-0.092 0.005c0.259 0.012 0.563 0.019 0.868 0.019 5.877 0 11.16-2
Action.c(140):     .544 14.807-6.591l0.016-0.018c3.544-4.505 5.684-10.26 5.684-16.514 0-0.483-0.013-0.963-0.0
Action.c(140):     38-1.44l0.003 0.067c-0.003-3.005-0.346-5.928-0.992-8.735l0.051 0.262c-0.697-2.748-1.832-5.
Action.c(140):     159-3.34-7.285l0.045 0.067c-1.455-2.103-3.351-3.799-5.564-4.98l-0.084-0.041c-2.297-1.193-5
Action.c(140):     .014-1.893-7.896-1.893-0.203 0-0.405 0.003-0.607 0.010l0.029-0.001c-0.048-0-0.104-0.001-0.
Action.c(140):     16-0.001-2.846 0-5.543 0.637-7.956 1.775l0.114-0.048c-2.309 1.106-4.247 2.642-5.782 4.521l
Action.c(140):     -0.024 0.030c-1.534 1.82-2.761 3.959-3.567 6.293l-0.042 0.14c-0.773 2.196-1.231 4.728-1.25
Action.c(140):     5 7.363l-0 0.011z",\n
Action.c(140):             "M418.952 905.846c0.027-6.609 1.291-12.915 3.574-18.709l-0.122 0.35c2.334-6.076 5.
Action.c(140):     631-11.288 9.755-15.72l-0.027 0.029c4.331-4.317 9.564-7.734 15.39-9.942l0.301-0.1c5.279-2.
Action.c(140):     023 11.386-3.195 17.766-3.195 7.546 0 14.709 1.639 21.153 4.58l-0.319-0.13c5.815 2.426 10.
Action.c(140):     772 5.822 14.899 10.035l0.007 0.008c4.098 4.403 7.394 9.616 9.617 15.363l0.112 0.328c2.161
Action.c(140):      5.444 3.425 11.75 3.452 18.348l0 0.011c0 0.018 0 0.040 0 0.062 0 6.584-1.267 12.873-3.572
Action.c(140):      18.635l0.119-0.338c-2.31 6.083-5.61 11.299-9.752 15.717l0.024-0.026c-8.536 8.627-20.377 1
Action.c(140):     3.969-33.466 13.969-0.205 0-0.41-0.001-0.615-0.004l0.031 0c-0.184 0.003-0.401 0.004-0.619 
Action.c(140):     0.004-6.745 0-13.166-1.386-18.995-3.89l0.313 0.12c-6.103-2.449-11.319-5.903-15.698-10.206l
Action.c(140):     0.007 0.007c-4.119-4.392-7.419-9.608-9.62-15.368l-0.108-0.323c-2.288-5.539-3.617-11.97-3.6
Action.c(140):     17-18.712 0-0.317 0.003-0.633 0.009-0.949l-0.001 0.047zM466.025 929.697c3.253-0.009 6.328-
Action.c(140):     0.761 9.068-2.094l-0.124 0.054c2.67-1.33 4.916-3.125 6.72-5.301l0.027-0.034c1.674-2.204 3.
Action.c(140):     056-4.75 4.020-7.494l0.060-0.195c0.782-2.608 1.233-5.606 1.233-8.709s-0.45-6.1-1.289-8.931
Action.c(140):     l0.056 0.222c-0.984-2.886-2.37-5.385-4.119-7.583l0.039 0.051c-1.831-2.21-4.078-4.005-6.629
Action.c(140):     -5.282l-0.118-0.053c-2.616-1.279-5.691-2.031-8.941-2.040l-0.003-0c-3.36 0.009-6.542 0.76-9
Action.c(140):     .394 2.097l0.136-0.057c-2.641 1.286-4.846 3.089-6.559 5.294l-0.031 0.041c-1.71 2.147-3.095
Action.c(140):      4.646-4.027 7.356l-0.052 0.175c-0.893 2.599-1.409 5.594-1.409 8.709s0.516 6.11 1.467 8.90
Action.c(140):     3l-0.057-0.194c1.023 2.938 2.406 5.485 4.13 7.758l-0.050-0.069c1.745 2.246 3.95 4.049 6.48
Action.c(140):     2 5.287l0.108 0.048c2.735 1.29 5.94 2.044 9.321 2.044 0.143 0 0.286-0.001 0.428-0.004l-0.0
Action.c(140):     21 0z",\n
Action.c(140):             "M517.806 861.911h28.244l15.691 56.645 17.103-56.645h21.654l17.26 56.645 15.691-56
Action.c(140):     .645h27.302l-30.441 88.184h-24.792l-16.476-49.27-15.691 49.27h-24.164z",\n
Action.c(140):             "M752.074 940.523l-4.55 3.138c-2.258 1.555-4.837 2.974-7.557 4.128l-0.289 0.109c-3
Action.c(140):     .223 1.464-7 2.709-10.929 3.543l-0.369 0.066c-4.401 1.102-9.454 1.735-14.654 1.735-0.365 0
Action.c(140):     -0.729-0.003-1.092-0.009l0.055 0.001c-0.173 0.002-0.376 0.003-0.58 0.003-7.121 0-13.933-1.
Action.c(140):     325-20.202-3.742l0.384 0.13c-11.263-4.083-20.028-12.693-24.227-23.574l-0.094-0.277c-2.090-
Action.c(140):     5.534-3.3-11.931-3.3-18.61 0-0.242 0.002-0.485 0.005-0.726l-0 0.037c0.010-6.365 1.159-12.4
Action.c(140):     58 3.256-18.091l-0.117 0.36c1.991-6.070 5.047-11.303 8.983-15.736l-0.040 0.045c3.777-4.141
Action.c(140):      8.31-7.52 13.39-9.931l0.261-0.111c5.542-2.48 12.012-3.925 18.819-3.925 0.169 0 0.338 0.00
Action.c(140):     1 0.507 0.003l-0.026-0c0.243-0.0
Action.c(140): t=20792ms: 6869-byte ENCODED response body received for "https://stage.peapod.com/shop/images/icons/PeapodIcons.json" (RelFrameId=1, Internal ID=13)
Action.c(140): t=20792ms: 12288-byte DECODED response body for "https://stage.peapod.com/shop/images/icons/PeapodIcons.json" (RelFrameId=1, Internal ID=13)
Action.c(140):     05 0.53-0.007 0.817-0.007 6.517 0 12.709 1.389 18.297 3.887l-0.285-0.114c5.392 2.598 9.938
Action.c(140):      6.14 13.603 10.455l0.048 0.058c3.631 4.428 6.478 9.659 8.231 15.369l0.085 0.322c1.794 5.9
Action.c(140):     17 2.827 12.717 2.827 19.758 0 0.225-0.001 0.45-0.003 0.674l0-0.034v4.55h-62.921c0.214 5.0
Action.c(140):     67 2.6 9.537 6.246 12.529l0.030 0.024c4.173 3.355 9.536 5.385 15.373 5.385 0.554 0 1.103-0
Action.c(140):     .018 1.647-0.054l-0.074 0.004c0.413 0.015 0.899 0.024 1.387 0.024 5.674 0 11.076-1.163 15.
Action.c(140):     981-3.263l-0.265 0.101c3.665-1.59 6.811-3.375 9.738-5.447l-0.167 0.112zM728.38 896.745c-0.
Action.c(140):     066-2.1-0.463-4.086-1.141-5.938l0.042 0.132c-0.82-2.077-1.99-3.852-3.454-5.337l0.002 0.002
Action.c(140):     c-3.247-3.491-7.867-5.667-12.995-5.667-0.286 0-0.571 0.007-0.854 0.020l0.040-0.002c-0.173-
Action.c(140):     0.006-0.377-0.009-0.581-0.009-2.741 0-5.346 0.581-7.699 1.626l0.121-0.048c-4.284 1.858-7.6
Action.c(140):     47 5.17-9.525 9.3l-0.047 0.115c-0.749 1.709-1.206 3.698-1.255 5.787l-0 0.018z",\n
Action.c(140):             "M768.863 861.911h26.047l0.941 10.984c2.641-3.334 5.694-6.187 9.117-8.539l0.14-0.0
Action.c(140):     91c4.092-2.579 9.070-4.11 14.406-4.11 0.452 0 0.901 0.011 1.348 0.033l-0.063-0.002h6.12c1.
Action.c(140):     906 0.342 3.592 0.832 5.199 1.475l-0.178-0.063-4.394 23.85c-2.588-0.809-5.563-1.275-8.648-
Action.c(140):     1.275-0.38 0-0.758 0.007-1.135 0.021l0.054-0.002c-0.339-0.019-0.735-0.030-1.134-0.030-5.62
Action.c(140):     3 0-10.741 2.159-14.572 5.692l0.015-0.013c-3.699 3.922-5.972 9.224-5.972 15.057 0 0.223 0.
Action.c(140):     003 0.445 0.010 0.667l-0.001-0.032v43.621h-27.302z",\n
Action.c(140):             "M925.774 940.523l-4.55 3.138c-2.258 1.555-4.837 2.974-7.557 4.128l-0.289 0.109c-3
Action.c(140):     .223 1.464-7 2.709-10.929 3.543l-0.369 0.066c-4.401 1.102-9.454 1.735-14.654 1.735-0.365 0
Action.c(140):     -0.729-0.003-1.092-0.009l0.055 0.001c-0.173 0.002-0.376 0.003-0.58 0.003-7.121 0-13.933-1.
Action.c(140):     325-20.202-3.742l0.384 0.13c-11.455-3.968-20.4-12.606-24.697-23.575l-0.095-0.275c-2.090-5.
Action.c(140):     534-3.3-11.931-3.3-18.61 0-0.242 0.002-0.485 0.005-0.726l-0 0.037c0.010-6.365 1.159-12.458
Action.c(140):      3.256-18.091l-0.117 0.36c1.991-6.070 5.047-11.303 8.983-15.736l-0.040 0.045c3.936-4.258 8
Action.c(140):     .684-7.699 14.007-10.090l0.272-0.109c5.542-2.48 12.012-3.925 18.819-3.925 0.169 0 0.338 0.
Action.c(140):     001 0.507 0.003l-0.026-0c0.243-0.005 0.53-0.007 0.817-0.007 6.517 0 12.709 1.389 18.297 3.
Action.c(140):     887l-0.285-0.114c5.392 2.598 9.938 6.14 13.603 10.455l0.048 0.058c3.631 4.428 6.478 9.659 
Action.c(140):     8.231 15.369l0.085 0.322c1.794 5.917 2.827 12.717 2.827 19.758 0 0.225-0.001 0.45-0.003 0.
Action.c(140):     674l0-0.034v4.55h-62.764c0.214 5.067 2.6 9.537 6.246 12.529l0.030 0.024c4.173 3.355 9.536 
Action.c(140):     5.385 15.373 5.385 0.554 0 1.103-0.018 1.647-0.054l-0.074 0.004c0.413 0.015 0.899 0.024 1.
Action.c(140):     387 0.024 5.674 0 11.076-1.163 15.981-3.263l-0.265 0.101c3.665-1.59 6.811-3.375 9.738-5.44
Action.c(140):     7l-0.167 0.112zM902.080 896.745c-0.066-2.1-0.463-4.086-1.141-5.938l0.042 0.132c-0.82-2.077
Action.c(140):     -1.99-3.852-3.454-5.337l0.002 0.002c-3.247-3.491-7.867-5.667-12.995-5.667-0.286 0-0.571 0.
Action.c(140):     007-0.854 0.020l0.040-0.002c-0.173-0.006-0.377-0.009-0.581-0.009-2.741 0-5.346 0.581-7.699
Action.c(140):      1.626l0.121-0.048c-4.284 1.858-7.647 5.17-9.525 9.3l-0.047 0.115c-0.749 1.709-1.206 3.698
Action.c(140):     -1.255 5.787l-0 0.018z",\n
Action.c(140):             "M1002.66 941.465c-6.132 7.035-15.109 11.456-25.118 11.456-0.106 0-0.212-0-0.317-0
Action.c(140):     .001l0.016 0c-0.196 0.004-0.428 0.006-0.66 0.006-5.438 0-10.605-1.157-15.269-3.239l0.238 0
Action.c(140):     .095c-4.815-2.241-8.888-5.31-12.205-9.062l-0.034-0.039c-3.346-4.239-6.020-9.195-7.753-14.5
Action.c(140):     73l-0.093-0.333c-1.891-5.466-2.984-11.766-2.984-18.321 0-0.179 0.001-0.357 0.002-0.536l-0 
Action.c(140):     0.027c-0.008-0.324-0.012-0.705-0.012-1.088 0-7.167 1.565-13.968 4.372-20.081l-0.123 0.3c2.
Action.c(140):     693-5.81 6.398-10.72 10.935-14.707l0.049-0.042c4.417-3.79 9.642-6.787 15.365-8.693l0.326-0
Action.c(140):     .094c4.661-1.72 10.044-2.749 15.658-2.824l0.033-0c1.507-0.187 3.252-0.293 5.021-0.293s3.51
Action.c(140):     4 0.107 5.228 0.313l-0.206-0.020 7.375 2.197v-37.345h26.832v125.529h-25.106zM1002.66 886.2
Action.c(140):     32c-1.763-1.043-3.809-1.856-5.983-2.329l-0.137-0.025c-1.247-0.133-2.694-0.208-4.158-0.208s
Action.c(140):     -2.911 0.076-4.336 0.223l0.178-0.015c-0.221-0.009-0.48-0.014-0.74-0.014-5.977 0-11.33 2.67
Action.c(140):     4-14.928 6.891l-0.023 0.027c-3.633 4.557-5.83 10.399-5.83 16.754 0 0.399 0.009 0.796 0.026
Action.c(140):      1.191l-0.002-0.056c-0.011 0.278-0.017 0.604-0.017 0.931 0 5.537 1.77 10.661 4.776 14.836l
Action.c(140):     -0.052-0.075c3.074 3.773 7.72 6.163 12.924 6.163 0.422 0 0.84-0.016 1.253-0.047l-0.055 0.0
Action.c(140):     03c0.073 0.001 0.16 0.002 0.247 0.002 2.763 0 5.377-0.638 7.703-1.774l-0.104 0.046c2.224-0
Action.c(140):     .94 4.075-2.388 5.468-4.205l0.023-0.032c1.432-1.709 2.516-3.76 3.114-6.010l0.025-0.11c0.59
Action.c(140):     8-2.194 0.942-4.713 0.942-7.313 0-0.022-0-0.043-0-0.065l0 0.003z",\n
Action.c(140):             "M1082.685 824.566h27.146v43.935c2.824-2.807 6.297-4.964 10.174-6.225l0.182-0.051c
Action.c(140):     3.739-1.392 8.060-2.198 12.568-2.198 0.105 0 0.21 0 0.315 0.001l-0.016-0c0.617-0.035 1.339
Action.c(140):     -0.055 2.065-0.055 5.43 0 10.599 1.117 15.29 3.133l-0.252-0.096c4.841 2.435 8.915 5.707 12
Action.c(140):     .189 9.666l0.050 0.063c3.276 4.004 5.895 8.699 7.599 13.812l0.090 0.31c1.693 5.105 2.67 10
Action.c(140):     .982 2.67 17.087 0 7.111-1.325 13.912-3.741 20.17l0.13-0.383c-2.216 6.159-5.647 11.409-10.
Action.c(140):     033 15.683l-0.009 0.009c-4.357 4.274-9.581 7.683-15.381 9.936l-0.31 0.106c-6.25 2.29-13.46
Action.c(140):     6 3.614-20.991 3.614-0.288 0-0.576-0.002-0.863-0.006l0.043 0c-0.070 0-0.153 0-0.235 0-7.47
Action.c(140):     4 0-14.761-0.8-21.779-2.32l0.675 0.122c-6.857-1.129-12.78-2.548-18.539-4.338l0.965 0.258zM
Action.c(140):     1109.83 928.755c1.442 0.605 3.129 1.096 4.882 1.393l0.139 0.019c1.151 0.097 2.491 0.152 3.
Action.c(140):     844 0.152s2.693-0.055 4.018-0.164l-0.174 0.011c0.329 0.019 0.714 0.030 1.101 0.030 6.19 0 
Action.c(140):     11.742-2.736 15.51-7.066l0.021-0.025c3.907-4.65 6.28-10.701 6.28-17.307 0-0.149-0.001-0.29
Action.c(140):     8-0.004-0.446l0 0.022c-0.051-2.921-0.449-5.725-1.153-8.405l0.055 0.246c-0.643-2.686-1.726-
Action.c(140):     5.047-3.183-7.128l0.044 0.067c-1.373-2.074-3.162-3.764-5.26-4.981l-0.075-0.040c-2.118-1.28
Action.c(140):     9-4.679-2.052-7.418-2.052-0.206 0-0.41 0.004-0.614 0.013l0.029-0.001c-0.393-0.033-0.851-0.
Action.c(140):     051-1.312-0.051-4.713 0-8.972 1.942-12.022 5.069l-0.003 0.004c-2.755 3.273-4.428 7.535-4.4
Action.c(140):     28 12.188 0 0.404 0.013 0.806 0.038 1.204l-0.003-0.055z",\n
Action.c(140):             "M1189.541 964.060c1.412 1.112 3.009 2.106 4.711 2.916l0.153 0.065c1.737 0.889 3.7
Action.c(140):     89 1.41 5.962 1.412l0.001 0c0.107 0.004 0.232 0.007 0.357 0.007 2.677 0 5.102-1.081 6.861-
Action.c(140):     2.831l-0 0c2.454-2.564 4.381-5.653 5.594-9.080l0.055-0.178 2.667-7.218-40.326-87.242h31.38
Action.c(140):     2l21.968 55.703 19.928-55.703h28.401l-36.246 87.713-5.806 14.593c-2.074 4.977-4.494 9.263-
Action.c(140):     7.349 13.214l0.131-0.19c-2.798 3.748-6.244 6.843-10.195 9.17l-0.161 0.088c-4.244 2.284-9.2
Action.c(140):     88 3.626-14.644 3.626-0.368 0-0.735-0.006-1.1-0.019l0.053 0.001c-0.135 0.002-0.295 0.002-0
Action.c(140):     .455 0.002-4.485 0-8.809-0.689-12.872-1.968l0.303 0.082c-4.074-1.362-7.611-3.226-10.774-5.
Action.c(140):     565l0.104 0.074z",\n
Action.c(140):             "M1396.506 807.62c-13.965 0-24.792 0.785-31.382 0.785h-5.963c-14.593 0-22.595-0.78
Action.c(140):     5-24.007-0.785-4.394 0-5.963 1.412-5.963 3.609s5.178 2.981 13.181 4.394 7.375 3.766 7.375 
Action.c(140):     11.768v114.074c0 12.553 0 15.691-9.572 17.574-6.59 0-12.396 0-12.396 3.766s2.197 4.394 6.5
Action.c(140):     9 4.394 13.808-1.569 28.558-1.569 25.576 1.569 29.97 1.569 6.59-1.569 6.59-4.394-5.963-2.9
Action.c(140):     81-11.768-4.394c-9.572-2.197-9.572-5.963-9.572-17.574v-38.129c0-3.766 0.785-5.178 2.981-5.
Action.c(140):     178 5.801 2.451 12.545 3.875 19.623 3.875 3.382 0 6.688-0.325 9.888-0.946l-0.325 0.053c23.
Action.c(140):     133-3.602 40.67-23.248 40.953-47.044l0-0.030c0-29.97-18.986-45.975-54.762-45.975zM1394.31 
Action.c(140):     892.352c-9.572 0-15.691-2.824-15.691-9.415v-55.546c0-9.572 2.197-12.396 14.75-12.396 15.69
Action.c(140):     1 0 28.401 15.691 28.401 37.972s-10.984 39.385-26.989 39.385z",\n
Action.c(140):             "M1484.063 901.923h67.158c7.375 0 10.984 0 10.984-5.806-0.948-25.25-21.646-45.361-
Action.c(140):     47.042-45.361-0.397 0-0.793 0.005-1.188 0.015l0.059-0.001c-1.102-0.075-2.388-0.118-3.684-0
Action.c(140):     .118-31.891 0-57.743 25.853-57.743 57.743 0 1.035 0.027 2.063 0.081 3.085l-0.006-0.143c-0.
Action.c(140):     196 1.756-0.309 3.793-0.309 5.855 0 30.764 24.939 55.703 55.703 55.703 0.826 0 1.648-0.018
Action.c(140):      2.465-0.054l-0.116 0.004c0.747 0.033 1.623 0.052 2.503 0.052 15.63 0 29.863-5.983 40.534-
Action.c(140):     15.783l-0.043 0.039c5.963-5.178 8.159-8.787 8.159-11.768s0-2.981-2.981-2.981c-9.38 8.775-2
Action.c(140):     1.892 14.306-35.689 14.747l-0.087 0.002c-23.678-0.749-42.588-20.123-42.588-43.914 0-1.555 
Action.c(140):     0.081-3.090 0.238-4.603l-0.016 0.189v-2.197c0-2.824 0-3.609 3.609-3.609zM1482.65 891.724v-
Action.c(140):     4.394c2.981-13.181 7.375-29.342 31.382-29.342 18.202 0 20.398 13.965 20.398 22.752 0 14.59
Action.c(140):     3-7.218 13.181-26.989 13.181h-20.398c-2.981 0-4.394 0-4.394-2.197z",\n
Action.c(140):             "M1687.262 953.076c0.002-0.048 0.004-0.104 0.004-0.161 0-1.907-1.546-3.452-3.452-3
Action.c(140):     .452-0.057 0-0.113 0.001-0.169 0.004l0.008-0c-3.766 0-7.375 5.806-12.553 5.806s-8.002-5.80
Action.c(140):     6-8.002-16.789v-58.528c0-21.183-5.021-29.185-30.598-29.185-33.736 0-57.116 20.398-57.116 3
Action.c(140):     4.991 0 2.197 2.197 4.394 5.806 4.394 12.553 0 15.691-6.59 21.34-15.691s10.827-16.946 21.8
Action.c(140):     11-16.946 12.553 5.963 12.553 20.555v10.984c0 3.609 0 5.021-3.766 5.806l-8.002 2.981c-31.3
Action.c(140):     82 12.396-49.741 23.38-49.741 45.19 0 12.553 5.806 27.146 21.968 27.146 12.1-1.075 22.91-5
Action.c(140):     .88 31.454-13.241l-0.072 0.061 6.59-4.394h1.569c2.744 9.598 11.029 16.666 21.090 17.567l0.
Action.c(140):     093 0.007c12.57-0.057 23.487-7.077 29.098-17.399l0.087-0.175zM1637.521 932.678c-0.343 11.9
Action.c(140):     6-9.994 21.556-21.943 21.81l-0.024 0c-11.611 0-14.593-9.415-14.593-19.614 1.070-12.655 9.5
Action.c(140):     06-23.094 20.963-27.079l0.22-0.067 10.356-4.394c0.425-0.082 0.913-0.128 1.412-0.128s0.988 
Action.c(140):     0.047 1.461 0.136l-0.049-0.008s1.569 0 1.569 2.824v27.146z",\n
Action.c(140):             "M1768.385 850.77c-0.317-0.008-0.69-0.012-1.064-0.012-13.4 0-25.493 5.599-34.066 1
Action.c(140):     4.586l-0.018 0.019-3.609 2.981s-1.412 1.412-2.197 1.412c-0.723-0.126-1.286-0.689-1.411-1.4
Action.c(140):     02l-0.002-0.010v-12.553c0-3.609 0-5.021-2.981-5.021s-8.787 7.218-21.968 13.808c-8.002 4.39
Action.c(140):     4-14.593 4.394-14.593 8.787s5.178 2.197 8.787 4.394 5.178 4.394 5.178 11.768v114.702c0 6.5
Action.c(140):     9-1.569 8.787-6.59 10.984s-11.768 0-11.768 5.963c0 2.197 1.569 3.609 5.178 3.609s13.181-1.
Action.c(140):     412 26.361-1.412 20.398 1.412 28.401 1.412c4.394 0 6.59-1.412 6.59-3.609 0-5.963-5.806-3.7
Action.c(140):     66-13.808-5.963s-7.375-3.609-7.375-10.984v-36.56h1.412c7.991 3.56 17.305 5.684 27.101 5.80
Action.c(140):     5l0.045 0c0.807 0.038 1.752 0.059 2.703 0.059 34.057 0 61.666-27.609 61.666-61.666 0-0.738
Action.c(140):     -0.013-1.473-0.039-2.205l0.003 0.106c0.116-1.325 0.182-2.868 0.182-4.425 0-29.157-23.119-5
Action.c(140):     2.915-52.025-53.943l-0.094-0.003zM1752.694 964.060c-15.691 0-25.576-8.002-25.576-23.38v-46
Action.c(140):     .289c0-16.789 8.002-24.949 25.576-24.949 24.792 0 41.581 18.359 41.581 47.073 0.133 1.275 
Action.c(140):     0.209 2.755 0.209 4.253 0 23.495-18.71 42.62-42.043 43.289l-0.062 0.001z",\n
Action.c(140):             "M2098.839 949.467c-1.569 0-5.178 5.021-9.572 5.021s-4.394-2.824-4.394-10.199v-130
Action.c(140):     .864c0-6.59 0-12.396 0-16.789s0-5.178-3.766-5.178c-6.161 3.008-13.643 5.989-21.359 8.447l-
Action.c(140):     1.236 0.34c-8.787 2.197-14.593 2.981-14.593 6.59s4.394 2.197 9.415 4.394 5.178 3.766 5.178
Action.c(140):      9.572v29.97c0 2.197-0.785 3.609-2.197 3.609v0l-4.394-1.412c-6.169-1.893-13.26-2.984-20.60
Action.c(140):     6-2.984-0.203 0-0.405 0.001-0.608 0.002l0.031-0c-0.467-0.012-1.017-0.020-1.569-0.020-34.66
Action.c(140):     4 0-62.764 28.101-62.764 62.764 0 0.007 0 0.014 0 0.021l-0-0.001c-0.014 0.473-0.022 1.029-
Action.c(140):     0.022 1.587 0 31.111 25.22 56.331 56.331 56.331 0.504 0 1.007-0.007 1.509-0.020l-0.074 0.0
Action.c(140):     02c12.977-0.262 24.882-4.641 34.517-11.878l-0.153 0.11c2.197 0 2.981 10.984 7.375 10.984s1
Action.c(140):     1.768-5.021 27.773-9.415c5.178-1.569 8.002-1.569 8.002-7.375 0.012-0.104 0.018-0.224 0.018
Action.c(140):     -0.345 0-1.66-1.228-3.034-2.825-3.262l-0.018-0.002zM2060.082 934.875c0 17.417-1.569 24.792
Action.c(140):     -19.771 24.792-0.632 0.033-1.371 0.052-2.115 0.052-23.571 0-42.68-19.108-42.68-42.68 0-1.5
Action.c(140):     66 0.084-3.112 0.249-4.635l-0.017 0.189c0-32.951 17.574-54.134 39.385-54.134s24.949 12.553
Action.c(140):      24.949 38.129v38.757z",\n
Action.c(140):             "M1956.992 909.141c0.004 0.278 0.007 0.606 0.007 0.935 0 35.184-28.522 63.706-63.7
Action.c(140):     06 63.706s-63.706-28.522-63.706-63.706c0-35.184 28.522-63.706 63.706-63.706 0.329 0 0.657 
Action.c(140):     0.002 0.984 0.007l-0.049-0.001c34.452 0.522 62.243 28.312 62.764 62.715l0.001 0.049z",\n
Action.c(140):             "M2117.041 817.819c-8.059 0-14.593-6.533-14.593-14.593s6.533-14.593 14.593-14.593c
Action.c(140):     8.059 0 14.593 6.533 14.593 14.593v0c0 8.059-6.533 14.593-14.593 14.593v0zM2117.041 790.83
Action.c(140):     1c-6.846 0-12.396 5.55-12.396 12.396s5.55 12.396 12.396 12.396c6.846 0 12.396-5.55 12.396-
Action.c(140):     12.396v-0c-0.171-6.776-5.62-12.225-12.38-12.396l-0.016-0zM2120.65 812.013l-4.394-6.59h-2.8
Action.c(140):     24v6.59h-2.197v-16.789h7.061c2.773 0 5.021 2.248 5.021 5.021v0c-0.037 2.583-1.904 4.72-4.3
Action.c(140):     61 5.173l-0.033 0.005 4.394 6.59zM2118.453 796.322h-4.394v6.59h4.237c1.613-0.081 2.9-1.369
Action.c(140):      2.981-2.974l0-0.007c0-0.004 0-0.010 0-0.015 0-1.709-1.302-3.115-2.968-3.279l-0.014-0.001z
Action.c(140):     ",\n
Action.c(140):             "M1232.534 601.596c-59.343 30.771-129.54 48.856-203.952 48.956l-0.032 0c-174.485 0
Action.c(140):     -290.285-110.622-290.285-272.397 0-153.616 116.585-277.732 304.407-277.732 58.048 
Action.c(140): t=20818ms: 5538-byte DECODED response body for "https://stage.peapod.com/shop/images/icons/PeapodIcons.json" (RelFrameId=1, Internal ID=13)
Action.c(140):     0.467 113.541 10.777 165.095 29.337l-3.477-1.093v91.008c-43.85-27.637-96.995-44.395-153.98
Action.c(140):     7-45.344l-0.257-0.003c-120.978 0-209.319 83.163-209.319 202.729 0 112.819 77.2 203.984 198
Action.c(140):     .335 203.984 1.73 0.053 3.765 0.083 5.808 0.083 35.091 0 68.113-8.861 96.949-24.467l-1.079
Action.c(140):      0.534 2.197-120.194h-134.629l43.935-72.022h184.527z",\n
Action.c(140):             "M1387.876 637.842h-86.929v-367.171h86.929zM1390.857 147.81c0.048 0.791 0.075 1.71
Action.c(140):     7 0.075 2.649 0 25.998-21.075 47.073-47.073 47.073s-47.073-21.075-47.073-47.073c0-25.53 20
Action.c(140):     .324-46.313 45.675-47.053l0.068-0.002h1.412c0.721-0.041 1.564-0.065 2.412-0.065 23.893 0 4
Action.c(140):     3.409 18.738 44.656 42.32l0.005 0.111v2.197z",\n
Action.c(140):             "M1525.487 533.497c-0-0.054-0-0.118-0-0.182 0-27.189 18.74-50.001 44.009-56.223l0.
Action.c(140):     397-0.083c14.852-4.13 31.906-6.503 49.515-6.503 3.281 0 6.542 0.082 9.782 0.245l-0.455-0.0
Action.c(140):     18c7.375 0 15.691 0.785 23.694 1.569v96.5c-18.998 9.731-41.285 15.918-64.892 17.088l-0.383
Action.c(140):      0.015c-46.132 0-61.666-26.675-61.666-52.722zM1743.122 637.842c-4.55-15.691-5.963-21.497-5
Action.c(140):     .963-95.402v-148.124c0-31.382 0-68.256-31.382-98.854s-78.455-34.050-104.66-34.050c-32.341 
Action.c(140):     0.909-63.221 5.205-92.897 12.551l2.988-0.626-45.347 77.2c32.196-14.922 69.711-24.344 109.2
Action.c(140):     3-26.027l0.607-0.021c66.059 0 77.2 34.991 77.2 90.694-13.706-2-29.529-3.141-45.619-3.141-0
Action.c(140):     .511 0-1.023 0.001-1.533 0.003l0.079-0c-1.334-0.026-2.907-0.041-4.483-0.041-33.165 0-64.79
Action.c(140):     2 6.587-93.643 18.525l1.627-0.596c-42.48 16.566-72.031 57.157-72.031 104.649 0 0.5 0.003 1
Action.c(140):      0.010 1.498l-0.001-0.076c-0.042 1.097-0.066 2.385-0.066 3.678 0 31.126 13.773 59.035 35.5
Action.c(140):     58 77.965l0.126 0.107c23.29 18.276 53.021 29.309 85.329 29.309 3.102 0 6.181-0.102 9.233-0
Action.c(140):     .302l-0.415 0.022c32.672-1.246 63.517-7.353 92.391-17.618l-2.167 0.672c0 2.667 1.098 5.492
Action.c(140):      1.883 8.002z",\n
Action.c(140):             "M2331.224 641.765c-13.1 3.389-28.138 5.335-43.631 5.335-0.107 0-0.214-0-0.32-0l0.
Action.c(140):     017 0c-1.842 0.129-3.993 0.202-6.16 0.202-26.428 0-50.313-10.889-67.412-28.426l-0.019-0.02
Action.c(140):     0c-22.909-25.263-21.968-51.467-21.497-83.947l1.569-201.16h-47.073v-62.764h48.956v-69.041l8
Action.c(140):     6.144-26.832v95.559h82.378v62.764h-84.261l-1.569 160.363c0 40.012 0 55.703 8.944 69.041 9.
Action.c(140):     769 12.359 24.76 20.218 41.587 20.218 1.323 0 2.635-0.049 3.934-0.144l-0.174 0.010c17.771-
Action.c(140):     0.768 34.492-4.27 50.078-10.096l-1.122 0.368z",\n
Action.c(140):             "M2084.717 292.639c-23.222-19.036-53.229-30.574-85.93-30.574-2.117 0-4.223 0.048-6
Action.c(140):     .317 0.144l0.297-0.011c-26.48 0.716-51.632 5.37-75.225 13.396l1.79-0.529c-8.787 3.138-20.2
Action.c(140):     41 8.316-30.127 13.024v-16.476h-88.184v366.701h88.184v-286.362c18.785-14.015 42.456-22.439
Action.c(140):      68.095-22.439 0.112 0 0.223 0 0.335 0l-0.017-0c1.209-0.068 2.623-0.106 4.047-0.106 17.675
Action.c(140):      0 33.963 5.94 46.976 15.932l-0.183-0.135c24.478 20.869 24.478 49.741 25.106 107.641v185.4
Action.c(140):     69h86.929v-244.624c-0.785-32.010-2.197-69.668-35.776-101.051z",\n
Action.c(140):             "M2410.778 300.013h4.55c2.824 0 5.021 0 5.021-3.452s-2.824-3.295-5.178-3.295h-4.39
Action.c(140):     4zM2405.6 289.344h9.728c6.59 0 10.199 2.040 10.199 7.218 0.020 0.19 0.032 0.411 0.032 0.63
Action.c(140):     4 0 3.367-2.652 6.115-5.981 6.27l-0.014 0.001 6.904 11.298h-5.335l-6.276-10.984h-3.295v11.
Action.c(140):     298h-5.021zM2414.857 320.726c0.231 0.010 0.501 0.016 0.773 0.016 10.052 0 18.202-8.149 18.
Action.c(140):     202-18.202s-8.149-18.202-18.202-18.202c-9.826 0-17.833 7.786-18.189 17.525l-0.001 0.032c-0
Action.c(140):     .012 0.237-0.018 0.516-0.018 0.795 0 9.405 7.454 17.069 16.777 17.406l0.031 0.001zM2414.23
Action.c(140):      278.987c10.888 0.263 19.614 9.152 19.614 20.079 0 11.092-8.992 20.085-20.085 20.085s-20.0
Action.c(140):     85-8.992-20.085-20.085c0-10.927 8.726-19.816 19.589-20.079l0.024-0h0.941z",\n
Action.c(140):             "M585.905 421.776h-163.344l194.726-194.726c5.881-6.088 9.505-14.389 9.505-23.537s-
Action.c(140):     3.624-17.449-9.515-23.546l0.009 0.010c-3.238-3.256-7.166-5.821-11.546-7.459l-0.222-0.073h-
Action.c(140):     1.569c-15.713-5.566-33.835-8.782-52.708-8.782-44.775 0-85.322 18.102-114.721 47.387l0.005-
Action.c(140):     0.005c-2.824 2.667-5.335 5.492-8.002 8.473v-183.899c0-0.002 0-0.004 0-0.006 0-19.451-15.59
Action.c(140):     1-35.26-34.958-35.613l-0.033-0c-5.221 0.036-10.178 1.129-14.68 3.075l0.244-0.094h-2.511c-6
Action.c(140):     8.074 34.305-114.003 103.555-114.231 183.555l-0 0.031c-0 0.142-0.001 0.309-0.001 0.477 0 1
Action.c(140):     0.914 0.913 21.614 2.668 32.029l-0.156-1.124-134.473-134.316c-6.93-6.935-16.505-11.224-27.
Action.c(140):     083-11.224-16.151 0-29.965 10-35.59 24.146l-0.091 0.259v1.569c-9.277 25.867-14.639 55.712-
Action.c(140):     14.639 86.809 0 103.273 59.14 192.734 145.402 236.361l1.513 0.694h-156.911c-0.329-0.009-0.
Action.c(140):     717-0.015-1.105-0.015-22.867 0-41.456 18.321-41.888 41.085l-0.001 0.040c0.001 6.19 1.33 12
Action.c(140):     .070 3.717 17.371l-0.108-0.267v1.255c56.769 115.418 173.516 193.446 308.487 193.446s251.71
Action.c(140):     7-78.028 307.591-191.436l0.895-2.010-0.785 1.726 1.255-2.667c2.371-5.069 3.754-11.006 3.75
Action.c(140):     4-17.266 0-16.823-9.991-31.313-24.363-37.86l-0.26-0.106c-4.225-1.941-9.135-3.232-14.3-3.60
Action.c(140):     1l-0.136-0.008z",\n
Action.c(140):             "M28.872 469.477c-0.808-1.725-1.28-3.745-1.28-5.875 0-5.766 3.455-10.724 8.408-12.
Action.c(140):     918l0.090-0.036c1.709-0.749 3.698-1.206 5.787-1.255l0.018-0h541.185c0.047-0.001 0.102-0.00
Action.c(140):     1 0.157-0.001 7.799 0 14.122 6.323 14.122 14.122 0 0-0 0.001-0 0.001l0-0c0.003 0.101 0.004
Action.c(140):      0.22 0.004 0.34 0 2.043-0.465 3.977-1.294 5.702l0.034-0.079c-52.362 105.891-159.635 177.4
Action.c(140):     3-283.616 177.43s-231.255-71.539-282.792-175.59l-0.824-1.84z",\n
Action.c(140):             "M94.146 106.699c0.548-1.41 1.347-2.613 2.353-3.608l0.001-0.001c1.934-2.161 4.732-
Action.c(140):     3.515 7.846-3.515s5.912 1.354 7.837 3.505l0.009 0.010 286.519 287.931c2.075 1.976 3.366 4.
Action.c(140):     76 3.366 7.846s-1.291 5.869-3.361 7.841l-0.004 0.004c-0.948 1.076-2.167 1.89-3.552 2.338l-
Action.c(140):     0.057 0.016c-22.988 8.171-49.502 12.893-77.119 12.893-130.942 0-237.092-106.15-237.092-237
Action.c(140):     .092 0-28.007 4.856-54.881 13.773-79.823l-0.516 1.656z",\n
Action.c(140):             "M390.551 28.244c0.471-0.112 1.013-0.177 1.569
Action.c(140): t=20829ms: 4229-byte ENCODED response body received for "https://stage.peapod.com/shop/images/icons/PeapodIcons.json" (RelFrameId=1, Internal ID=13)
Action.c(140): t=20830ms: 12288-byte DECODED response body for "https://stage.peapod.com/shop/images/icons/PeapodIcons.json" (RelFrameId=1, Internal ID=13)
Action.c(140):     -0.177s1.098 0.064 1.617 0.186l-0.048-0.009c4.42 0 8.002 3.583 8.002 8.002v0 0 303.152c0 4
Action.c(140):     .42-3.583 8.002-8.002 8.002v0c-0.471 0.112-1.013 0.177-1.569 0.177s-1.098-0.064-1.617-0.18
Action.c(140):     6l0.048 0.009c-59.647-29.264-99.984-89.553-99.984-159.264s40.337-130.001 98.944-158.803l1.
Action.c(140):     040-0.462z",\n
Action.c(140):             "M596.261 197.551c0.799 0.339 1.478 0.817 2.037 1.409l0.003 0.003c1.1 1.106 1.78 2
Action.c(140):     .631 1.78 4.315s-0.68 3.209-1.781 4.315l0-0-163.501 162.717c-1.081 1.091-2.58 1.767-4.237 
Action.c(140):     1.767s-3.156-0.676-4.236-1.766l-0-0c-0.633-0.534-1.119-1.222-1.402-2.007l-0.010-0.033c-4.6
Action.c(140):     89-13.102-7.399-28.217-7.399-43.965 0-74.18 60.135-134.316 134.316-134.316 15.921 0 31.196
Action.c(140):      2.77 45.367 7.855l-0.937-0.293z"\n
Action.c(140):           ],\n
Action.c(140):           "attrs": [\n
Action.c(140):             {\n
Action.c(140):               "fill": "rgb(99, 102, 106)"\n
Action.c(140):             },\n
Action.c(140):             {\n
Action.c(140):               "fill": "rgb(99, 102, 106)"\n
Action.c(140):             },\n
Action.c(140):             {\n
Action.c(140):               "fill": "rgb(99, 102, 106)"\n
Action.c(140):             },\n
Action.c(140):             {\n
Action.c(140):               "fill": "rgb(99, 102, 106)"\n
Action.c(140):             },\n
Action.c(140):             {\n
Action.c(140):               "fill": "rgb(99, 102, 106)"\n
Action.c(140):             },\n
Action.c(140):             {\n
Action.c(140):               "fill": "rgb(99, 102, 106)"\n
Action.c(140):             },\n
Action.c(140):             {\n
Action.c(140):               "fill": "rgb(99, 102, 106)"\n
Action.c(140):             },\n
Action.c(140):             {\n
Action.c(140):               "fill": "rgb(99, 102, 106)"\n
Action.c(140):             },\n
Action.c(140):             {\n
Action.c(140):               "fill": "rgb(99, 102, 106)"\n
Action.c(140):             },\n
Action.c(140):             {\n
Action.c(140):               "fill": "rgb(51, 51, 51)"\n
Action.c(140):             },\n
Action.c(140):             {\n
Action.c(140):               "fill": "rgb(51, 51, 51)"\n
Action.c(140):             },\n
Action.c(140):             {\n
Action.c(140):               "fill": "rgb(54, 54, 54)"\n
Action.c(140):             },\n
Action.c(140):             {\n
Action.c(140):               "fill": "rgb(51, 51, 51)"\n
Action.c(140):             },\n
Action.c(140):             {\n
Action.c(140):               "fill": "rgb(51, 51, 51)"\n
Action.c(140):             },\n
Action.c(140):             {\n
Action.c(140):               "fill": "rgb(94, 160, 0)"\n
Action.c(140):             },\n
Action.c(140):             {\n
Action.c(140):               "fill": "rgb(51, 51, 51)"\n
Action.c(140):             },\n
Action.c(140):             {\n
Action.c(140):               "fill": "rgb(112, 40, 119)"\n
Action.c(140):             },\n
Action.c(140):             {\n
Action.c(140):               "fill": "rgb(112, 40, 119)"\n
Action.c(140):             },\n
Action.c(140):             {\n
Action.c(140):               "fill": "rgb(112, 40, 119)"\n
Action.c(140):             },\n
Action.c(140):             {\n
Action.c(140):               "fill": "rgb(112, 40, 119)"\n
Action.c(140):             },\n
Action.c(140):             {\n
Action.c(140):               "fill": "rgb(112, 40, 119)"\n
Action.c(140):             },\n
Action.c(140):             {\n
Action.c(140):               "fill": "rgb(112, 40, 119)"\n
Action.c(140):             },\n
Action.c(140):             {\n
Action.c(140):               "fill": "rgb(255, 255, 255)"\n
Action.c(140):             },\n
Action.c(140):             {\n
Action.c(140):               "fill": "rgb(247, 168, 0)"\n
Action.c(140):             },\n
Action.c(140):             {\n
Action.c(140):               "fill": "rgb(226, 35, 26)"\n
Action.c(140):             },\n
Action.c(140):             {\n
Action.c(140):               "fill": "rgb(113, 33, 119)"\n
Action.c(140):             },\n
Action.c(140):             {\n
Action.c(140):               "fill": "rgb(130, 188, 0)"\n
Action.c(140):             }\n
Action.c(140):           ],\n
Action.c(140):           "width": 2437,\n
Action.c(140):           "isMulticolor": true,\n
Action.c(140):           "grid": 32,\n
Action.c(140):           "tags": [\n
Action.c(140):             "giant-landover-powered-by-peapod"\n
Action.c(140):           ]\n
Action.c(140):         },\n
Action.c(140):         {\n
Action.c(140):           "paths": [\n
Action.c(140):             "M770.709 824.115h32.121c0 1.935 0 4.063 0 5.998s0 3.87 0 5.805c3.581-4.487 8.206-
Action.c(140):     7.993 13.515-10.174l0.223-0.081c5.34-2.461 11.588-3.897 18.171-3.897 14.322 0 27.058 6.795
Action.c(140):      35.158 17.337l0.077 0.105c3.86 5.080 6.96 10.996 8.982 17.391l0.112 0.411c1.842 6.202 2.9
Action.c(140):     02 13.327 2.902 20.701 0 0.001-0 0.002-0 0.004l0-0c0.009 0.394 0.014 0.858 0.014 1.323 0 9
Action.c(140):     .024-1.855 17.615-5.205 25.412l0.16-0.419c-3.246 7.562-7.758 13.996-13.33 19.33l-0.021 0.0
Action.c(140):     20c-5.132 4.631-11.262 8.266-18.019 10.537l-0.363 0.106c-5.746 2.081-12.378 3.345-19.288 3
Action.c(140):     .482l-0.062 0.001c-0.447 0.015-0.973 0.023-1.501 0.023-4.069 0-8.021-0.502-11.797-1.449l0.
Action.c(140):     333 0.071-9.288-2.902v47.214h-32.895zM803.991 904.224c4.903 2.846 10.789 4.526 17.068 4.52
Action.c(140):     6 0.803 0 1.6-0.027 2.389-0.082l-0.107 0.006c0.32 0.015 0.696 0.024 1.074 0.024 7.285 0 13
Action.c(140):     .817-3.22 18.252-8.315l0.025-0.029c4.369-5.486 7.010-12.517 7.010-20.165 0-0.598-0.016-1.1
Action.c(140):     92-0.048-1.782l0.004 0.082c-0.003-3.705-0.426-7.31-1.224-10.772l0.063 0.323c-0.819-3.393-2
Action.c(140):     .223-6.372-4.114-8.974l0.050 0.073c-1.75-2.633-4.101-4.735-6.864-6.145l-0.102-0.047c-2.832
Action.c(140):     -1.471-6.184-2.334-9.737-2.334-0.25 0-0.5 0.004-0.748 0.013l0.036-0.001c-0.096-0.001-0.209
Action.c(140):     -0.002-0.323-0.002-3.467 0-6.75 0.786-9.681 2.189l0.135-0.058c-2.853 1.272-5.249 3.11-7.13
Action.c(140):     4 5.386l-0.026 0.032c-1.891 2.245-3.405 4.882-4.399 7.761l-0.052 0.173c-0.937 2.706-1.5 5.
Action.c(140):     827-1.548 9.072l-0 0.023z",\n
Action.c(140):             "M898.225 878.488c-0.004-0.24-0.006-0.522-0.006-0.806 0-7.87 1.566-15.375 4.404-22
Action.c(140):     .219l-0.141 0.385c2.958-7.47 7.013-13.886 12.041-19.399l-0.044 0.049c5.353-5.304 11.802-9.
Action.c(140):     514 18.975-12.258l0.375-0.126c7.028-2.814 15.175-4.447 23.704-4.447s16.675 1.632 24.146 4.
Action.c(140):     602l-0.442-0.155c7.143 3.071 13.242 7.248 18.383 12.384l-0-0c10.079 10.842 16.264 25.424 1
Action.c(140):     6.264 41.45 0 8.066-1.567 15.767-4.413 22.814l0.146-0.409c-2.878 7.492-6.944 13.921-12.030
Action.c(140):      19.386l0.033-0.036c-5.098 5.265-11.208 9.514-18.021 12.439l-0.361 0.138c-7.011 2.934-15.1
Action.c(140):     58 4.638-23.704 4.638s-16.692-1.704-24.12-4.792l0.416 0.153c-7.582-2.861-14.042-7.144-19.3
Action.c(140):     4-12.567l-0.010-0.010c-10.060-10.424-16.259-24.633-16.259-40.29 0-0.257 0.002-0.514 0.005-
Action.c(140):     0.771l-0 0.039zM956.275 907.707c0.243 0.009 0.528 0.014 0.815 0.014 7.52 0 14.212-3.545 18
Action.c(140):     .496-9.056l0.040-0.053c2.262-2.391 4.094-5.217 5.354-8.335l0.064-0.179c1.102-3.235 1.739-6
Action.c(140):     .961 1.739-10.836s-0.636-7.601-1.81-11.080l0.071 0.244c-1.056-3.568-2.713-6.666-4.877-9.33
Action.c(140):     8l0.039 0.050c-2.335-3.155-5.236-5.747-8.572-7.668l-0.135-0.072c-3.124-1.468-6.786-2.325-1
Action.c(140):     0.647-2.325-0.134 0-0.269 0.001-0.403 0.003l0.020-0c-0.118-0.002-0.257-0.003-0.396-0.003-3
Action.c(140):     .989 0-7.778 0.856-11.193 2.394l0.172-0.069c-3.221 1.65-5.928 3.862-8.091 6.532l-0.036 0.0
Action.c(140):     46c-2.108 2.647-3.817 5.729-4.966 9.072l-0.065 0.216c-1.102 3.235-1.739 6.961-1.739 10.836
Action.c(140):     s0.636 7.601 1.81 11.080l-0.071-0.244c1.214 3.559 2.923 6.641 5.079 9.351l-0.048-0.063c2.1
Action.c(140):     45 2.835 4.864 5.121 7.996 6.712l0.131 0.060c3.45 1.702 7.509 2.701 11.801 2.709l0.003 0z"
Action.c(140):     ,\n
Action.c(140):             "M1020.517 824.115h34.443l19.35 69.853 21.091-69.853h26.896l21.285 69.853 19.35-69
Action.c(140):     .853h33.669l-37.539 108.94h-30.766l-20.317-60.759-19.35 60.759h-30.573z",\n
Action.c(140):             "M1309.025 921.252l-5.611 3.676c-2.794 2.086-5.981 3.905-9.382 5.311l-0.293 0.107c
Action.c(140):     -3.768 1.557-8.412 3.082-13.183 4.29l-0.749 0.161c-5.202 1.247-11.175 1.962-17.316 1.962-0
Action.c(140):     .715 0-1.428-0.010-2.139-0.029l0.105 0.002c-0.362 0.007-0.789 0.011-1.216 0.011-8.594 0-16
Action.c(140):     .822-1.565-24.416-4.425l0.477 0.158c-7.529-2.756-13.977-6.839-19.369-12.015l0.019 0.018c-5
Action.c(140):     .162-5.339-9.195-11.803-11.693-18.986l-0.11-0.364c-2.511-6.826-3.964-14.708-3.964-22.93s1.
Action.c(140):     453-16.104 4.115-23.405l-0.151 0.475c2.432-7.491 6.204-13.948 11.075-19.402l-0.046 0.052c4
Action.c(140):     .896-5.25 10.738-9.544 17.264-12.625l0.344-0.146c5.546-1.939 11.94-3.059 18.596-3.059 2.24
Action.c(140):     3 0 4.456 0.127 6.632 0.375l-0.266-0.025c0.3-0.006 0.654-0.009 1.008-0.009 8.036 0 15.672 
Action.c(140):     1.713 22.563 4.793l-0.351-0.14c6.645 3.138 12.251 7.445 16.779 12.706l0.055 0.065c4.434 5.
Action.c(140):     478 7.937 11.921 10.144 18.939l0.111 0.411c2.214 7.255 3.488 15.595 3.488 24.231 0 0.325-0
Action.c(140):     .002 0.649-0.005 0.973l0-0.049v5.611h-77.4c0.269 6.188 3.214 11.639 7.7 15.256l0.040 0.031
Action.c(140):     c5.146 4.138 11.76 6.641 18.958 6.641 0.683 0 1.36-0.023 2.031-0.067l-0.091 0.005c0.628 0.
Action.c(140):     028 1.364 0.044 2.104 0.044 6.845 0 13.372-1.367 19.32-3.843l-0.333 0.123c4.537-2.115 8.40
Action.c(140):     8-4.372 12.049-6.936l-0.245 0.164zM1279.807 867.072c-0.102-2.594-0.59-5.041-1.408-7.331l0.
Action.c(140):     053 0.172c-2.143-5.155-6.115-9.19-11.087-11.364l-0.136-0.053c-2.811-1.347-6.111-2.133-9.59
Action.c(140):     4-2.133-0.165 0-0.329 0.002-0.492 0.005l0.024-0c-0.090-0.001-0.197-0.002-0.304-0.002-3.539
Action.c(140):      0-6.895 0.785-9.902 2.191l0.144-0.060c-2.892 1.082-5.351 2.732-7.345 4.829l-0.008 0.008c-
Action.c(140):     1.799 1.865-3.292 4.040-4.391 6.434l-0.059 0.145c-0.924 2.108-1.488 4.56-1.548 7.137l-0 0.
Action.c(140):     023z",\n
Action.c(140):             "M1330.31 824.115h32.121l1.161 13.738c3.208-4.16 6.981-7.687 11.245-10.535l0.171-0
Action.c(140):     .108c4.985-3.302 11.104-5.268 17.683-5.268 0.586 0 1.169 0.016 1.748 0.046l-0.081-0.003c1.
Action.c(140):     131-0.106 2.445-0.167 3.773-0.167s2.643 0.061 3.94 0.179l-0.167-0.012c2.288 0.24 4.384 0.7
Action.c(140):     87 6.34 1.603l-0.148-0.055-5.418 29.605c-3.34-1.11-7.185-1.751-11.18-1.751-0.287 0-0.574 0
Action.c(140):     .003-0.86 0.010l0.042-0.001c-0.424-0.025-0.921-0.039-1.42-0.039-6.961 0-13.281 2.743-17.93
Action.c(140):     9 7.207l0.009-0.009c-4.563 4.754-7.372 11.221-7.372 18.344 0 0.354 0.007 0.706 0.021 1.056
Action.c(140):     l-0.002-0.050v53.986h-33.669z",\n
Action.c(140):             "M1522.649 921.252l-5.611 3.676c-2.794 2.086-5.981 3.905-9.382 5.311l-0.293 0.107c
Action.c(140):     -3.768 1.557-8.412 3.082-13.183 4.29l-0.749 0.161c-5.202 1.247-11.175 1.962-17.316 1.962-0
Action.c(140):     .715 0-1.428-0.010-2.139-0.029l0.105 0.002c-0.362 0.007-0.789 0.011-1.216 0.011-8.594 0-16
Action.c(140):     .822-1.565-24.416-4.425l0.477 0.158c-7.529-2.756-13.977-6.839-19.369-12.015l0.019 0.018c-5
Action.c(140):     .162-5.339-9.195-11.803-11.693-18.986l-0.11-0.364c-2.511-6.826-3.964-14.708-3.964-22.93s1.
Action.c(140):     453-16.104 4.115-23.405l-0.151 0.475c2.432-7.491 6.204-13.948 11.075-19.402l-0.046 0.052c4
Action.c(140):     .896-5.25 10.738-9.544 17.264-12.625l0.344-0.146c5.493-1.9 11.824-2.997 18.411-2.997 2.034
Action.c(140):      0 4.044 0.105 6.024 0.309l-0.248-0.021c0.3-0.006 0.654-0.009 1.008-0.009 8.036 0 15.672 1
Action.c(140):     .713 22.563 4.793l-0.351-0.14c6.645 3.138 12.251 7.445 16.779 12.706l0.055 0.065c4.434 5.4
Action.c(140):     78 7.937 11.921 10.144 18.939l0.111 0.411c2.214 7.255 3.488 15.595 3.488 24.231 0 0.325-0.
Action.c(140):     002 0.649-0.005 0.973l0-0.049v5.611h-77.4c0.269 6.188 3.214 11.639 7.7 15.256l0.040 0.031c
Action.c(140):     5.146 4.138 11.76 6.641 18.958 6.641 0.683 0 1.36-0.023 2.031-0.067l-0.091 0.005c0.628 0.0
Action.c(140):     28 1.364 0.044 2.104 0.044 6.845 0 13.372-1.367 19.32-3.843l-0.333 0.123c4.537-2.115 8.408
Action.c(140):     -4.372 12.049-6.936l-0.245 0.164zM1493.43 867.072c-0.102-2.594-0.59-5.041-1.408-7.331l0.05
Action.c(140):     3 0.172c-2.143-5.155-6.115-9.19-11.087-11.364l-0.136-0.053c-2.811-1.347-6.111-2.133-9.594-
Action.c(140):     2.133-0.165 0-0.329 0.002-0.492 0.005l0.024-0c-0.090-0.001-0.197-0.002-0.304-0.002-3.539 0
Action.c(140):     -6.895 0.785-9.902 2.191l0.144-0.060c-2.892 1.082-5.351 2.732-7.345 4.829l-0.008 0.008c-1.
Action.c(140):     799 1.865-3.292 4.040-4.391 6.434l-0.059 0.145c-0.924 2.108-1.488 4.56-1.548 7.137l-0 0.02
Action.c(140):     3z",\n
Action.c(140):             "M1618.044 922.026c-7.432 8.784-18.462 14.323-30.786 14.323-0.197 0-0.394-0.001-0.
Action.c(140):     591-0.004l0.030 0c-0.335 0.009-0.729 0.015-1.124 0.015-6.62 0-12.888-1.504-18.482-4.189l0.
Action.c(140):     257 0.111c-6.014-2.742-11.103-6.53-15.247-11.178l-0.039-0.045c-4.195-5.005-7.604-10.845-9.
Action.c(140):     933-17.205l-0.129-0.403c-2.332-6.846-3.678-14.733-3.678-22.933 0-0.169 0.001-0.337 0.002-0
Action.c(140):     .506l-0 0.026c-0.008-0.368-0.013-0.802-0.013-1.236 0-8.808 1.929-17.165 5.389-24.672l-0.15
Action.c(140):     1 0.366c3.264-7.191 7.843-13.257 13.479-18.133l0.066-0.056c5.11-4.605 11.158-8.286 17.808-
Action.c(140):     10.714l0.38-0.121c5.735-2.214 12.368-3.552 19.297-3.676l0.053-0.001c0.27-0.004 0.589-0.006
Action.c(140):      0.909-0.006 4.054 0 8.025 0.354 11.884 1.033l-0.409-0.060 8.901 2.709v-47.214h34.636v154.
Action.c(140):     8h-31.153zM1618.044 854.107c-2.351-1.253-5.082-2.198-7.967-2.687l-0.16-0.022c-1.538-0.164-
Action.c(140):     3.322-0.257-5.128-0.257s-3.59 0.093-5.348 0.275l0.22-0.018c-0.278-0.012-0.604-0.018-0.932-
Action.c(140):     0.018-7.405 0-14.020 3.382-18.385 8.685l-0.033 0.041c-4.483 5.573-7.195 12.736-7.195 20.53
Action.c(140):     3 0 0.537 0.013 1.071 0.038 1.601l-0.003-0.075c-0.018 0.395-0.029 0.859-0.029 1.324 0 6.77
Action.c(140):     1 2.187 13.032 5.894 18.113l-0.061-0.088c3.79 4.652 9.52 7.6 15.937 7.6 0.52 0 1.035-0.019
Action.c(140):      1.546-0.057l-0.068 0.004c0.208 0.007 0.453 0.011 0.699 0.011 3.254 0 6.34-0.717 9.11-2.00
Action.c(140):     2l-0.134 0.056c2.672-1.299 4.926-3.058 6.749-5.196l0.024-0.029c1.79-2.16 3.131-4.758 3.842
Action.c(140):     -7.607l0.028-0.133c0.187-1.337 0.294-2.881 0.294-4.45s-0.107-3.114-0.313-4.626l0.020 0.176
Action.c(140):     z",\n
Action.c(140):             "M1717.116 778.255h33.475v53.793c3.45-3.461 7.751-6.072 12.562-7.493l0.209-0.053c4
Action.c(140):     .711-1.816 10.161-2.878 15.857-2.902l0.010-0c7.391 0.037 14.374 1.747 20.602 4.768l-0.284-
Action.c(140):     0.124c6.004 2.937 11.041 6.983 15.028 11.914l0.065 0.083c4.040 4.938 7.269 10.728 9.371 17
Action.c(140):     .032l0.111 0.383c2.086 6.218 3.29 13.379 3.29 20.82 0 0.027-0 0.055-0 0.082l0-0.004c0.002 
Action.c(140):     0.175 0.003 0.381 0.003 0.588 0 8.56-1.635 16.737-4.609 24.238l0.156-0.445c-2.759 7.586-6.
Action.c(140):     986 14.055-12.376 19.342l-0.008 0.008c-5.377 5.207-11.82 9.349-18.967 12.063l-0.383 0.128c
Action.c(140):     -7.497 2.831-16.163 4.47-25.212 4.47-0.592 0-1.183-0.007-1.772-0.021l0.087 0.002c-0.351 0.
Action.c(140):     004-0.767 0.006-1.182 0.006-8.896 0-17.578-0.918-25.956-2.664l0.822 0.143c-8.238-1.651-15.
Action.c(140):     246-3.589-22.051-5.961l1.153 0.35zM1750.591 906.546c1.779 0.746 3.859 1.351 6.021 1.718l0.
Action.c(140):     171 0.024c1.42 0.12 3.072 0.188 4.741 0.188s3.321-0.068 4.955-0.202l-0.215 0.014c0.38 0.02
Action.c(140):     0 0.825 0.031 1.273 0.031 7.621 0 14.475-3.288 19.219-8.523l0.020-0.022c4.601-5.779 7.382-
Action.c(140):     13.185 7.382-21.24 0-0.492-0.010-0.982-0.031-1.469l0.002 0.070c-0.062-3.533-0.552-6.925-1.
Action.c(140):     421-10.161l0.067 0.292c-0.793-3.312-2.129-6.224-3.925-8.79l0.055 0.082c-1.712-2.604-3.913-
Action.c(140):     4.743-6.49-6.334l-0.089-0.051c-1.906-0.689-4.105-1.088-6.397-1.088-1.227 0-2.428 0.114-3.5
Action.c(140):     92 0.333l0.12-0.019c-0.538-0.050-1.163-0.078-1.795-0.078-5.723 0-10.905 2.322-14.652 6.076
Action.c(140):     l-0 0c-3.39 4.131-5.446 9.47-5.446 15.29 0 0.407 0.010 0.812 0.030 1.214l-0.002-0.057z",\n
Action.c(140):             "M1848.502 950.277c1.729 1.272 3.692 2.492 5.74
Action.c(140): t=20860ms: 525-byte DECODED response body for "https://stage.peapod.com/shop/images/icons/PeapodIcons.json" (RelFrameId=1, Internal ID=13)
Action.c(140):     9 3.559l0.25 0.118c2.167 0.949 4.69 1.515 7.341 1.548l0.012 0c0.123 0.004 0.268 0.007 0.41
Action.c(140):     3 0.007 3.276 0 6.259-1.252 8.498-3.305l-0.009 0.008c2.933-3.211 5.294-7.003 6.885-11.175l
Action.c(140):     0.081-0.242 3.096-8.901-49.536-107.779h38.7l26.316 68.692 24.574-68.692h35.604l-44.698 108
Action.c(140):     .166c-2.322 6.192-4.837 11.997-7.159 17.995-2.504 6.133-5.492 11.423-9.048 16.27l0.147-0.2
Action.c(140):     1c-3.502 4.636-7.74 8.503-12.575 11.497l-0.196 0.113c-5.146 2.705-11.244 4.292-17.713 4.29
Action.c(140):     2-0.576 0-1.148-0.013-1.718-0.037l0.081 0.003c-0.167 0.002-0.364 0.003-0.56
Action.c(140): t=20862ms: 12280-byte ENCODED response body received for "https://stage.peapod.com/shop/images/icons/PeapodIcons.json" (RelFrameId=1, Internal ID=13)
Action.c(140): t=20862ms: 12288-byte DECODED response body for "https://stage.peapod.com/shop/images/icons/PeapodIcons.json" (RelFrameId=1, Internal ID=13)
Action.c(140):     1 0.003-5.531 0-10.863-0.85-15.874-2.427l0.374 0.102c-5.020-1.607-9.385-3.844-13.294-6.673
Action.c(140):     l0.136 0.094z",\n
Action.c(140):             "M2103.534 757.164c-17.221 0-30.573 0-38.7 0h-7.353c-17.995 0-27.864 0-29.605 0-5.
Action.c(140):     418 0-7.353 1.935-7.353 4.644s6.385 3.483 16.254 5.418 9.094 4.45 9.094 14.319v140.674c0 1
Action.c(140):     5.286 0 19.35-11.803 21.672-8.127 0-15.286-0.967-15.286 4.45s2.709 5.418 8.127 5.418 17.02
Action.c(140):     8-1.741 35.217-1.741 31.54 1.741 36.958 1.741 8.127-1.741 8.127-5.418-7.353-3.676-14.512-5
Action.c(140):     .418c-11.803-2.709-11.803-7.159-11.803-21.672v-46.827c0-4.45 0-6.385 3.676-6.385 7.082 3.0
Action.c(140):     69 15.329 4.854 23.993 4.854 4.246 0 8.391-0.429 12.395-1.245l-0.397 0.068c28.568-4.365 50
Action.c(140):     .238-28.637 50.503-58.022l0-0.028c0-36.958-23.413-56.889-67.531-56.889zM2100.825 861.847c-
Action.c(140):     11.803 0-19.35-3.676-19.35-11.803v-68.499c0-11.61 2.709-15.286 18.189-15.286 19.35 0 35.02
Action.c(140):     3 19.35 35.023 46.827s-13.545 48.762-33.282 48.762z",\n
Action.c(140):             "M2211.701 873.457h82.818c9.094 0 13.545 0 13.545-7.159-1.169-31.138-26.694-55.938
Action.c(140):     -58.011-55.938-0.49 0-0.978 0.006-1.465 0.018l0.072-0.001c-1.362-0.093-2.951-0.146-4.553-0
Action.c(140):     .146-39.327 0-71.208 31.881-71.208 71.208 0 1.345 0.037 2.68 0.111 4.006l-0.008-0.184c-0.1
Action.c(140):     82 1.878-0.286 4.060-0.286 6.266 0 37.938 30.755 68.692 68.692 68.692 1.122 0 2.237-0.027 
Action.c(140):     3.345-0.080l-0.156 0.006c0.9 0.039 1.955 0.061 3.015 0.061 19.297 0 36.872-7.375 50.059-19
Action.c(140):     .461l-0.055 0.050c7.353-6.385 10.062-10.836 10.062-14.319s0-3.676-3.676-3.676c-11.607 10.7
Action.c(140):     22-27.027 17.467-44.014 17.993l-0.104 0.003c-29.178-0.818-52.519-24.666-52.519-53.966 0-1.
Action.c(140):     915 0.1-3.807 0.294-5.671l-0.020 0.233v-2.709c0-3.676 0-4.644 4.45-4.644zM2209.959 860.88v
Action.c(140):     -5.418c3.676-16.254 9.094-35.991 38.7-35.991 22.446 0 25.155 17.028 25.155 27.864 0 17.995
Action.c(140):     -8.901 16.254-33.282 16.254h-25.155c-3.676 0-5.418-0.967-5.418-2.709z",\n
Action.c(140):             "M2462.283 936.538c0.003-0.059 0.005-0.128 0.005-0.198 0-2.351-1.906-4.257-4.257-4
Action.c(140):     .257-0.070 0-0.139 0.002-0.208 0.005l0.010-0c-4.644 0-9.094 7.159-15.48 7.159s-9.868-7.159
Action.c(140):     -9.868-20.704v-71.982c0-26.122-6.192-36.184-37.732-36.184-41.602 0-70.434 25.348-70.434 43
Action.c(140):     .344 0 2.709 2.709 5.418 7.159 5.418 15.48 0 19.35-8.127 26.316-19.35s13.351-20.704 26.896
Action.c(140):     -20.704 15.48 7.159 15.48 25.155v13.545c0 4.45 0 6.385-4.644 7.159l-9.868 3.676c-39.667 15
Action.c(140):     .286-61.339 28.831-61.339 55.921 0 15.286 7.159 33.282 27.090 33.282 14.915-1.367 28.235-7
Action.c(140):     .284 38.793-16.332l-0.093 0.078 8.127-5.418h1.935c3.383 11.836 13.601 20.552 26.008 21.664
Action.c(140):     l0.114 0.008c0.015 0 0.034 0 0.052 0 15.505 0 28.982-8.684 35.832-21.455l0.106-0.217zM2400
Action.c(140):     .943 911.383c-0.418 14.79-12.3 26.672-27.051 27.089l-0.039 0.001c-14.319 0-17.995-11.803-1
Action.c(140):     7.995-24.381 1.396-15.527 11.777-28.312 25.851-33.2l0.272-0.082 12.771-5.418c1.006-0.561 2
Action.c(140):     .198-0.913 3.467-0.967l0.016-0.001s1.935 0.967 1.935 3.676v33.282z",\n
Action.c(140):             "M2562.322 810.376c-0.391-0.009-0.851-0.015-1.313-0.015-16.525 0-31.438 6.905-42.0
Action.c(140):     09 17.987l-3.505 3.699s-1.741 1.741-2.709 1.741c-0.962 0-1.741-0.78-1.741-1.741h0v-15.286c
Action.c(140):     0-4.45-0.967-6.385-3.676-6.385s-10.836 9.094-27.090 17.221c-9.868 5.418-17.995 5.418-17.99
Action.c(140):     5 10.836s6.385 2.709 10.836 5.418 6.385 5.418 6.385 14.319v140.674c0 8.127-1.935 10.836-8.
Action.c(140):     127 13.545s-14.512 0-14.512 7.159c0 2.709 1.935 4.45 6.385 4.45s16.254-1.741 32.508-1.741 
Action.c(140):     25.155 1.741 35.023 1.741c5.418 0 8.127-1.741 8.127-4.45 0-7.159-7.159-4.45-17.028-7.159s-
Action.c(140):     9.094-4.644-9.094-13.545v-44.118l1.741-0.967c9.855 4.39 21.34 7.010 33.42 7.159l0.055 0.00
Action.c(140):     1c0.986 0.046 2.141 0.072 3.303 0.072 41.999 0 76.045-34.047 76.045-76.045 0-0.502-0.005-1
Action.c(140):     .002-0.015-1.501l0.001 0.075c0.153-1.693 0.24-3.661 0.24-5.65 0-35.962-28.519-65.263-64.17
Action.c(140):     4-66.522l-0.115-0.003zM2542.972 950.083c-19.35 0-31.734-9.868-31.734-28.831v-58.050c0-20.7
Action.c(140):     04 10.062-30.573 31.734-30.573 30.573 0 51.277 22.446 51.277 58.050 0.231 1.863 0.363 4.01
Action.c(140):     8 0.363 6.205 0 28.972-23.153 52.536-51.966 53.198l-0.062 0.001z",\n
Action.c(140):             "M2969.832 932.088c-1.935 0-6.385 6.385-11.803 6.385s-5.418-3.676-5.418-12.577v-16
Action.c(140):     1.379c0-8.127 0-15.286 0-20.704s0-6.385-4.644-6.385c-7.519 3.637-16.744 7.31-26.24 10.382l
Action.c(140):     -1.624 0.454c-10.836 2.709-17.995 3.483-17.995 8.127s5.418 2.709 11.61 5.418 6.385 4.45 6.
Action.c(140):     385 11.61v36.958c0 2.709-0.967 4.644-2.709 4.644v0l-5.418-1.935c-7.761-2.212-16.674-3.483-
Action.c(140):     25.884-3.483-0.084 0-0.168 0-0.252 0l0.013-0c-0.576-0.015-1.255-0.024-1.935-0.024-42.747 0
Action.c(140):     -77.4 34.653-77.4 77.4 0 0.009 0 0.017 0 0.026l-0-0.001c-0.034 0.817-0.054 1.775-0.054 2.7
Action.c(140):     38 0 38.258 31.015 69.273 69.273 69.273 0.699 0 1.397-0.010 2.091-0.031l-0.102 0.002c15.97
Action.c(140):     7-0.304 30.652-5.631 42.577-14.461l-0.2 0.142c2.709 0 3.676 13.545 9.094 13.545s14.512-6.3
Action.c(140):     85 34.249-11.803c6.385-1.741 9.868-1.741 9.868-9.094 0.014-0.128 0.022-0.276 0.022-0.426 0
Action.c(140):     -2.047-1.514-3.741-3.484-4.022l-0.022-0.003zM2921.844 914.092c0 21.672-1.935 30.573-24.381
Action.c(140):      30.573-0.844 0.049-1.831 0.076-2.825 0.076-28.961 0-52.438-23.477-52.438-52.438 0-2.004 0
Action.c(140):     .112-3.981 0.331-5.926l-0.022 0.239c0-40.635 21.672-66.757 48.568-66.757s30.766 15.286 30.
Action.c(140):     766 46.827v47.794z",\n
Action.c(140):             "M2794.909 882.552c0.005 0.345 0.009 0.753 0.009 1.161 0 43.388-35.173 78.561-78.5
Action.c(140):     61 78.561s-78.561-35.173-78.561-78.561c0-43.388 35.173-78.561 78.561-78.561 0.065 0 0.13 0
Action.c(140):      0.195 0l-0.010-0c0.002-0 0.004-0 0.006-0 42.941 0 77.815 34.537 78.361 77.348l0.001 0.052
Action.c(140):     z",\n
Action.c(140):             "M2992.278 769.935c-0.058 0.001-0.125 0.001-0.193 0.001-10.045 0-18.189-8.143-18.1
Action.c(140):     89-18.189s8.143-18.189 18.189-18.189c10.045 0 18.188 8.143 18.189 18.188l0 0c0 0 0 0.001 0
Action.c(140):      0.001 0 9.977-8.034 18.079-17.985 18.188l-0.010 0zM2992.278 736.46c-0.057-0.001-0.125-0.0
Action.c(140):     01-0.192-0.001-8.549 0-15.48 6.931-15.48 15.48s6.931 15.48 15.48 15.48c8.549 0 15.48-6.931
Action.c(140):      15.48-15.48 0-0.068-0-0.135-0.001-0.203l0 0.010c-0.308-8.316-6.971-14.978-15.258-15.286l-
Action.c(140):     0.029-0.001zM2996.729 762.582l-5.418-8.127h-3.483v8.127h-2.709v-20.704h8.127c0.001-0 0.002
Action.c(140):     -0 0.003-0 3.42 0 6.192 2.772 6.192 6.192 0 0.068-0.001 0.136-0.003 0.203l0-0.010c-0.139 3
Action.c(140):     .105-2.41 5.641-5.378 6.186l-0.040 0.006 5.418 8.127zM2994.020 743.232h-5.418v7.933h5.418c
Action.c(140):     1.928-0.090 3.481-1.577 3.675-3.467l0.001-0.016c-0.091-2.034-1.663-3.674-3.66-3.869l-0.017
Action.c(140):     -0.001z",\n
Action.c(140):             "M337.463 168.732c0 93.188-75.544 168.732-168.732 168.732s-168.732-75.544-168.732-
Action.c(140):     168.732c0-93.188 75.544-168.732 168.732-168.732s168.732 75.544 168.732 168.732z",\n
Action.c(140):             "M337.463 549.152c0 93.188-75.544 168.732-168.732 168.732s-168.732-75.544-168.732-
Action.c(140):     168.732c0-93.188 75.544-168.732 168.732-168.732s168.732 75.544 168.732 168.732z",\n
Action.c(140):             "M415.831 483.749l54.954-65.79c31.3 26.115 71.751 42.218 115.941 42.955l0.159 0.00
Action.c(140):     2c26.896 0 41.409-9.288 41.409-24.381v0c0-15.286-11.997-22.833-60.759-34.636-76.045-17.802
Action.c(140):     -135.45-38.7-135.45-111.456v0c-0.193-68.499 51.664-116.293 138.159-116.293 2.685-0.116 5.8
Action.c(140):     36-0.181 9.001-0.181 52.236 0 100.286 17.92 138.338 47.949l-0.473-0.36-48.955 68.692c-27.3
Action.c(140):     57-21.058-61.934-33.978-99.502-34.634l-0.151-0.002c-23.607 0-35.41 9.288-35.41 22.833v0c0 
Action.c(140):     16.060 11.803 23.607 62.5 34.636 81.85 17.608 132.354 44.698 132.354 111.262v1.354c0 72.56
Action.c(140):     2-58.050 116.1-144.157 116.1-2.379 0.082-5.176 0.128-7.983 0.128-61.081 0-117.027-21.991-1
Action.c(140):     60.351-58.486l0.376 0.309z",\n
Action.c(140):             "M872.296 266.642h-114.745v-86.881h328.949v86.881h-114.745v270.899h-99.459z",\n
Action.c(140):             "M1108.366 359.329v0c1.040-102.76 84.585-185.662 187.492-185.662 2.113 0 4.217 0.0
Action.c(140):     35 6.313 0.104l-0.305-0.008c2.020-0.079 4.391-0.124 6.773-0.124 101.951 0 184.599 82.648 1
Action.c(140):     84.599 184.599 0 0.044-0 0.087-0 0.131l0-0.007v0.967c-0.928 102.74-84.43 185.669-187.3 185
Action.c(140):     .669-2.18 0-4.351-0.037-6.513-0.111l0.314 0.009c-1.788 0.062-3.889 0.097-5.999 0.097-102.3
Action.c(140):     78 0-185.373-82.994-185.373-185.373 0-0.102 0-0.204 0-0.306l-0 0.016zM1391.069 359.329v0c0
Action.c(140):     .143-1.917 0.225-4.152 0.225-6.406 0-50.441-40.891-91.332-91.332-91.332s-91.332 40.891-91.
Action.c(140):     332 91.332c0 1.913 0.059 3.813 0.175 5.697l-0.013-0.258v0.967c-0.062 1.271-0.098 2.761-0.0
Action.c(140):     98 4.258 0 50.913 41.136 92.218 91.984 92.491l0.026 0c0.005 0 0.012 0 0.018 0 50.014 0 90.
Action.c(140):     558-40.544 90.558-90.558 0-2.179-0.077-4.34-0.228-6.48l0.016 0.288z",\n
Action.c(140):             "M1543.74 179.761h153.445c89.59 0 147.64 46.246 147.64 124.807v0c0 84.366-64.822 1
Action.c(140):     29.064-152.671 129.064h-49.729v102.168h-99.459v-356.039zM1689.639 356.813c34.636 0 56.502-
Action.c(140):     19.35 56.502-47.214v0c0-30.379-21.865-46.44-58.050-46.44h-46.44v94.428z",\n
Action.c(140):             "M2225.246 483.749l54.954-65.79c31.3 26.115 71.751 42.218 115.941 42.955l0.159 0.0
Action.c(140):     02c26.896 0 41.215-9.288 41.215-24.381v0c0-15.286-11.803-22.833-60.565-34.636-76.045-17.80
Action.c(140):     2-135.45-38.7-135.45-111.456v0c0-66.564 52.245-113.971 138.352-113.971 2.685-0.116 5.836-0
Action.c(140):     .181 9.001-0.181 52.236 0 100.286 17.92 138.338 47.949l-0.473-0.36-49.923 67.918c-27.34-20
Action.c(140):     .917-61.836-33.757-99.301-34.441l-0.158-0.002c-23.607 0-35.41 9.288-35.41 22.639v0c0 16.06
Action.c(140):     0 12.577 23.607 62.307 34.443 81.85 17.802 132.547 44.892 132.547 111.456v0c0 72.562-58.05
Action.c(140):     0 116.1-144.351 116.1-1.359 0.026-2.961 0.041-4.566 0.041-61.953 0-118.766-22.007-163.048-
Action.c(140):     58.63l0.43 0.346z",\n
Action.c(140):             "M2591.54 179.761h98.104v133.128h116.1v-133.128h98.685v356.813h-98.685v-135.45h-11
Action.c(140):     6.1v135.45h-98.685z",\n
Action.c(140):             "M2957.642 359.329v0c0.928-102.74 84.43-185.669 187.3-185.669 2.18 0 4.351 0.037 6
Action.c(140):     .513 0.111l-0.314-0.009c2.078-0.084 4.517-0.132 6.967-0.132 101.725 0 184.232 82.282 184.5
Action.c(140):     97 183.921l0 0.035c-0.931 102.844-84.518 185.856-187.494 185.856-2.112 0-4.216-0.035-6.311
Action.c(140):     -0.104l0.305 0.008c-2.136 0.089-4.642 0.139-7.16 0.139-101.757 0-184.264-82.42-184.405-184
Action.c(140):     .144l-0-0.013zM3240.151 359.329v0c0.143-1.917 0.225-4.152 0.225-6.406 0-50.441-40.891-91.3
Action.c(140):     32-91.332-91.332s-91.332 40.891-91.332 91.332c0 1.913 0.059 3.813 0.175 5.697l-0.013-0.258
Action.c(140):     v0.967c-0.057 1.213-0.089 2.635-0.089 4.065 0 51.017 41.217 92.406 92.168 92.685l0.027 0c4
Action.c(140):     9.938-0.1 90.383-40.606 90.383-90.558 0-2.179-0.077-4.34-0.228-6.48l0.016 0.288z",\n
Action.c(140):             "M3392.822 179.761h153.639c89.397 0 147.64 46.246 147.64 124.807v0c0 84.366-65.016
Action.c(140):      129.064-152.671 129.064h-49.923v102.168h-98.685zM3538.721 356.813c34.636 0 56.695-19.35 5
Action.c(140):     6.695-47.214v0c0-30.379-22.059-46.44-58.050-46.44h-46.633v94.428z",\n
Action.c(140):             "M2113.209 536.574l-27.090-27.090c-9.586 10.639-21.249 19.203-34.374 25.088l-0.649
Action.c(140):      0.26c-16.091 7.421-34.914 11.765-54.747 11.803l-0.014 0c-15.32-0.029-30.197-1.862-44.451-
Action.c(140):     5.296l1.3 0.265c-14.77-4.646-27.618-11.234-39.075-19.612l0.375 0.262c-10.576-8.051-19.123-
Action.c(140):     18.206-25.119-29.887l-0.23-0.492c-6.337-11.714-10.062-25.642-10.062-40.441 0-0 0-0 0-0.001
Action.c(140):     l-0 0c0.019-10.612 1.861-20.787 5.228-30.238l-0.197 0.633c3.723-9.161 8.892-17 15.306-23.6
Action.c(140):     27l-0.019 0.020c6.261-7.477 13.464-13.88 21.494-19.123l0.371-0.227c7.084-4.518 15.399-9.03
Action.c(140):     9 24.024-13l1.324-0.545c-9.090-8.843-16.719-19.128-22.528-30.497l-0.305-0.656c-5.343-9.798
Action.c(140):     -8.484-21.459-8.484-33.855 0-1.705 0.059-3.396 0.176-5.071l-0.013 0.226c-0.076-1.215-0.12-
Action.c(140):     2.634-0.12-4.064 0-12.132 3.127-23.533 8.62-33.442l-0.18 0.354c11.847-20.092 31.353-34.595
Action.c(140):      54.405-39.568l0.549-0.099c10.085-2.65 21.664-4.171 33.597-4.171 13.253 0 26.068 1.877 38.
Action.c(140):     194 5.379l-0.97-0.24c11.877 3.558 22.23 8.708 31.475 15.311l-0.321-0.218c9.222 6.818 16.61
Action.c(140):     9 15.578 21.679 25.709l0.187 0.413c5.402 10.925 8.562 23.787 8.562 37.388 0 9.603-1.575 18
Action.c(140):     .837-4.482 27.46l0.177-0.606c-3.14 8.498-7.746 15.78-13.569 21.891l0.024-0.025c-5.668 7.31
Action.c(140):     9-12.031 13.682-19.108 19.17l-0.242 0.18c-6.772 5.031-14.319 9.288-21.091 13.545l32.895 33
Action.c(140):     .669 29.412-42.957h82.818l-66.757 89.397 77.4 75.078zM1987.435 408.284c-8.143 3.717-15.118
Action.c(140):      8.524-21.11 14.337l0.019-0.018c-6.256 6.028-10.141 14.48-10.141 23.838 0 0.804 0.029 1.60
Action.c(140):     1 0.085 2.39l-0.006-0.106c-0.015 0.341-0.023 0.74-0.023 1.142 0 4.826 1.227 9.365 3.386 13
Action.c(140):     .323l-0.073-0.146c2.563 5.061 6.013 9.315 10.185 12.716l0.070 0.055c7.453 6.212 17.113 10.
Action.c(140):     003 27.658 10.062l0.013 0c0.274 0.005 0.596 0.008 0.919 0.008 17.291 0 32.62-8.4 42.129-21
Action.c(140):     .341l0.102-0.145zM2042.389 299.537c0.037-0.525 0.057-1.139 0.057-1.757 0-14.534-11.529-26.
Action.c(140):     376-25.94-26.88l-0.046-0.001h-4.063c-0.175-0.004-0.38-0.006-0.586-0.006-7.978 0-15.213 3.1
Action.c(140):     76-20.512 8.333l0.007-0.006c-4.68 4.572-7.583 10.947-7.583 18 0 0.475 0.013 0.947 0.039 1.
Action.c(140):     415l-0.003-0.065c-0.006 0.237-0.010 0.516-0.010 0.796 0 6.942 2.176 13.377 5.884 18.658l-0
Action.c(140):     .069-0.104c4.637 7.85 10.231 14.553 16.739 20.235l0.096 0.082c9.83-3.869 18.252-9.307 25.3
Action.c(140):     81-16.091l-0.032 0.031c6.349-5.22 10.367-13.076 10.367-21.87 0-0.884-0.041-1.759-0.12-2.62
Action.c(140):     2l0.008 0.111z",\n
Action.c(140):             "M3657.143 492.65h-17.608v-11.029h48.762v11.029h-17.608v44.698h-12.771v-44.698z",\n
Action.c(140):             "M3695.843 481.621h11.803l14.319 26.122 14.319-26.122h11.803l2.515 55.728h-12.577l
Action.c(140):     -1
Action.c(140): t=20888ms: 12288-byte DECODED response body for "https://stage.peapod.com/shop/images/icons/PeapodIcons.json" (RelFrameId=1, Internal ID=13)
Action.c(140):     .741-36.184-11.029 21.285h-6.772l-11.803-21.091-1.741 36.184h-11.803z"\n
Action.c(140):           ],\n
Action.c(140):           "attrs": [\n
Action.c(140):             {\n
Action.c(140):               "fill": "rgb(99, 102, 106)"\n
Action.c(140):             },\n
Action.c(140):             {\n
Action.c(140):               "fill": "rgb(99, 102, 106)"\n
Action.c(140):             },\n
Action.c(140):             {\n
Action.c(140):               "fill": "rgb(99, 102, 106)"\n
Action.c(140):             },\n
Action.c(140):             {\n
Action.c(140):               "fill": "rgb(99, 102, 106)"\n
Action.c(140):             },\n
Action.c(140):             {\n
Action.c(140):               "fill": "rgb(99, 102, 106)"\n
Action.c(140):             },\n
Action.c(140):             {\n
Action.c(140):               "fill": "rgb(99, 102, 106)"\n
Action.c(140):             },\n
Action.c(140):             {\n
Action.c(140):               "fill": "rgb(99, 102, 106)"\n
Action.c(140):             },\n
Action.c(140):             {\n
Action.c(140):               "fill": "rgb(99, 102, 106)"\n
Action.c(140):             },\n
Action.c(140):             {\n
Action.c(140):               "fill": "rgb(99, 102, 106)"\n
Action.c(140):             },\n
Action.c(140):             {\n
Action.c(140):               "fill": "rgb(51, 51, 51)"\n
Action.c(140):             },\n
Action.c(140):             {\n
Action.c(140):               "fill": "rgb(51, 51, 51)"\n
Action.c(140):             },\n
Action.c(140):             {\n
Action.c(140):               "fill": "rgb(54, 54, 54)"\n
Action.c(140):             },\n
Action.c(140):             {\n
Action.c(140):               "fill": "rgb(51, 51, 51)"\n
Action.c(140):             },\n
Action.c(140):             {\n
Action.c(140):               "fill": "rgb(51, 51, 51)"\n
Action.c(140):             },\n
Action.c(140):             {\n
Action.c(140):               "fill": "rgb(94, 160, 0)"\n
Action.c(140):             },\n
Action.c(140):             {\n
Action.c(140):               "fill": "rgb(51, 51, 51)"\n
Action.c(140):             },\n
Action.c(140):             {\n
Action.c(140):               "fill": "rgb(224, 0, 77)"\n
Action.c(140):             },\n
Action.c(140):             {\n
Action.c(140):               "fill": "rgb(139, 196, 0)"\n
Action.c(140):             },\n
Action.c(140):             {\n
Action.c(140):               "fill": "rgb(99, 102, 106)"\n
Action.c(140):             },\n
Action.c(140):             {\n
Action.c(140):               "fill": "rgb(99, 102, 106)"\n
Action.c(140):             },\n
Action.c(140):             {\n
Action.c(140):               "fill": "rgb(99, 102, 106)"\n
Action.c(140):             },\n
Action.c(140):             {\n
Action.c(140):               "fill": "rgb(99, 102, 106)"\n
Action.c(140):             },\n
Action.c(140):             {\n
Action.c(140):               "fill": "rgb(99, 102, 106)"\n
Action.c(140):             },\n
Action.c(140):             {\n
Action.c(140):               "fill": "rgb(99, 102, 106)"\n
Action.c(140):             },\n
Action.c(140):             {\n
Action.c(140):               "fill": "rgb(99, 102, 106)"\n
Action.c(140):             },\n
Action.c(140):             {\n
Action.c(140):               "fill": "rgb(99, 102, 106)"\n
Action.c(140):             },\n
Action.c(140):             {\n
Action.c(140):               "fill": "rgb(99, 102, 106)"\n
Action.c(140):             },\n
Action.c(140):             {\n
Action.c(140):               "fill": "rgb(99, 102, 106)"\n
Action.c(140):             },\n
Action.c(140):             {\n
Action.c(140):               "fill": "rgb(99, 102, 106)"\n
Action.c(140):             }\n
Action.c(140):           ],\n
Action.c(140):           "width": 3751,\n
Action.c(140):           "isMulticolor": true,\n
Action.c(140):           "grid": 32,\n
Action.c(140):           "tags": [\n
Action.c(140):             "stop-and-shop-powered-by-peapod"\n
Action.c(140):           ]\n
Action.c(140):         },\n
Action.c(140):         {\n
Action.c(140):           "paths": [\n
Action.c(140):             "M68.267 324.267v392.533h34.133v-392.533h-34.133zM921.6 324.267v392.533h34.133v-39
Action.c(140):     2.533h-34.133zM580.267 324.267v392.533h51.2v-392.533h-51.2zM256 324.267h17.067v392.533h-17
Action.c(140):     .067v-392.533zM392.533 324.267h17.067v392.533h-17.067v-392.533zM785.067 324.267h17.067v392
Action.c(140):     .533h-17.067v-392.533zM580.267 324.267h17.067v392.533h-17.067v-392.533z"\n
Action.c(140):           ],\n
Action.c(140):           "attrs": [\n
Action.c(140):             {\n
Action.c(140):               "fill": "none",\n
Action.c(140):               "strokeLinejoin": "round",\n
Action.c(140):               "strokeLinecap": "round",\n
Action.c(140):               "strokeMiterlimit": "4",\n
Action.c(140):               "strokeWidth": 34.13333333333333\n
Action.c(140):             }\n
Action.c(140):           ],\n
Action.c(140):           "grid": 32,\n
Action.c(140):           "tags": [\n
Action.c(140):             "barcode-icon"\n
Action.c(140):           ]\n
Action.c(140):         },\n
Action.c(140):         {\n
Action.c(140):           "paths": [\n
Action.c(140):             "M253.897 985.763h661.126v-367.462h-661.126zM253.897 307.812h661.126v-267.662h-661
Action.c(140):     .126zM186.217 618.3h796.105M255.809 786.163h-132.684c-0.114 0.001-0.249 0.001-0.383 0.001-
Action.c(140):     46.671 0-84.505-37.834-84.505-84.505 0-0.135 0-0.269 0.001-0.404l-0 0.021v-305.9c0-46.882 
Action.c(140):     38.005-84.887 84.887-84.887v0h922.288c46.882 0 84.887 38.005 84.887 84.887v0 305.9c0.001 0
Action.c(140):     .114 0.001 0.249 0.001 0.383 0 46.671-37.834 84.505-84.505 84.505-0.135 0-0.269-0-0.404-0.
Action.c(140):     001l0.021 0h-130.39"\n
Action.c(140):           ],\n
Action.c(140):           "attrs": [\n
Action.c(140):             {\n
Action.c(140):               "fill": "none",\n
Action.c(140):               "strokeLinejoin": "miter",\n
Action.c(140):               "strokeLinecap": "square",\n
Action.c(140):               "strokeMiterlimit": "10",\n
Action.c(140):               "strokeWidth": 76.47498132935026\n
Action.c(140):             }\n
Action.c(140):           ],\n
Action.c(140):           "width": 1169,\n
Action.c(140):           "grid": 32,\n
Action.c(140):           "tags": [\n
Action.c(140):             "Print"\n
Action.c(140):           ]\n
Action.c(140):         },\n
Action.c(140):         {\n
Action.c(140):           "paths": [\n
Action.c(140):             "M144.291 437.527l172.218 162.909c9.309 9.309 13.964 27.927 9.309 41.891l-41.891 2
Action.c(140):     32.727 209.455-111.709c13.964-9.309 27.927-9.309 41.891 0l209.455 111.709-41.891-232.727c-
Action.c(140):     4.655-13.964 0-27.927 13.964-41.891l172.218-162.909-232.727-32.582c-13.964 0-27.927-9.309-
Action.c(140):     32.582-23.273l-111.709-209.455-102.4 209.455c-4.655 13.964-18.618 23.273-32.582 27.927l-23
Action.c(140):     2.727 27.927zM800.582 1000.727c-9.309 0-13.964 0-23.273-4.655l-265.309-144.291-269.964 144
Action.c(140):     .291c-13.964 9.309-32.582 4.655-46.545-4.655s-18.618-27.927-18.618-41.891l55.855-302.545-2
Action.c(140):     18.764-209.455c-13.964-9.309-18.618-27.927-13.964-46.545 4.655-13.964 18.618-27.927 37.236
Action.c(140):     -32.582l302.545-41.891 130.327-269.964c9.309-13.964 23.273-23.273 41.891-23.273s32.582 9.3
Action.c(140):     09 41.891 23.273l130.327 274.618 302.545 41.891c18.618 0 32.582 13.964 37.236 32.582 4.655
Action.c(140):      13.964 0 32.582-9.309 46.545l-223.418 204.8 55.855 297.891c4.655 18.618-4.655 32.582-18.6
Action.c(140):     18 41.891-9.309 9.309-18.618 13.964-27.927 13.964v0z"\n
Action.c(140):           ],\n
Action.c(140):           "attrs": [\n
Action.c(140):             {\n
Action.c(140):               "fill": "rgb(189, 189, 189)"\n
Action.c(140):             }\n
Action.c(140):           ],\n
Action.c(140):           "grid": 32,\n
Action.c(140):           "tags": [\n
Action.c(140):             "icon_rewards"\n
Action.c(140):           ]\n
Action.c(140):         },\n
Action.c(140):         {\n
Action.c(140):           "paths": [\n
Action.c(140):             "M784.461 342.847l-362.146 361.011-160.071-161.206",\n
Action.c(140):             "M512 34.058c263.379 0 477.942 214.563 477.942 477.942s-214.563 477.942-477.942 47
Action.c(140):     7.942-477.942-214.563-477.942-477.942 214.563-477.942 477.942-477.942zM512 11.353c-277.002
Action.c(140):      0-500.647 223.645-500.647 500.647s223.645 500.647 500.647 500.647 500.647-223.645 500.647
Action.c(140):     -500.647-224.78-500.647-500.647-500.647v0z"\n
Action.c(140):           ],\n
Action.c(140):           "attrs": [\n
Action.c(140):             {\n
Action.c(140):               "fill": "none",\n
Action.c(140):               "stroke": "rgb(0, 0, 0)",\n
Action.c(140):               "strokeLinejoin": "round",\n
Action.c(140):               "strokeLinecap": "round",\n
Action.c(140):               "strokeMiterlimit": "4",\n
Action.c(140):               "strokeWidth": 22.705099778270508\n
Action.c(140):             },\n
Action.c(140):             {}\n
Action.c(140):           ],\n
Action.c(140):           "isMulticolor2": true,\n
Action.c(140):           "grid": 32,\n
Action.c(140):           "tags": [\n
Action.c(140):             "Coupon Fulfilled (3)"\n
Action.c(140):           ]\n
Action.c(140):         },\n
Action.c(140):         {\n
Action.c(140):           "paths": [\n
Action.c(140):             "M1024 511.988c0-282.758-229.232-511.988-512-511.988s-512 229.23-512 511.988c0 282
Action.c(140):     .778 229.228 512.012 512 512.012s512-229.234 512-512.012zM938.667 511.988c0 235.651-191.02
Action.c(140):     3 426.679-426.667 426.679s-426.667-191.028-426.667-426.679c0-235.63 191.027-426.654 426.66
Action.c(140):     7-426.654s426.667 191.025 426.667 426.654zM469.338 725.168c0 23.564 19.103 42.666 42.667 4
Action.c(140):     2.666s42.666-19.103 42.666-42.667l-0.004-234.5c-0-23.564-19.103-42.666-42.667-42.666s-42.6
Action.c(140):     66 19.103-42.666 42.667l0.004 234.5zM469.338 338.164c0 25.314 19.103 45.836 42.667 45.836s
Action.c(140):     42.667-20.521 42.667-45.836v-36.329c0-25.314-19.103-45.836-42.667-45.836s-42.667 20.521-42
Action.c(140):     .667 45.836v36.329z"\n
Action.c(140):           ],\n
Action.c(140):           "grid": 32,\n
Action.c(140):           "tags": [\n
Action.c(140):             "Information"\n
Action.c(140):           ]\n
Action.c(140):         },\n
Action.c(140):         {\n
Action.c(140):           "paths": [\n
Action.c(140):             "M784.722 342.507l-361.813 361.813-160.919-160.919",\n
Action.c(140):             "M1012.757 512.057c0 276.529-224.171 500.7-500.7 500.7s-500.7-224.171-500.7-500.7c
Action.c(140):     0-276.529 224.171-500.7 500.7-500.7s500.7 224.171 500.7 500.7z"\n
Action.c(140):           ],\n
Action.c(140):           "attrs": [\n
Action.c(140):             {\n
Action.c(140):               "fill": "none",\n
Action.c(140):               "strokeLinejoin": "round",\n
Action.c(140):               "strokeLinecap": "round",\n
Action.c(140):               "strokeMiterlimit": "4",\n
Action.c(140):               "strokeWidth": 22.712653876011977\n
Action.c(140):             },\n
Action.c(140):             {\n
Action.c(140):               "fill": "none",\n
Action.c(140):               "strokeLinejoin": "round",\n
Action.c(140):               "strokeLinecap": "round",\n
Action.c(140):               "strokeMiterlimit": "4",\n
Action.c(140):               "strokeWidth": 22.712653876011977\n
Action.c(140):             }\n
Action.c(140):           ],\n
Action.c(140):           "grid": 32,\n
Action.c(140):           "tags": [\n
Action.c(140):             "Coupon Fulfilled (1)"\n
Action.c(140):           ]\n
Action.c(140):         },\n
Action.c(140):         {\n
Action.c(140):           "paths": [\n
Action.c(140):             "M503.338 967.625c-90.684-0.744-177.774-4.25-264.409-15.031-68.949-8.581-137.322-2
Action.c(140):     0.427-202.619-46.063-26.919-10.57-27.716-13.009-25.235-42.49 5.227-62.146 22.653-120.263 5
Action.c(140):     3.607-173.983 21.469-37.258 50.385-67.769 88.401-86.136 57.769-27.914 117.025-52.597 175.5
Action.c(140):     63-78.856 6.014-2.697 8.349 0.352 11.466 4.633 32.98 45.29 75.195 76.285 130.077 87.273 43
Action.c(140):     .529 8.715 83.779-1.163 121.604-23.428 27.254-16.043 50.122-37.31 68.418-63.473 4.228-6.04
Action.c(140):     3 7.803-7.014 14.314-4.172 47.237 20.605 94.513 41.122 141.967 61.199 77.327 32.717 125.01
Action.c(140):     0 92.571 151.597 172.196 12.748 38.174 20.972 77.196 22.532 117.568 0.615 15.84-1.787 19.4
Action.c(140):     84-15.743 25.458-49.923 21.362-102.349 33.197-155.459 41.99-105.818 17.523-212.562 22.229-
Action.c(140):     316.082 23.315z",\n
Action.c(140):             "M522.186 0.631c56.894 2.034 109.892 14.249 153.114 54.028 40.265 37.061 58.294 84
Action.c(140):     .66 60.776 138.759 1.121 24.417 0.457 48.915 0.831 73.374 0.050 3.298 0.343 8.224 2.372 9.
Action.c(140):     606 17.756 12.091 18.745 30.989 19.45 49.423 2.074 54.046-19.411 98.934-53.734 138.71-4.34
Action.c(140):     7 5.037-7.981 11.3-10.096 17.631-19.094 57.15-51.467 103.316-105.724 130.992-61.785 31.515
Action.c(140):     -125.083 17.367-176.079-27.841-31.678-28.080-52.096-63.646-65.040-103.991-1.834-5.712-5.06
Action.c(140):     3-11.418-8.996-15.914-33.568-38.361-55.223-81.739-54.66-134.162 0.217-20.149 0.101-41.010 
Action.c(140):     19.266-54.812 1.663-1.195 1.437-5.752 1.324-8.717-1.332-34.633-1.404-69.132 8.020-102.922 
Action.c(140):     5.226-18.749 12.776-35.981 26.928-49.874 3.112-3.059 4.883-8.302 5.731-12.835 6.229-33.375
Action.c(140):      24.932-56.777 54.524-71.866 38.546-19.657 79.644-28.277 121.996-29.588z"\n
Action.c(140):           ],\n
Action.c(140):           "width": 978,\n
Action.c(140):           "grid": 32,\n
Action.c(140):           "tags": [\n
Action.c(140):             "person"\n
Action.c(140):           ]\n
Action.c(140):         },\n
Action.c(140):         {\n
Action.c(140):           "paths": [\n
Action.c(140):             "M1196.16 986.24h-1196.16v-128h1196.16zM1196.16 556.8h-1196.16v-128h1196.16zM1196.
Action.c(140):     16 127.36h-1196.16v-127.36h1196.16z"\n
Action.c(140):           ],\n
Action.c(140):           "width": 1216,\n
Action.c(140):           "grid": 32,\n
Action.c(140):           "tags": [\n
Action.c(140):             "menu"\n
Action.c(140):           ]\n
Action.c(140):         },\n
Action.c(140):         {\n
Action.c(140):           "paths": [\n
Action.c(140):             "M307.198 679.93c-18.432 0-24.576 12.308-24.576 28.672v69.652h-180.224v-411.668c0-
Action.c(140):     73.728 45.056-100.352 94.208-100.352h262.144v159.744h-161.792v94.208h161.792v159.744h-151.
Action.c(140):     552z",\n
Action.c(140):             "M919.548 776.19h-186.368v-67.584c0-16.384-6.144-28.672-24.576-28.672h-149.504v-15
Action.c(140):     9.744h161.792v-94.208h-161.792v-159.744h247.808c49.152 0 96.256 28.672 96.256 104.448v120.
Action.c(140):     832c0 34.816-14.336 59.392-43.008 73.728 28.672 14.336 51.2 45.056 51.2 77.824l8.192 133.1
Action.c(140):     2z"\n
Action.c(140):           ],\n
Action.c(140):           "attrs": [\n
Action.c(140):             {\n
Action.c(140):               "fill": "rgb(85, 86, 90)"\n
Action.c(140):             },\n
Action.c(140):             {\n
Action.c(140):               "fill": "rgb(226, 35, 26)"\n
Action.c(140):             }\n
Action.c(140):           ],\n
Action.c(140):           "isMulticolor": true,\n
Action.c(140):           "grid": 32,\n
Action.c(140):           "tags": [\n
Action.c(140):             "fuel-rewards"\n
Action.c(140):           ]\n
Action.c(140):         },\n
Action.c(140):         {\n
Action.c(140):           "paths": [\n
Action.c(140):             "M919.808 132.431c-7.366-3.446-15.715-3.446-22.59 1.969l-96.253 71.385c-11.786 8.8
Action.c(140):     62-34.376 4.431-34.376 4.431l-489.124-73.846c-117.37-17.231-149.782 84.677-149.782 84.677l
Action.c(140):     -122.281 577.969c-20.626 107.815 87.905 124.062 87.905 124.062l669.353 99.938c0 0 108.039 
Action.c(140):     16.246 120.317-93.046l43.216-496.738c2.947-19.2 20.626-30.523 20.626-30.523l96.253-71.385c
Action.c(140):     6.875-4.923 9.822-13.292 8.349-21.169l-131.612-177.723zM687.032 311.631c-47.144 68.923-130
Action.c(140):     .629 108.8-218.534 96-87.905-13.292-156.166-75.815-181.212-155.569-0.491-1.477-0.491-2.954
Action.c(140):     -0.491-4.431 0.982-5.415 5.893-9.354 11.786-8.369 0 0 0 0 0.491 0l381.085 56.615c0 0-0.491
Action.c(140):      0 0 0 5.402 0.985 9.331 5.908 8.84 11.815-0.491 1.477-1.473 2.954-1.964 3.938z",\n
Action.c(140):             "M1235.578 87.138l-54.511-73.846c-7.366-9.846-20.626-11.815-30.447-4.431l-186.122 
Action.c(140):     138.338 80.047 108.8 186.122-138.338c9.822-6.892 12.277-20.677 4.911-30.523z",\n
Action.c(140):             "M333.071 699.733c-5.438 34.621-21.751 98.499-121.609 83.87-49.929-7.314-95.409-25
Action.c(140):     .356-94.914-82.895l70.197 10.24c0.494 9.752 2.966 15.604 9.393 19.992 5.932 3.901 14.336 6
Action.c(140):     .827 24.717 8.29 33.615 4.876 40.042-17.554 43.997-43.886l2.966-19.992h-0.989c-15.819 17.5
Action.c(140):     54-39.053 25.844-61.299 22.43-64.759-9.752-87.005-59.49-78.106-118.491 8.404-56.076 48.94-
Action.c(140):     98.499 109.745-89.234 25.706 3.901 43.008 17.554 52.401 40.96h0.989l3.955-26.331 67.231 9.
Action.c(140):     752-28.672 185.295zM245.572 545.158c-30.649-4.389-44.985 20.968-48.94 46.811-3.955 24.869 
Action.c(140):     3.955 51.2 33.121 55.589 29.661 4.389 45.974-16.579 49.929-42.91 3.955-26.819-2.966-54.613
Action.c(140):     -34.11-59.49z",\n
Action.c(140):             "M393.381 585.63c5.438-27.307 21.257-43.398 42.019-51.688 20.762-7.802 45.974-8.29
Action.c(140):      70.197-4.389 50.423 7.314 97.88 25.844 88.982 85.333l-13.842 92.16c-2.472 18.042-5.438 37
Action.c(140):     .547 0 55.101l-70.691-10.24c-1.483-6.827-1.483-13.653-0.989-20.48-20.762 16.091-48.94 19.5
Action.c(140):     05-74.152 15.604-40.536-5.851-69.703-31.208-63.276-74.606 10.381-68.754 85.522-52.175 135.
Action.c(140):     45-54.613 12.359-0.488 19.279-3.901 21.257-16.579 2.472-15.604-15.819-24.869-30.649-26.819
Action.c(140):     -19.279-2.926-33.121 3.901-39.053 21.455l-65.254-10.24zM467.533 708.023c33.615 4.876 47.45
Action.c(140):     7-12.19 52.401-55.589-10.876 4.389-29.166 3.413-44.985 4.876-16.313 1.463-30.155 5.851-33.
Action.c(140):     121 22.43-2.472 17.067 9.887 26.331 25.706 28.282z",\n
Action.c(140):             "M683.067 706.56c-1.483 10.728 1.977 19.017 7.91 25.356 5.932 5.851 14.83 9.752 24
Action.c(140):     .717 11.215 13.347 1.95 33.615-0.975 36.087-17.554 2.472-16.091-18.785-22.918-30.649-27.30
Action.c(140):     7-42.514-17.554-97.386-26.819-88.982-83.87 7.91-50.712 65.254-56.564 107.273-50.225 46.963
Action.c(140):      6.827 93.926 27.307 87.993 82.895l-64.759-9.752c1.483-8.777-0.989-15.116-6.426-19.505s-12
Action.c(140):     .853-7.314-21.257-8.777c-11.37-1.463-30.155-3.413-32.627 11.215-2.966 19.992 43.502 30.72 
Action.c(140):     74.646 41.935 42.019 15.116 48.446 47.299 45.974 64.853-8.404 56.564-65.748 67.291-113.699
Action.c(140):      59.977-50.423-7.314-99.858-31
Action.c(140): t=20966ms: 12288-byte DECODED response body for "https://stage.peapod.com/shop/images/icons/PeapodIcons.json" (RelFrameId=1, Internal ID=13)
Action.c(140):     .695-92.937-91.185l66.737 10.728z",\n
Action.c(140):             "M318.493 785.067l24.060 3.464-1.964 11.877h0.491c3.928-8.907 11.293-12.372 18.659
Action.c(140):     -11.382l3.928 0.495-3.437 23.258c-1.964-0.99-3.928-0.99-6.383-1.485-8.838-1.485-14.24 1.48
Action.c(140):     5-15.713 11.382l-5.892 41.073-25.042-3.959 11.293-74.724z",\n
Action.c(140):             "M386.254 838.017l-1.473 9.897c-0.982 7.918 1.964 10.887 5.401 11.382 4.419 0.495 
Action.c(140):     7.365-1.485 8.838-11.877l22.587 3.464c-1.473 8.907-4.91 15.836-10.311 19.794s-12.766 5.443
Action.c(140):     -23.569 3.959c-24.060-3.464-29.952-15.836-26.024-44.537 4.419-28.702 15.222-38.104 37.808-
Action.c(140):     34.64 19.641 2.969 28.479 13.361 24.551 40.579l-0.982 7.423-36.826-5.443zM402.458 823.171c
Action.c(140):     0.982-7.918 0-11.877-5.401-12.866-4.91-0.99-7.365 2.474-8.347 10.392l-0.491 3.464 13.749 1
Action.c(140):     .979 0.491-2.969z",\n
Action.c(140):             "M433.392 802.387l24.060 3.464-1.964 54.93h0.491l15.222-52.95 26.515 3.959-0.982 5
Action.c(140):     5.424h0.491l14.24-53.445 24.060 3.464-26.515 73.239-27.988-4.454 0.491-54.435h-0.491l-15.7
Action.c(140):     13 51.96-27.988-4.454z",\n
Action.c(140):             "M567.931 899.874c-0.491-2.969-0.491-5.443-0.491-8.907h-0.491c-3.928 6.433-10.802 
Action.c(140):     8.907-18.168 7.918-14.731-2.474-19.15-12.372-17.677-25.238 1.964-13.856 7.856-19.794 24.55
Action.c(140):     1-21.279l10.311-0.99c5.401-0.495 7.856-2.474 8.347-6.928s-0.982-7.423-5.401-7.918c-4.91-0.
Action.c(140):     495-7.365 0.99-8.347 8.907l-21.605-3.464c3.437-21.774 21.114-22.764 32.407-20.784 17.186 2
Action.c(140):     .474 28.97 8.907 26.024 28.702l-5.401 36.62c-0.982 6.928-1.473 12.372 0 16.825l-24.060-3.4
Action.c(140):     64zM570.386 872.162l1.473-8.907h-0.491c-1.473 1.979-4.91 0.99-8.838 2.474s-5.892 3.959-6.3
Action.c(140):     83 8.907c-0.982 4.949 0.982 8.413 4.91 9.402 5.401 0.495 8.347-3.464 9.329-11.877z",\n
Action.c(140):             "M613.104 829.604l24.060 3.464-1.964 11.877h0.491c3.928-8.413 11.293-12.372 18.659
Action.c(140):     -11.382l3.928 0.495-3.437 23.258c-1.964-0.99-3.928-0.99-6.383-1.485-8.838-1.485-14.24 1.48
Action.c(140):     5-15.713 11.382l-5.892 41.073-25.042-3.959 11.293-74.724z",\n
Action.c(140):             "M704.925 818.717l25.042 3.959-14.731 99.467-24.060-3.464 1.473-10.392c-4.419 7.91
Action.c(140):     8-9.82 10.887-18.659 9.897-16.695-2.474-20.623-16.825-16.204-44.537 4.419-28.207 14.731-36
Action.c(140):     .62 28.479-34.64 6.874 0.99 12.766 4.949 14.24 12.866h0.491l3.928-33.156zM685.775 900.369c
Action.c(140):     5.892 0.99 7.365-3.464 9.82-19.794s1.964-21.279-3.928-22.269c-5.892-0.99-7.856 3.464-10.31
Action.c(140):     1 19.794-1.964 16.33-1.473 21.279 4.419 22.269z",\n
Action.c(140):             "M750.099 903.338c-0.491 2.969-0.491 5.938 0.491 7.918s2.455 2.969 4.91 3.464c3.92
Action.c(140):     8 0.495 7.365-1.485 8.347-5.443 1.964-13.361-35.353-10.887-30.934-39.589 1.964-13.361 13.2
Action.c(140):     57-22.269 33.389-19.3 18.659 2.969 27.006 12.372 24.551 27.712l-21.605-3.464c0.982-6.433-1
Action.c(140):     .473-8.907-5.401-9.402s-6.874 1.485-7.365 4.949c-1.964 12.372 35.353 9.402 31.425 38.104-1
Action.c(140):     .964 14.846-14.731 23.753-33.88 20.784-20.623-2.969-27.988-13.361-25.533-29.692l21.605 3.9
Action.c(140):     59z"\n
Action.c(140):           ],\n
Action.c(140):           "attrs": [\n
Action.c(140):             {\n
Action.c(140):               "fill": "rgb(238, 49, 36)"\n
Action.c(140):             },\n
Action.c(140):             {\n
Action.c(140):               "fill": "rgb(238, 49, 36)"\n
Action.c(140):             },\n
Action.c(140):             {\n
Action.c(140):               "fill": "rgb(255, 255, 255)"\n
Action.c(140):             },\n
Action.c(140):             {\n
Action.c(140):               "fill": "rgb(255, 255, 255)"\n
Action.c(140):             },\n
Action.c(140):             {\n
Action.c(140):               "fill": "rgb(255, 255, 255)"\n
Action.c(140):             },\n
Action.c(140):             {\n
Action.c(140):               "fill": "rgb(255, 255, 255)"\n
Action.c(140):             },\n
Action.c(140):             {\n
Action.c(140):               "fill": "rgb(255, 255, 255)"\n
Action.c(140):             },\n
Action.c(140):             {\n
Action.c(140):               "fill": "rgb(255, 255, 255)"\n
Action.c(140):             },\n
Action.c(140):             {\n
Action.c(140):               "fill": "rgb(255, 255, 255)"\n
Action.c(140):             },\n
Action.c(140):             {\n
Action.c(140):               "fill": "rgb(255, 255, 255)"\n
Action.c(140):             },\n
Action.c(140):             {\n
Action.c(140):               "fill": "rgb(255, 255, 255)"\n
Action.c(140):             },\n
Action.c(140):             {\n
Action.c(140):               "fill": "rgb(255, 255, 255)"\n
Action.c(140):             }\n
Action.c(140):           ],\n
Action.c(140):           "width": 1242,\n
Action.c(140):           "isMulticolor": true,\n
Action.c(140):           "grid": 32,\n
Action.c(140):           "tags": [\n
Action.c(140):             "Fuel-savings"\n
Action.c(140):           ]\n
Action.c(140):         },\n
Action.c(140):         {\n
Action.c(140):           "paths": [\n
Action.c(140):             "M516.267 153.6c-143.514 0-260.267 116.753-260.267 260.267 0 134.622 209.289 444.0
Action.c(140):     06 260.267 444.006s260.267-309.385 260.267-444.006c0-143.514-116.753-260.267-260.267-260.2
Action.c(140):     67z"\n
Action.c(140):           ],\n
Action.c(140):           "grid": 32,\n
Action.c(140):           "tags": [\n
Action.c(140):             "pin"\n
Action.c(140):           ]\n
Action.c(140):         },\n
Action.c(140):         {\n
Action.c(140):           "paths": [\n
Action.c(140):             "M3328 1024h-3200c-71.68 0-128-56.32-128-128v-768c0-71.68 56.32-128 128-128h3200c7
Action.c(140):     1.68 0 128 56.32 128 128v768c0 69.12-56.32 128-128 128v0z",\n
Action.c(140):             "M3328 20.48c58.88 0 107.52 48.64 107.52 107.52v768c0 58.88-48.64 107.52-107.52 10
Action.c(140):     7.52h-3200c-58.88 0-107.52-48.64-107.52-107.52v-768c0-58.88 48.64-107.52 107.52-107.52h320
Action.c(140):     0zM3328 0h-3200c-71.68 0-128 56.32-128 128v768c0 71.68 56.32 128 128 128h3200c71.68 0 128-
Action.c(140):     56.32 128-128v-768c0-69.12-56.32-128-128-128v0 0z",\n
Action.c(140):             "M1213.44 261.12c0 20.48-5.12 38.4-17.92 51.2-15.36 15.36-33.28 23.040-56.32 23.04
Action.c(140):     0s-40.96-7.68-56.32-23.040c-15.36-15.36-23.040-33.28-23.040-56.32s7.68-40.96 23.040-56.32c
Action.c(140):     15.36-15.36 33.28-23.040 56.32-23.040 10.24 0 20.48 2.56 30.72 7.68s17.92 10.24 23.040 17.
Action.c(140):     92l-12.8 12.8c-10.24-12.8-23.040-17.92-40.96-17.92-15.36 0-30.72 5.12-40.96 17.92-12.8 10.
Action.c(140):     24-17.92 25.6-17.92 43.52s5.12 33.28 17.92 43.52c12.8 10.24 25.6 17.92 40.96 17.92 17.92 0
Action.c(140):      30.72-5.12 43.52-17.92 7.68-7.68 12.8-17.92 12.8-30.72h-56.32v-17.92h74.24c0 0 0 5.12 0 7
Action.c(140):     .68v0z",\n
Action.c(140):             "M1331.2 197.12h-69.12v48.64h64v17.92h-64v48.64h69.12v20.48h-89.6v-153.6h89.6z",\n
Action.c(140):             "M1415.68 332.8h-20.48v-135.68h-43.52v-17.92h107.52v17.92h-43.52z",\n
Action.c(140):             "M1533.44 332.8v-153.6h20.48v153.6z",\n
Action.c(140):             "M1640.96 332.8h-20.48v-135.68h-43.52v-17.92h104.96v17.92h-43.52v135.68z",\n
Action.c(140):             "M1884.16 312.32c-15.36 15.36-33.28 23.040-56.32 23.040s-40.96-7.68-56.32-23.040c-
Action.c(140):     15.36-15.36-23.040-33.28-23.040-56.32s7.68-40.96 23.040-56.32c15.36-15.36 33.28-23.040 56.
Action.c(140):     32-23.040s40.96 7.68 56.32 23.040c15.36 15.36 23.040 33.28 23.040 56.32s-7.68 40.96-23.040
Action.c(140):      56.32v0zM1786.88 299.52c10.24 10.24 25.6 17.92 40.96 17.92s30.72-5.12 40.96-17.92c10.24-1
Action.c(140):     0.24 17.92-25.6 17.92-43.52s-5.12-33.28-17.92-43.52c-10.24-10.24-25.6-17.92-40.96-17.92s-3
Action.c(140):     0.72 5.12-40.96 17.92c-10.24 10.24-17.92 25.6-17.92 43.52s5.12 33.28 17.92 43.52v0z",\n
Action.c(140):             "M1935.36 332.8v-153.6h23.040l74.24 120.32v-120.32h20.48v153.6h-20.48l-79.36-125.4
Action.c(140):     4v125.44z",\n
Action.c(140):             "M1743.36 558.080c-61.44 0-110.080 46.080-110.080 110.080 0 61.44 48.64 110.080 11
Action.c(140):     0.080 110.080s110.080-46.080 110.080-110.080c0-66.56-48.64-110.080-110.080-110.080v0zM1743
Action.c(140):     .36 732.16c-33.28 0-61.44-28.16-61.44-66.56s28.16-66.56 61.44-66.56c33.28 0 61.44 25.6 61.
Action.c(140):     44 66.56 0 38.4-28.16 66.56-61.44 66.56v0zM1505.28 558.080c-61.44 0-110.080 46.080-110.080
Action.c(140):      110.080 0 61.44 48.64 110.080 110.080 110.080s110.080-46.080 110.080-110.080c0-66.56-48.6
Action.c(140):     4-110.080-110.080-110.080v0zM1505.28 732.16c-33.28 0-61.44-28.16-61.44-66.56s28.16-66.56 6
Action.c(140):     1.44-66.56c33.28 0 61.44 25.6 61.44 66.56 0 38.4-28.16 66.56-61.44 66.56v0zM1221.12 591.36
Action.c(140):     v46.080h110.080c-2.56 25.6-12.8 46.080-25.6 58.88-15.36 15.36-40.96 33.28-84.48 33.28-69.1
Action.c(140):     2 0-120.32-53.76-120.32-122.88s53.76-122.88 120.32-122.88c35.84 0 64 15.36 84.48 33.28l33.
Action.c(140):     28-33.28c-28.16-25.6-64-46.080-115.2-46.080-92.16 0-171.52 76.8-171.52 168.96s79.36 168.96
Action.c(140):      171.52 168.96c51.2 0 87.040-15.36 117.76-48.64 30.72-30.72 40.96-74.24 40.96-107.52 0-10.
Action.c(140):     24 0-20.48-2.56-28.16h-158.72zM2383.36 627.2c-10.24-25.6-35.84-69.12-92.16-69.12s-102.4 43
Action.c(140):     .52-102.4 110.080c0 61.44 46.080 110.080 107.52 110.080 48.64 0 79.36-30.72 89.6-48.64l-35
Action.c(140):     .84-25.6c-12.8 17.92-28.16 30.72-53.76 30.72s-40.96-10.24-53.76-33.28l145.92-61.44-5.12-12
Action.c(140):     .8zM2234.88 663.040c0-40.96 33.28-64 56.32-64 17.92 0 35.84 10.24 40.96 23.040l-97.28 40.9
Action.c(140):     6zM2114.56 768h48.64v-320h-48.64v320zM2037.76 581.12v0c-12.8-12.8-33.28-25.6-58.88-25.6-53
Action.c(140):     .76 0-104.96 48.64-104.96 110.080s48.64 107.52 104.96 107.52c25.6 0 46.080-12.8 56.32-25.6
Action.c(140):     h2.56v15.36c0 40.96-23.040 64-58.88 64-28.16 0-48.64-20.48-53.76-38.4l-40.96 17.92c12.8 28
Action.c(140):     .16 43.52 64 97.28 64 56.32 0 102.4-33.28 102.4-112.64v-194.56h-46.080v17.92zM1981.44 732.
Action.c(140):     16c-33.28 0-61.44-28.16-61.44-66.56s28.16-66.56 61.44-66.56c33.28 0 58.88 28.16 58.88 66.5
Action.c(140):     6s-25.6 66.56-58.88 66.56v0zM2606.080 448h-115.2v320h48.64v-120.32h66.56c53.76 0 104.96-38
Action.c(140):     .4 104.96-99.84s-51.2-99.84-104.96-99.84v0zM2608.64 601.6h-69.12v-110.080h69.12c35.84 0 56
Action.c(140):     .32 30.72 56.32 53.76-2.56 28.16-23.040 56.32-56.32 56.32v0zM2903.040 555.52c-35.84 0-71.6
Action.c(140):     8 15.36-84.48 48.64l43.52 17.92c10.24-17.92 25.6-23.040 43.52-23.040 25.6 0 48.64 15.36 51
Action.c(140):     .2 40.96v2.56c-7.68-5.12-28.16-12.8-48.64-12.8-46.080 0-92.16 25.6-92.16 71.68 0 43.52 38.
Action.c(140):     4 71.68 79.36 71.68 33.28 0 48.64-15.36 61.44-30.72h2.56v25.6h46.080v-122.88c-5.12-56.32-4
Action.c(140):     8.64-89.6-102.4-89.6v0zM2897.92 732.16c-15.36 0-38.4-7.68-38.4-28.16 0-25.6 28.16-33.28 51
Action.c(140):     .2-33.28 20.48 0 30.72 5.12 43.52 10.24-5.12 30.72-30.72 51.2-56.32 51.2v0zM3166.72 563.2l
Action.c(140):     -53.76 138.24h-2.56l-56.32-138.24h-51.2l84.48 194.56-48.64 107.52h48.64l130.56-302.080h-51
Action.c(140):     .2zM2736.64 768h48.64v-320h-48.64v320z",\n
Action.c(140):             "M266.24 192c-7.68 10.24-10.24 20.48-10.24 38.4v563.2c0 15.36 5.12 28.16 12.8 35.8
Action.c(140):     4l2.56 2.56 317.44-317.44v-5.12l-322.56-317.44z",\n
Action.c(140):             "M691.2 622.080l-104.96-104.96v-7.68l104.96-104.96 2.56 2.56 125.44 71.68c35.84 20
Action.c(140):     .48 35.84 53.76 0 74.24l-128 69.12z",\n
Action.c(140):             "M693.76 619.52l-107.52-107.52-320 320c12.8 12.8 30.72 12.8 53.76 2.56l373.76-215.
Action.c(140):     040z",\n
Action.c(140):             "M693.76 404.48l-373.76-212.48c-23.040-12.8-40.96-10.24-53.76 2.56l320 317.44 107.
Action.c(140):     52-107.52z"\n
Action.c(140):           ],\n
Action.c(140):           "attrs": [\n
Action.c(140):             {\n
Action.c(140):               "fill": "rgb(0, 0, 0)"\n
Action.c(140):             },\n
Action.c(140):             {\n
Action.c(140):               "fill": "rgb(167, 166, 166)"\n
Action.c(140):             },\n
Action.c(140):             {\n
Action.c(140):               "fill": "rgb(255, 255, 255)"\n
Action.c(140):             },\n
Action.c(140):             {\n
Action.c(140):               "fill": "rgb(255, 255, 255)"\n
Action.c(140):             },\n
Action.c(140):             {\n
Action.c(140):               "fill": "rgb(255, 255, 255)"\n
Action.c(140):             },\n
Action.c(140):             {\n
Action.c(140):               "fill": "rgb(255, 255, 255)"\n
Action.c(140):             },\n
Action.c(140):             {\n
Action.c(140):               "fill": "rgb(255, 255, 255)"\n
Action.c(140):             },\n
Action.c(140):             {\n
Action.c(140):               "fill": "rgb(255, 255, 255)"\n
Action.c(140):             },\n
Action.c(140):             {\n
Action.c(140):               "fill": "rgb(255, 255, 255)"\n
Action.c(140):             },\n
Action.c(140):             {\n
Action.c(140):               "fill": "rgb(255, 255, 255)"\n
Action.c(140):             },\n
Action.c(140):             {\n
Action.c(140):               "fill": "rgb(91, 201, 244)"\n
Action.c(140):             },\n
Action.c(140):             {\n
Action.c(140):               "fill": "rgb(0, 0, 0)"\n
Action.c(140):             },\n
Action.c(140):             {\n
Action.c(140):               "fill": "rgb(0, 0, 0)"\n
Action.c(140):             },\n
Action.c(140):             {\n
Action.c(140):               "fill": "rgb(0, 0, 0)"\n
Action.c(140):             }\n
Action.c(140):           ],\n
Action.c(140):           "width": 3456,\n
Action.c(140):           "isMulticolor": true,\n
Action.c(140):           "grid": 32,\n
Action.c(140):           "tags": [\n
Action.c(140):             "google-play"\n
Action.c(140):           ]\n
Action.c(140):         },\n
Action.c(140):         {\n
Action.c(140):           "paths": [\n
Action.c(140):             "M3333.042 1024h-3211.978c-66.739 0-121.062-54.477-121.062-121.165v-781.849c0-66.7
Action.c(140):     14 54.323-120.986 121.062-120.986h3211.978c66.714 0 122.957 54.272 122.957 120.986v781.849
Action.c(140):     c0 66.688-56.243 121.165-122.957 121.165v0 0z",\n
Action.c(140):             "M3431.217 902.861c0 54.17-43.878 98.048-98.15 98.048h-3212.003c-54.246 0-98.278-4
Action.c(140):     3.878-98.278-98.048v-781.9c0-54.144 44.032-98.176 98.278-98.176h3211.978c54.298 0 98.15 44
Action.c(140):     .032 98.15 98.176l0.026 781.9z",\n
Action.c(140):             "M771.278 506.47c-0.742-82.509 67.558-122.65 70.682-124.518-38.682-56.397-98.637-6
Action.c(140):     4.102-119.706-64.717-50.355-5.299-99.2 30.131-124.851 30.131-26.163 0-65.664-29.619-108.23
Action.c(140):     7-28.749-54.784 0.845-106.035 32.563-134.144 81.818-58.010 100.429-14.746 248.013 40.832 3
Action.c(140):     29.19 27.802 39.757 60.288 84.147 102.81 82.586 41.6-1.715 57.139-26.522 107.341-26.522 49
Action.c(140):     .741 0 64.333 26.522 107.699 25.523 44.646-0.717 72.755-39.936 99.584-80.051 32.128-45.568
Action.c(140):      45.030-90.445 45.542-92.749-1.050-0.358-86.707-33.050-87.552-131.942v0z",\n
Action.c(140):             "M689.358 263.834c22.374-27.981 37.683-66.048 33.434-104.678-32.384 1.434-72.883 2
Action.c(140):     2.4-96.205 49.766-20.634 24.115-39.066 63.642-34.304 100.813 36.378 2.714 73.728-18.355 97
Action.c(140):     .075-45.901v0z",\n
Action.c(140):             "M1373.312 806.502h-58.138l-31.846-100.070h-110.694l-30.336 100.070h-56.602l109.67
Action.c(140):     -340.685h67.738l110.208 340.685zM1273.728 664.448l-28.8-88.96c-3.046-9.088-8.755-30.49-17.
Action.c(140):     178-64.179h-1.024c-3.354 14.49-8.755 35.891-16.179 64.179l-28.288 88.96h91.469z",\n
Action.c(140):             "M1655.347 680.653c0 41.779-11.29 74.803-33.869 99.046-20.224 21.581-45.338 32.358
Action.c(140):     -75.315 32.358-32.358 0-55.603-11.622-69.76-34.867h-1.024v129.408h-54.579v-264.883c0-26.26
Action.c(140):     6-0.691-53.222-2.022-80.87h48l3.046 38.938h1.024c18.202-29.338 45.824-43.981 82.893-43.981
Action.c(140):      28.979 0 53.171 11.443 72.525 34.355 19.405 22.938 29.082 53.094 29.082 90.496v0zM1599.74
Action.c(140):     4 682.65c0-23.91-5.376-43.622-16.179-59.136-11.802-16.179-27.648-24.269-47.514-24.269-13.4
Action.c(140):     66 0-25.702 4.506-36.634 13.389-10.957 8.96-18.125 20.659-21.478 35.149-1.69 6.758-2.534 1
Action.c(140):     2.288-2.534 16.64v40.96c0 17.869 5.478 32.947 16.435 45.261s25.19 18.458 42.701 18.458c20.
Action.c(140):     557 0 36.557-7.936 48-23.757 11.469-15.846 17.203-36.736 17.203-62.694v0z",\n
Action.c(140):             "M1937.894 680.653c0 41.779-11.29 74.803-33.894 99.046-20.198 21.581-45.312 32.358
Action.c(140):     -75.29 32.358-32.358 0-55.603-11.622-69.734-34.867h-1.024v129.408h-54.579v-264.883c0-26.26
Action.c(140):     6-0.691-53.222-2.022-80.87h48l3.046 38.938h1.024c18.176-29.
Action.c(140): t=21012ms: 181-byte DECODED response body for "https://stage.peapod.com/shop/images/icons/PeapodIcons.json" (RelFrameId=1, Internal ID=13)
Action.c(140):     338 45.798-43.981 82.893-43.981 28.954 0 53.146 11.443 72.55 34.355 19.328 22.938 29.030 5
Action.c(140):     3.094 29.030 90.496v0zM1882.291 682.65c0-23.91-5.402-43.622-16.205-59.136-11.802-16.179-27
Action.c(140):     .
Action.c(140): t=21013ms: 12280-byte ENCODED response body received for "https://stage.peapod.com/shop/images/icons/PeapodIcons.json" (RelFrameId=1, Internal ID=13)
Action.c(140): t=21014ms: 12288-byte DECODED response body for "https://stage.peapod.com/shop/images/icons/PeapodIcons.json" (RelFrameId=1, Internal ID=13)
Action.c(140):     597-24.269-47.488-24.269-13.491 0-25.702 4.506-36.659 13.389-10.957 8.96-18.099 20.659-21.
Action.c(140):     453 35.149-1.664 6.758-2.534 12.288-2.534 16.64v40.96c0 17.869 5.478 32.947 16.384 45.261 
Action.c(140):     10.957 12.288 25.19 18.458 42.752 18.458 20.557 0 36.557-7.936 48-23.757 11.469-15.846 17.
Action.c(140):     203-36.736 17.203-62.694v0z",\n
Action.c(140):             "M2253.798 710.963c0 28.979-10.061 52.557-30.259 70.758-22.195 19.891-53.094 29.82
Action.c(140):     4-92.8 29.824-36.659 0-66.048-7.066-88.294-21.222l12.646-45.491c23.962 14.49 50.253 21.76 
Action.c(140):     78.899 21.76 20.557 0 36.557-4.659 48.051-13.926 11.443-9.267 17.152-21.709 17.152-37.222 
Action.c(140):     0-13.824-4.71-25.472-14.157-34.918-9.395-9.446-25.088-18.227-47.002-26.342-59.648-22.246-8
Action.c(140):     9.446-54.835-89.446-97.69 0-28.006 10.445-50.97 31.36-68.838 20.838-17.894 48.64-26.829 83
Action.c(140):     .405-26.829 31.002 0 56.755 5.402 77.312 16.179l-13.645 44.493c-19.2-10.445-40.909-15.667-
Action.c(140):     65.203-15.667-19.2 0-34.202 4.736-44.954 14.157-9.088 8.422-13.645 18.688-13.645 30.848 0 
Action.c(140):     13.466 5.197 24.602 15.642 33.357 9.088 8.090 25.6 16.845 49.562 26.291 29.312 11.802 50.8
Action.c(140):     42 25.6 64.691 41.421 13.798 15.77 20.685 35.507 20.685 59.059v0z",\n
Action.c(140):             "M2434.252 601.805h-60.16v119.27c0 30.336 10.598 45.491 31.846 45.491 9.754 0 17.8
Action.c(140):     43-0.845 24.243-2.534l1.51 41.446c-10.752 4.019-24.909 6.042-42.445 6.042-21.555 0-38.4-6.
Action.c(140):     579-50.56-19.712-12.109-13.158-18.202-35.226-18.202-66.227v-123.827h-35.84v-40.96h35.84v-4
Action.c(140):     4.979l53.606-16.179v61.158h60.16v41.011z",\n
Action.c(140):             "M2705.689 681.651c0 37.76-10.803 68.762-32.358 93.005-22.605 24.96-52.608 37.402-
Action.c(140):     90.010 37.402-36.045 0-64.742-11.955-86.144-35.866s-32.102-54.093-32.102-90.47c0-38.067 11
Action.c(140):     .008-69.248 33.101-93.491 22.042-24.269 51.789-36.403 89.19-36.403 36.045 0 65.050 11.955 
Action.c(140):     86.938 35.891 20.941 23.219 31.386 53.197 31.386 89.933v0zM2649.061 683.418c0-22.656-4.838
Action.c(140):     -42.086-14.643-58.291-11.443-19.61-27.802-29.389-48.998-29.389-21.939 0-38.605 9.805-50.04
Action.c(140):     8 29.389-9.805 16.23-14.643 35.968-14.643 59.315 0 22.656 4.838 42.086 14.643 58.266 11.80
Action.c(140):     2 19.61 28.288 29.389 49.562 29.389 20.838 0 37.197-9.984 48.998-29.901 10.061-16.512 15.1
Action.c(140):     3-36.147 15.13-58.778v0z",\n
Action.c(140):             "M2883.097 608.845c-5.402-0.998-11.162-1.51-17.203-1.51-19.2 0-34.048 7.245-44.493
Action.c(140):      21.76-9.088 12.8-13.645 28.979-13.645 48.512v128.896h-54.554l0.512-168.294c0-28.314-0.691
Action.c(140):     -54.093-2.048-77.338h47.539l1.997 47.002h1.51c5.76-16.154 14.848-29.158 27.29-38.912 12.16
Action.c(140):     -8.781 25.293-13.158 39.45-13.158 5.043 0 9.6 0.358 13.645 0.998v52.045z",\n
Action.c(140):             "M3127.193 672.051c0 9.779-0.64 18.022-1.997 24.755h-163.738c0.64 24.269 8.55 42.8
Action.c(140):     29 23.757 55.629 13.798 11.443 31.642 17.178 53.555 17.178 24.243 0 46.362-3.866 66.253-11
Action.c(140):     .622l8.55 37.888c-23.245 10.138-50.688 15.181-82.355 15.181-38.093 0-67.994-11.213-89.754-
Action.c(140):     33.613-21.709-22.4-32.589-52.48-32.589-90.214 0-37.043 10.112-67.891 30.362-92.493 21.197-
Action.c(140):     26.266 49.843-39.398 85.888-39.398 35.405 0 62.208 13.133 80.41 39.398 14.413 20.864 21.65
Action.c(140):     8 46.669 21.658 77.312v0zM3075.148 657.894c0.358-16.179-3.2-30.157-10.598-41.958-9.446-15.
Action.c(140):     181-23.962-22.758-43.494-22.758-17.843 0-32.358 7.398-43.443 22.246-9.088 11.802-14.49 25.
Action.c(140):     958-16.154 42.445l113.69 0.026z",\n
Action.c(140):             "M1255.68 256.23c0 30.131-9.037 52.813-27.085 68.045-16.717 14.054-40.474 21.094-7
Action.c(140):     1.245 21.094-15.258 0-28.314-0.666-39.245-1.997v-164.634c14.259-2.304 29.619-3.482 46.208-
Action.c(140):     3.482 29.312 0 51.405 6.374 66.304 19.123 16.691 14.413 25.062 35.021 25.062 61.85v0zM1227
Action.c(140):     .392 256.973c0-19.533-5.171-34.509-15.514-44.954-10.342-10.419-25.446-15.642-45.338-15.642
Action.c(140):     -8.448 0-15.642 0.563-21.606 1.741v125.158c3.302 0.512 9.344 0.742 18.125 0.742 20.531 0 3
Action.c(140):     6.378-5.709 47.539-17.126s16.794-28.058 16.794-49.92v0z",\n
Action.c(140):             "M1405.67 282.547c0 18.56-5.299 33.766-15.898 45.696-11.11 12.262-25.83 18.381-44.
Action.c(140):     211 18.381-17.715 0-31.821-5.862-42.342-17.638-10.496-11.75-15.744-26.573-15.744-44.442 0-
Action.c(140):     18.688 5.402-34.022 16.256-45.926s25.446-17.869 43.827-17.869c17.715 0 31.949 5.862 42.726
Action.c(140):      17.613 10.24 11.418 15.386 26.163 15.386 44.186v0zM1377.843 283.418c0-11.136-2.406-20.685
Action.c(140):     -7.194-28.646-5.632-9.626-13.645-14.438-24.064-14.438-10.778 0-18.97 4.813-24.602 14.438-4
Action.c(140):     .813 7.962-7.194 17.664-7.194 29.133 0 11.136 2.406 20.685 7.194 28.646 5.811 9.626 13.901
Action.c(140):      14.438 24.346 14.438 10.24 0 18.278-4.89 24.064-14.694 4.966-8.115 7.45-17.741 7.45-28.87
Action.c(140):     7v0z",\n
Action.c(140):             "M1606.784 223.206l-37.76 120.678h-24.576l-15.642-52.403c-3.968-13.082-7.194-26.08
Action.c(140):     6-9.702-38.989h-0.486c-2.33 13.261-5.555 26.24-9.702 38.989l-16.614 52.403h-24.858l-35.507
Action.c(140):     -120.678h27.571l13.645 57.37c3.302 13.568 6.016 26.496 8.192 38.733h0.486c1.997-10.086 5.2
Action.c(140):     99-22.938 9.958-38.477l17.126-57.6h21.862l16.41 56.371c3.968 13.747 7.194 26.982 9.677 39.
Action.c(140):     731h0.742c1.818-12.416 4.557-25.651 8.192-39.731l14.643-56.371 26.342-0.026z",\n
Action.c(140):             "M1745.869 343.885h-26.829v-69.12c0-21.299-8.090-31.949-24.32-31.949-7.962 0-14.38
Action.c(140):     7 2.918-19.379 8.781-4.941 5.862-7.45 12.774-7.45 20.685v71.578h-26.829v-86.17c0-10.598-0.
Action.c(140):     333-22.093-0.973-34.534h23.578l1.254 18.867h0.742c3.123-5.862 7.782-10.701 13.901-14.566 7
Action.c(140):     .27-4.506 15.411-6.784 24.32-6.784 11.264 0 20.634 3.635 28.083 10.931 9.267 8.934 13.901 
Action.c(140):     22.272 13.901 39.987v72.294z",\n
Action.c(140):             "M1819.853 343.885h-26.803v-176.051h26.803z",\n
Action.c(140):             "M1977.805 282.547c0 18.56-5.299 33.766-15.898 45.696-11.11 12.262-25.856 18.381-4
Action.c(140):     4.211 18.381-17.741 0-31.846-5.862-42.342-17.638-10.496-11.75-15.744-26.573-15.744-44.442 
Action.c(140):     0-18.688 5.402-34.022 16.256-45.926s25.446-17.869 43.802-17.869c17.741 0 31.949 5.862 42.7
Action.c(140):     52 17.613 10.24 11.418 15.386 26.163 15.386 44.186v0zM1949.952 283.418c0-11.136-2.406-20.6
Action.c(140):     85-7.194-28.646-5.606-9.626-13.645-14.438-24.038-14.438-10.803 0-18.995 4.813-24.602 14.43
Action.c(140):     8-4.813 7.962-7.194 17.664-7.194 29.133 0 11.136 2.406 20.685 7.194 28.646 5.811 9.626 13.
Action.c(140):     901 14.438 24.346 14.438 10.24 0 18.253-4.89 24.038-14.694 4.992-8.115 7.45-17.741 7.45-28
Action.c(140):     .877v0z",\n
Action.c(140):             "M2107.648 343.885h-24.090l-1.997-13.901h-0.742c-8.243 11.085-19.994 16.64-35.251 
Action.c(140):     16.64-11.392 0-20.608-3.661-27.546-10.931-6.298-6.605-9.446-14.822-9.446-24.576 0-14.746 6
Action.c(140):     .144-25.984 18.509-33.766 12.339-7.782 29.696-11.597 52.045-11.418v-2.253c0-15.898-8.346-2
Action.c(140):     3.834-25.062-23.834-11.904 0-22.4 2.995-31.462 8.934l-5.453-17.613c11.213-6.938 25.062-10.
Action.c(140):     419 41.395-10.419 31.539 0 47.36 16.64 47.36 49.92v44.442c0 12.058 0.589 21.658 1.741 28.7
Action.c(140):     74v0zM2079.795 302.413v-18.611c-29.594-0.512-44.39 7.603-44.39 24.32 0 6.298 1.69 11.008 5
Action.c(140):     .146 14.157s7.859 4.71 13.107 4.71c5.888 0 11.392-1.869 16.41-5.581 5.043-3.738 8.141-8.47
Action.c(140):     4 9.293-14.285 0.282-1.306 0.435-2.893 0.435-4.71v0z",\n
Action.c(140):             "M2260.096 343.885h-23.808l-1.254-19.379h-0.742c-7.603 14.746-20.557 22.118-38.758
Action.c(140):      22.118-14.541 0-26.65-5.709-36.25-17.126s-14.387-26.24-14.387-44.442c0-19.533 5.197-35.35
Action.c(140):     4 15.642-47.437 10.112-11.264 22.502-16.896 37.248-16.896 16.205 0 27.546 5.453 33.997 16.
Action.c(140):     384h0.512v-69.274h26.854v143.539c0 11.75 0.307 22.579 0.947 32.512v0zM2232.294 292.992v-20
Action.c(140):     .122c0-3.482-0.256-6.298-0.742-8.448-1.51-6.451-4.762-11.878-9.702-16.256-4.992-4.378-11.0
Action.c(140):     08-6.579-17.946-6.579-10.010 0-17.843 3.968-23.603 11.93-5.709 7.962-8.602 18.125-8.602 30
Action.c(140):     .541 0 11.93 2.739 21.606 8.243 29.056 5.811 7.936 13.645 11.904 23.45 11.904 8.806 0 15.8
Action.c(140):     46-3.302 21.197-9.933 5.171-6.118 7.706-13.491 7.706-22.093v0z",\n
Action.c(140):             "M2489.548 282.547c0 18.56-5.299 33.766-15.898 45.696-11.11 12.262-25.805 18.381-4
Action.c(140):     4.211 18.381-17.69 0-31.795-5.862-42.342-17.638-10.496-11.75-15.744-26.573-15.744-44.442 0
Action.c(140):     -18.688 5.402-34.022 16.256-45.926s25.446-17.869 43.853-17.869c17.69 0 31.949 5.862 42.701
Action.c(140):      17.613 10.24 11.418 15.386 26.163 15.386 44.186v0zM2461.746 283.418c0-11.136-2.406-20.685
Action.c(140):     -7.194-28.646-5.658-9.626-13.645-14.438-24.090-14.438-10.752 0-18.944 4.813-24.602 14.438-
Action.c(140):     4.813 7.962-7.194 17.664-7.194 29.133 0 11.136 2.406 20.685 7.194 28.646 5.811 9.626 13.90
Action.c(140):     1 14.438 24.346 14.438 10.24 0 18.304-4.89 24.090-14.694 4.941-8.115 7.45-17.741 7.45-28.8
Action.c(140):     77v0z",\n
Action.c(140):             "M2633.804 343.885h-26.803v-69.12c0-21.299-8.090-31.949-24.346-31.949-7.962 0-14.3
Action.c(140):     87 2.918-19.354 8.781s-7.45 12.774-7.45 20.685v71.578h-26.854v-86.17c0-10.598-0.307-22.093
Action.c(140):     -0.947-34.534h23.552l1.254 18.867h0.742c3.149-5.862 7.808-10.701 13.901-14.566 7.296-4.506
Action.c(140):      15.411-6.784 24.346-6.784 11.238 0 20.608 3.635 28.058 10.931 9.293 8.934 13.901 22.272 1
Action.c(140):     3.901 39.987v72.294z",\n
Action.c(140):             "M2814.361 243.302h-29.542v58.624c0 14.899 5.248 22.349 15.642 22.349 4.813 0 8.80
Action.c(140):     6-0.41 11.955-1.254l0.691 20.352c-5.299 1.997-12.262 2.995-20.838 2.995-10.598 0-18.842-3.
Action.c(140):     226-24.806-9.677-5.99-6.451-8.96-17.306-8.96-32.538v-60.851h-17.638v-20.096h17.638v-22.118
Action.c(140):     l26.291-7.936v30.029h29.542v20.122h0.026z",\n
Action.c(140):             "M2956.389 343.885h-26.854v-68.608c0-21.632-8.090-32.461-24.294-32.461-12.442 0-20
Action.c(140):     .941 6.272-25.6 18.816-0.794 2.637-1.254 5.862-1.254 9.651v72.576h-26.803v-176.026h26.803v
Action.c(140):     72.73h0.512c8.448-13.235 20.557-19.84 36.25-19.84 11.11 0 20.301 3.635 27.597 10.931 9.088
Action.c(140):      9.088 13.645 22.605 13.645 40.474v71.757z",\n
Action.c(140):             "M3102.898 277.837c0 4.813-0.358 8.858-0.998 12.16h-80.461c0.358 11.93 4.198 21.01
Action.c(140):     8 11.648 27.315 6.81 5.632 15.59 8.448 26.342 8.448 11.904 0 22.758-1.894 32.538-5.709l4.1
Action.c(140):     98 18.637c-11.443 4.966-24.909 7.45-40.499 7.45-18.688 0-33.408-5.504-44.058-16.512-10.701
Action.c(140):     -11.008-16-25.779-16-44.314 0-18.202 4.941-33.357 14.899-45.44 10.394-12.902 24.448-19.354
Action.c(140):      42.189-19.354 17.357 0 30.541 6.451 39.45 19.354 7.194 10.24 10.752 22.912 10.752 37.965v
Action.c(140):     0zM3077.298 270.899c0.205-7.962-1.562-14.822-5.197-20.608-4.659-7.45-11.75-11.187-21.35-11
Action.c(140):     .187-8.755 0-15.898 3.635-21.35 10.931-4.454 5.811-7.091 12.749-7.962 20.864h55.859z"\n
Action.c(140):           ],\n
Action.c(140):           "attrs": [\n
Action.c(140):             {\n
Action.c(140):               "fill": "rgb(166, 166, 166)"\n
Action.c(140):             },\n
Action.c(140):             {\n
Action.c(140):               "fill": "rgb(0, 0, 0)"\n
Action.c(140):             },\n
Action.c(140):             {\n
Action.c(140):               "fill": "rgb(255, 255, 255)"\n
Action.c(140):             },\n
Action.c(140):             {\n
Action.c(140):               "fill": "rgb(255, 255, 255)"\n
Action.c(140):             },\n
Action.c(140):             {\n
Action.c(140):               "fill": "rgb(255, 255, 255)"\n
Action.c(140):             },\n
Action.c(140):             {\n
Action.c(140):               "fill": "rgb(255, 255, 255)"\n
Action.c(140):             },\n
Action.c(140):             {\n
Action.c(140):               "fill": "rgb(255, 255, 255)"\n
Action.c(140):             },\n
Action.c(140):             {\n
Action.c(140):               "fill": "rgb(255, 255, 255)"\n
Action.c(140):             },\n
Action.c(140):             {\n
Action.c(140):               "fill": "rgb(255, 255, 255)"\n
Action.c(140):             },\n
Action.c(140):             {\n
Action.c(140):               "fill": "rgb(255, 255, 255)"\n
Action.c(140):             },\n
Action.c(140):             {\n
Action.c(140):               "fill": "rgb(255, 255, 255)"\n
Action.c(140):             },\n
Action.c(140):             {\n
Action.c(140):               "fill": "rgb(255, 255, 255)"\n
Action.c(140):             },\n
Action.c(140):             {\n
Action.c(140):               "fill": "rgb(255, 255, 255)"\n
Action.c(140):             },\n
Action.c(140):             {\n
Action.c(140):               "fill": "rgb(255, 255, 255)"\n
Action.c(140):             },\n
Action.c(140):             {\n
Action.c(140):               "fill": "rgb(255, 255, 255)"\n
Action.c(140):             },\n
Action.c(140):             {\n
Action.c(140):               "fill": "rgb(255, 255, 255)"\n
Action.c(140):             },\n
Action.c(140):             {\n
Action.c(140):               "fill": "rgb(255, 255, 255)"\n
Action.c(140):             },\n
Action.c(140):             {\n
Action.c(140):               "fill": "rgb(255, 255, 255)"\n
Action.c(140):             },\n
Action.c(140):             {\n
Action.c(140):               "fill": "rgb(255, 255, 255)"\n
Action.c(140):             },\n
Action.c(140):             {\n
Action.c(140):               "fill": "rgb(255, 255, 255)"\n
Action.c(140):             },\n
Action.c(140):             {\n
Action.c(140):               "fill": "rgb(255, 255, 255)"\n
Action.c(140):             },\n
Action.c(140):             {\n
Action.c(140):               "fill": "rgb(255, 255, 255)"\n
Action.c(140):             },\n
Action.c(140):             {\n
Action.c(140):               "fill": "rgb(255, 255, 255)"\n
Action.c(140):             },\n
Action.c(140):             {\n
Action.c(140):               "fill": "rgb(255, 255, 255)"\n
Action.c(140):             },\n
Action.c(140):             {\n
Action.c(140):               "fill": "rgb(255, 255, 255)"\n
Action.c(140):             }\n
Action.c(140):           ],\n
Action.c(140):           "width": 3456,\n
Action.c(140):           "isMulticolor": true,\n
Action.c(140):           "grid": 32,\n
Action.c(140):           "tags": [\n
Action.c(140):             "app-store"\n
Action.c(140):           ]\n
Action.c(140):         },\n
Action.c(140):         {\n
Action.c(140):           "paths": [\n
Action.c(140):             "M637.966 166.481c-28.564-28.564-28.564-74.876 0-103.44s74.876-28.564 103.44 0l393
Action.c(140):     .606 393.606c28.565 28.565 28.564 74.877-0.002 103.441l-393.606 393.582c-28.565 28.563-74.
Action.c(140):     876 28.562-103.44-0.003s-28.562-74.876 0.003-103.44l341.883-341.862-341.885-341.885zM146.2
Action.c(140):     81 582.528v320.543c0 40.396-32.747 73.143-73.143 73.143s-73.143-32.747-73.143-73.143v-393.
Action.c(140):     606c0-40.365 32.699-73.099 73.063-73.143l1010.152-1.097c40.396-0.044 73.178 32.668 73.222 
Action.c(140):     73.063s-32.668 73.178-73.063 73.222l-937.088 1.018z"\n
Action.c(140):           ],\n
Action.c(140):           "attrs": [\n
Action.c(140):             {\n
Action.c(140):               "fill": "rgb(224, 0, 77)"\n
Action.c(140):             }\n
Action.c(140):           ],\n
Action.c(140):           "width": 1170,\n
Action.c(140):           "grid": 32,\n
Action.c(140):           "tags": [\n
Action.c(140):             "icon-directions"\n
Action.c(140):           ]\n
Action.c(140):         },\n
Action.c(140):         {\n
Action.c(140):           "paths": [\n
Action.c(140):             "M412.173 865.599c33.243-40.439 72.24-95 108.599-152.515 86.543-136.895 142.505-26
Action.c(140):     4.351 142.505-334.907 0-157.45-127.641-285.091-285.091-285.091s-285.091 127.641-285.091 28
Action.c(140):     5.091c0 70.558 55.96 198.017 142.497 334.908 36.359 57.516 75.355 112.077 108.597 152.514 
Action.c(140):     12.935 15.734 24.517 28.724 33.993 38.212 9.475-9.487 21.057-22.477 33.99-38.211zM756.368 
Action.c(140):     378.177c0 176.842-285.679 628.736-378.182 628.736-92.52 0-378.182-451.884-378.182-628.736 
Action.c(140):     0-208.863 169.319-378.182 378.182-378.182s378.182 169.319 378.18
Action.c(140): t=21052ms: 12288-byte DECODED response body for "https://stage.peapod.com/shop/images/icons/PeapodIcons.json" (RelFrameId=1, Internal ID=13)
Action.c(140):     2 378.182zM442.186 378.177c0-35.338-28.662-64-64-64-35.352 0-64 28.652-64 64 0 35.361 28.6
Action.c(140):     39 64 64 64 35.348 0 64-28.648 64-64zM535.277 378.177c0 86.767-70.334 157.091-157.091 157.
Action.c(140):     091-86.774 0-157.091-70.317-157.091-157.091 0-86.757 70.323-157.091 157.091-157.091 86.751
Action.c(140):      0 157.091 70.34 157.091 157.091z"\n
Action.c(140):           ],\n
Action.c(140):           "attrs": [\n
Action.c(140):             {\n
Action.c(140):               "fill": "rgb(99, 102, 106)"\n
Action.c(140):             }\n
Action.c(140):           ],\n
Action.c(140):           "width": 791,\n
Action.c(140):           "grid": 32,\n
Action.c(140):           "tags": [\n
Action.c(140):             "icon-locator-pin"\n
Action.c(140):           ]\n
Action.c(140):         },\n
Action.c(140):         {\n
Action.c(140):           "paths": [\n
Action.c(140):             "M240 662.4c-60.8 64-80 144-83.2 227.2 0 22.4-9.6 35.2-32 38.4-35.2 3.2-54.4-19.2-
Action.c(140):     44.8-51.2 22.4-99.2 73.6-188.8 140.8-265.6 96-118.4 217.6-208 348.8-281.6 16-9.6 35.2-19.2
Action.c(140):      51.2-32-172.8 54.4-323.2 147.2-444.8 288-67.2-35.2-99.2-137.6-64-214.4 48-99.2 128-160 22
Action.c(140):     4-204.8 201.6-92.8 406.4-83.2 611.2 0 3.2 0 3.2 3.2 6.4 6.4-64 57.6-92.8 137.6-128 211.2-5
Action.c(140):     7.6 118.4-115.2 233.6-217.6 323.2-51.2 44.8-105.6 83.2-172.8 99.2-83.2 19.2-160-25.6-185.6
Action.c(140):     -108.8-3.2-12.8-6.4-22.4-9.6-35.2z"\n
Action.c(140):           ],\n
Action.c(140):           "grid": 32,\n
Action.c(140):           "tags": [\n
Action.c(140):             "organic"\n
Action.c(140):           ]\n
Action.c(140):         },\n
Action.c(140):         {\n
Action.c(140):           "paths": [\n
Action.c(140):             "M3435.179 820.565v-20.48h13.653c6.827 0 15.019 1.365 15.019 9.557 0 9.557-8.192 1
Action.c(140):     0.923-16.384 10.923h-12.288zM3435.179 830.123h10.923l17.749 28.672h10.923l-19.115-28.672c9
Action.c(140):     .557-1.365 17.749-6.827 17.749-17.749 0-13.653-8.192-19.115-23.211-19.115h-25.941v66.901h9
Action.c(140):     .557v-30.037h1.365zM3447.467 883.371c31.403 0 58.709-24.576 58.709-57.344s-27.307-57.344-5
Action.c(140):     8.709-57.344c-31.403 0-58.709 24.576-58.709 57.344s27.307 57.344 58.709 57.344v0zM3401.045
Action.c(140):      824.661c0-27.307 20.48-47.787 46.421-47.787s46.421 20.48 46.421 47.787-20.48 47.787-46.42
Action.c(140):     1 47.787c-25.941 1.365-46.421-19.115-46.421-47.787v0z",\n
Action.c(140):             "M2647.381 137.899v395.947l-229.376-342.699c-16.384-28.672-49.152-51.883-70.997-61
Action.c(140):     .44v0c-61.44-25.941-120.149-4.096-151.552 21.845-43.691 36.864-60.075 106.496-60.075 143.3
Action.c(140):     6v581.632h214.357v-401.408l263.509 398.677 1.365 1.365h245.76v-4.096c0-4.096 0-352.256 0-5
Action.c(140):     27.019h232.107v532.48h234.837v-525.653h225.28v-212.992h-905.216zM1810.432 247.125l-28.672-
Action.c(140):     60.075c-19.115-32.768-57.344-58.709-101.035-66.901-54.613-10.923-118.784 15.019-150.187 62
Action.c(140):     .805-28.672 38.229-297.643 663.552-309.931 690.859l-2.731 6.827h243.029l193.877-484.693 11
Action.c(140):     6.053 273.067h-159.744v211.627h475.136c5.461 0 10.923 0 13.653-4.096 1.365-1.365 1.365-4.0
Action.c(140):     96 0-6.827l-289.451-622.592zM447.829 349.525h412.331v-210.261h-398.677c-106.496-2.731-182.
Action.c(140):     955 24.576-256.683 95.573-102.4 101.035-136.533 253.952-90.112 397.312 40.96 131.072 166.5
Action.c(140):     71 237.568 290.816 248.491h451.925v-380.928h-214.357v173.397h-206.165c-25.941 0-47.787-19.
Action.c(140):     115-61.44-34.133-38.229-43.691-57.344-113.323-51.883-150.187 8.192-65.536 73.728-139.264 1
Action.c(140):     24.245-139.264v0zM933.888 136.533h238.933v749.568h-238.933v-749.568z"\n
Action.c(140):           ],\n
Action.c(140):           "attrs": [\n
Action.c(140):             {\n
Action.c(140):               "fill": "rgb(234, 0, 41)"\n
Action.c(140):             },\n
Action.c(140):             {\n
Action.c(140):               "fill": "rgb(234, 0, 41)"\n
Action.c(140):             }\n
Action.c(140):           ],\n
Action.c(140):           "width": 3659,\n
Action.c(140):           "grid": 32,\n
Action.c(140):           "tags": [\n
Action.c(140):             "giant-logo-solo"\n
Action.c(140):           ]\n
Action.c(140):         },\n
Action.c(140):         {\n
Action.c(140):           "paths": [\n
Action.c(140):             "M844.325 279.007c0-17.529-4.382-35.058-11.686-52.588-7.304-16.068-17.529-32.137-3
Action.c(140):     0.676-43.823-10.225-8.765-24.833-18.99-43.823-27.755-17.529-7.304-39.441-13.147-64.274-13.
Action.c(140):     147-5.843 0-11.686 0-17.529 1.461-14.608 1.461-26.294 4.382-36.519 10.225-16.068 7.304-26.
Action.c(140):     294 18.99-33.598 29.215-7.304 11.686-10.225 21.912-14.608 30.676v0 0c-14.608 37.98-40.902 
Action.c(140):     100.793-62.813 153.381-8.765 20.451-16.068 39.441-23.372 55.509l-99.332-230.802v-1.461c-8.
Action.c(140):     765-14.608-23.372-26.294-42.362-35.058s-40.902-14.608-65.735-14.608v0 0c-13.147 0-26.294 2
Action.c(140):     .922-40.902 5.843-21.912 5.843-45.284 17.529-62.813 35.058-8.765 8.765-17.529 18.99-23.372
Action.c(140):      30.676s-8.765 24.833-10.225 39.441v0 651.504h181.136v-441.153l90.568 254.174 1.461 1.461c
Action.c(140):     4.382 5.843 10.225 14.608 18.99 21.912 4.382 4.382 8.765 7.304 14.608 10.225 4.382 2.922 1
Action.c(140):     0.225 4.382 16.068 5.843 10.225 2.922 18.99 4.382 29.215 4.382 16.068 0 30.676-4.382 42.36
Action.c(140):     2-11.686s21.912-18.99 29.215-33.598v-1.461l83.264-246.87v435.31h165.067l4.382-1.461c4.382-
Action.c(140):     2.922 5.843-5.843 7.304-7.304s1.461-2.922 1.461-2.922 0-2.922 1.461-2.922c0-1.461 0-1.461 
Action.c(140):     0-1.461 0-1.461 0-1.461 0-1.461v-1.461c0-8.765 0-58.431 0-127.087 0-86.185 0-200.126 0-296
Action.c(140):     .536-2.922-92.029-2.922-169.449-2.922-179.675z",\n
Action.c(140):             "M1327.84 248.331l-1.461-1.461c0 0-4.382-8.765-10.225-18.99s-13.147-21.912-21.912-
Action.c(140):     32.137c-7.304-10.225-13.147-17.529-21.912-24.833s-17.529-13.147-29.215-18.99h-1.461c-14.60
Action.c(140):     8-5.843-29.215-8.765-43.823-8.765-27.755 0-52.588 8.765-73.039 20.451-10.225 5.843-18.99 1
Action.c(140):     3.147-26.294 20.451s-13.147 16.068-16.068 26.294v0l-205.969 670.494c-1.461 5.843 0 11.686 
Action.c(140):     2.922 16.068s8.765 7.304 14.608 7.304h140.234c8.765 0 16.068-5.843 17.529-13.147l143.155-4
Action.c(140):     71.829 94.95 321.369h-154.842c-10.225 0-18.99 8.765-18.99 18.99v125.626c0 4.382 1.461 10.2
Action.c(140):     25 5.843 13.147 2.922 2.922 8.765 5.843 13.147 5.843h365.193c5.843 0 11.686-2.922 14.608-7
Action.c(140):     .304s4.382-10.225 2.922-16.068l-189.9-632.514z",\n
Action.c(140):             "M3155.264 508.348l-146.077-302.379c-5.843-13.147-13.147-23.372-23.372-32.137-14.6
Action.c(140):     08-13.147-32.137-20.451-48.205-26.294-17.529-4.382-33.598-7.304-48.205-7.304h-1.461c-14.60
Action.c(140):     8 0-29.215 4.382-43.823 10.225-20.451 8.765-40.902 23.372-55.509 39.441-7.304 8.765-13.147
Action.c(140):      16.068-18.99 24.833-4.382 8.765-7.304 18.99-7.304 29.215v0 658.807h179.675v-422.163l213.2
Action.c(140):     72 423.623h188.439v-762.522h-186.979l-1.461 366.653z",\n
Action.c(140):             "M3980.599 609.141c-11.686-26.294-27.755-52.588-51.127-77.421v0 0c-16.068-16.068-3
Action.c(140):     2.137-27.755-49.666-35.058-24.833-11.686-51.127-17.529-73.039-24.833-23.372-7.304-43.823-1
Action.c(140):     4.608-62.813-30.676-5.843-5.843-10.225-16.068-13.147-26.294-2.922-11.686-5.843-24.833-5.84
Action.c(140):     3-37.98 0-11.686 1.461-21.912 4.382-29.215 4.382-14.608 11.686-27.755 20.451-36.519 4.382-
Action.c(140):     4.382 8.765-7.304 13.147-8.765s10.225-2.922 14.608-2.922h184.057v-157.763h-197.204c-29.215
Action.c(140):      0-52.588 7.304-71.578 17.529s-33.598 21.912-49.666 33.598h-1.461c-27.755 23.372-48.205 51
Action.c(140):     .127-61.352 81.803-13.147 29.215-18.99 61.352-18.99 93.489 0 27.755 4.382 55.509 11.686 81
Action.c(140):     .803v0 0c17.529 45.284 43.823 80.342 73.039 103.715 29.215 24.833 59.892 39.441 87.646 48.
Action.c(140):     205 23.372 8.765 51.127 20.451 71.578 35.058 10.225 7.304 17.529 16.068 23.372 24.833s7.30
Action.c(140):     4 17.529 7.304 26.294c0 5.843-1.461 11.686-2.922 18.99v0c-2.922 10.225-11.686 23.372-20.45
Action.c(140):     1 32.137-4.382 4.382-8.765 8.765-13.147 10.225-4.382 2.922-7.304 2.922-8.765 2.922h-179.67
Action.c(140):     5v147.538h188.439c36.519 0 73.039-13.147 105.175-36.519s58.431-54.049 74.499-92.029v0 0c11
Action.c(140):     .686-27.755 17.529-56.97 17.529-84.725 1.461-23.372-4.382-51.127-16.068-77.421z",\n
Action.c(140):             "M2500.839 141.695h-502.505v150.459c-13.147-33.598-35.058-70.117-64.274-99.332-14.
Action.c(140):     608-14.608-32.137-27.755-52.588-36.519s-42.362-14.608-65.735-14.608v0h-257.096l-2.922 763.
Action.c(140):     983h166.528v-277.546c4.382 0 8.765 0 13.147 0 42.362 0 70.117 8.765 86.185 18.99 8.765 5.8
Action.c(140):     43 13.147 11.686 17.529 17.529s5.843 13.147 7.304 18.99c0 8.765 0 58.431 0 106.636 0 24.83
Action.c(140):     3 0 48.205 0 67.195 0 17.529 0 29.215 0 29.215v18.99h163.606v-311.144c-1.461-10.225-4.382-
Action.c(140):     18.99-8.765-27.755-7.304-13.147-18.99-24.833-32.137-35.058-4.382-4.382-10.225-7.304-16.068
Action.c(140):     -10.225 2.922-2.922 4.382-4.382 5.843-7.304 14.608-18.99 27.755-42.362 37.98-70.117 10.225
Action.c(140):     -26.294 16.068-55.509 16.068-86.185 0-20.451-2.922-40.902-10.225-59.892h151.92v606.22h194.
Action.c(140):     282v-606.22h156.302v-18.99l-4.382-137.312zM1828.884 419.241c-5.843 7.304-14.608 14.608-21.
Action.c(140):     912 20.451-4.382 2.922-8.765 5.843-13.147 7.304-2.922 1.461-5.843 1.461-7.304 2.922h-65.73
Action.c(140):     5v-150.459c5.843 0 10.225 0 16.068 0 23.372 0 45.284 1.461 62.813 8.765 8.765 2.922 16.068
Action.c(140):      7.304 21.912 13.147s11.686 11.686 14.608 21.912v0 0c5.843 11.686 8.765 23.372 8.765 33.59
Action.c(140):     8 0 11.686-5.843 26.294-16.068 42.362z",\n
Action.c(140):             "M2721.415 141.695h-176.753v763.983l176.753-1.461v-17.529z",\n
Action.c(140):             "M3552.593 141.695h-176.753v156.302h33.598l-26.294 108.097 20.451 2.922c5.843 1.46
Action.c(140):     1 11.686 1.461 17.529 1.461 10.225 0 18.99-1.461 27.755-4.382 13.147-4.382 21.912-11.686 3
Action.c(140):     0.676-17.529 8.765-7.304 16.068-14.608 23.372-21.912l2.922-1.461 1.461-1.461c21.912-26.294
Action.c(140):      33.598-56.97 39.441-89.107s7.304-64.274 7.304-92.029c0-8.765 0-16.068 0-23.372l-1.461-17.
Action.c(140):     529z",\n
Action.c(140):             "M4017.118 841.404c0-30.676 23.372-52.588 52.588-52.588s52.588 23.372 52.588 52.58
Action.c(140):     8c0 30.676-23.372 54.049-52.588 54.049-29.215-1.461-52.588-23.372-52.588-54.049zM4069.706 
Action.c(140):     905.678c35.058 0 64.274-27.755 64.274-64.274s-29.215-64.274-64.274-64.274c-35.058 0-65.735
Action.c(140):      27.755-65.735 64.274s30.676 64.274 65.735 64.274zM4056.559 845.786h13.147l18.99 32.137h13
Action.c(140):     .147l-20.451-32.137c10.225-1.461 18.99-7.304 18.99-20.451 0-14.608-8.765-20.451-26.294-20.
Action.c(140):     451h-27.755v74.499h11.686v-33.598zM4056.559 837.021v-23.372h14.608c7.304 0 16.068 1.461 16
Action.c(140):     .068 10.225 0 11.686-8.765 11.686-17.529 11.686h-13.147z"\n
Action.c(140):           ],\n
Action.c(140):           "attrs": [\n
Action.c(140):             {\n
Action.c(140):               "fill": "rgb(234, 0, 41)"\n
Action.c(140):             },\n
Action.c(140):             {\n
Action.c(140):               "fill": "rgb(234, 0, 41)"\n
Action.c(140):             },\n
Action.c(140):             {\n
Action.c(140):               "fill": "rgb(234, 0, 41)"\n
Action.c(140):             },\n
Action.c(140):             {\n
Action.c(140):               "fill": "rgb(234, 0, 41)"\n
Action.c(140):             },\n
Action.c(140):             {\n
Action.c(140):               "fill": "rgb(234, 0, 41)"\n
Action.c(140):             },\n
Action.c(140):             {\n
Action.c(140):               "fill": "rgb(234, 0, 41)"\n
Action.c(140):             },\n
Action.c(140):             {\n
Action.c(140):               "fill": "rgb(234, 0, 41)"\n
Action.c(140):             },\n
Action.c(140):             {\n
Action.c(140):               "fill": "rgb(234, 0, 41)"\n
Action.c(140):             }\n
Action.c(140):           ],\n
Action.c(140):           "width": 4248,\n
Action.c(140):           "grid": 32,\n
Action.c(140):           "tags": [\n
Action.c(140):             "martins-logo-solo"\n
Action.c(140):           ]\n
Action.c(140):         },\n
Action.c(140):         {\n
Action.c(140):           "paths": [\n
Action.c(140):             "M505.6 313.6c0-12.8-3.2-25.6-9.6-38.4s-12.8-22.4-22.4-32c-6.4-6.4-19.2-12.8-32-19
Action.c(140):     .2s-28.8-9.6-44.8-9.6c-3.2 0-9.6 0-12.8 0-9.6 0-19.2 3.2-25.6 6.4-12.8 6.4-19.2 12.8-22.4 
Action.c(140):     22.4-6.4 9.6-6.4 16-9.6 22.4v0 0c-9.6 28.8-28.8 73.6-44.8 112-6.4 16-12.8 28.8-16 38.4l-76
Action.c(140):     .8-166.4c-6.4-9.6-19.2-19.2-32-25.6s-28.8-9.6-48-9.6v0 0c-9.6 0-19.2 3.2-28.8 3.2-16 6.4-3
Action.c(140):     2 12.8-48 25.6-6.4 6.4-12.8 12.8-16 22.4s-6.4 19.2-6.4 28.8v0 470.4h131.2v-320l64 182.4c3.
Action.c(140):     2 3.2 6.4 9.6 12.8 16 3.2 3.2 6.4 6.4 9.6 6.4 3.2 3.2 6.4 3.2 12.8 3.2 6.4 3.2 12.8 3.2 22
Action.c(140):     .4 3.2 12.8 0 22.4-3.2 32-9.6s16-12.8 19.2-22.4v0l60.8-179.2v313.6h121.6c3.2-3.2 3.2-3.2 6
Action.c(140):     .4-6.4 0 0 0-3.2 0-3.2s0 0 0-3.2c0 0 0 0 0 0s0 0 0 0v0c0-6.4 0-41.6 0-92.8 0-60.8 0-144 0-
Action.c(140):     214.4 3.2-60.8 3.2-118.4 3.2-124.8z",\n
Action.c(140):             "M854.4 291.2v0c0-3.2-3.2-6.4-6.4-16-3.2-6.4-9.6-16-16-22.4s-9.6-12.8-16-19.2c-6.4
Action.c(140):     -6.4-16-9.6-22.4-12.8v0c-9.6-3.2-22.4-6.4-32-6.4-19.2 0-38.4 6.4-51.2 16-6.4 3.2-12.8 9.6-
Action.c(140):     19.2 16s-9.6 12.8-12.8 19.2v0l-150.4 486.4c0 3.2 0 9.6 3.2 12.8s6.4 6.4 9.6 6.4h102.4c6.4 
Action.c(140):     0 9.6-3.2 12.8-9.6l102.4-345.6 70.4 233.6h-112c-6.4 0-12.8 6.4-12.8 12.8v89.6c0 3.2 0 6.4 
Action.c(140):     3.2 9.6s6.4 3.2 9.6 3.2h262.4c3.2 0 9.6-3.2 9.6-6.4 3.2-3.2 3.2-6.4 3.2-12.8l-137.6-454.4z
Action.c(140):     ",\n
Action.c(140):             "M2172.8 480l-105.6-217.6c-3.2-9.6-9.6-16-16-22.4-9.6-9.6-22.4-16-35.2-19.2s-25.6-
Action.c(140):     6.4-35.2-6.4v0c-9.6 0-22.4 3.2-32 6.4-16 6.4-28.8 16-38.4 28.8-6.4 6.4-9.6 12.8-12.8 19.2-
Action.c(140):     6.4 6.4-9.6 12.8-9.6 19.2v0 476.8h128v-304l153.6 304h134.4v-550.4h-134.4l3.2 265.6z",\n
Action.c(140):             "M2771.2 550.4c-9.6-19.2-19.2-38.4-38.4-57.6v0 0c-9.6-12.8-22.4-19.2-35.2-25.6-19.
Action.c(140):     2-9.6-35.2-12.8-54.4-16-16-6.4-32-9.6-44.8-22.4-3.2-3.2-6.4-12.8-9.6-19.2-3.2-9.6-3.2-19.2
Action.c(140):     -3.2-28.8s0-16 3.2-22.4c3.2-9.6 9.6-19.2 16-25.6 3.2-3.2 6.4-6.4 9.6-6.4s6.4-3.2 9.6-3.2h1
Action.c(140):     31.2v-112h-140.8c-22.4 0-38.4 6.4-51.2 12.8s-22.4 16-35.2 25.6v0 0c-19.2 16-35.2 38.4-44.8
Action.c(140):      57.6-9.6 22.4-12.8 44.8-12.8 67.2 0 19.2 3.2 38.4 9.6 57.6v0 0c12.8 32 32 57.6 54.4 76.8s
Action.c(140):     44.8 28.8 64 35.2c16 6.4 38.4 16 51.2 25.6 6.4 6.4 12.8 12.8 16 16 3.2 6.4 6.4 12.8 6.4 19
Action.c(140):     .2 0 3.2 0 9.6-3.2 12.8v0c-3.2 6.4-9.6 16-16 22.4-3.2 3.2-6.4 6.4-9.6 6.4-3.2 3.2-6.4 3.2-
Action.c(140):     6.4 3.2h-131.2v105.6h137.6c25.6 0 54.4-9.6 76.8-25.6s41.6-38.4 54.4-67.2v0 0c6.4-19.2 12.8
Action.c(140):     -41.6 12.8-60.8-6.4-12.8-9.6-32-16-51.2z",\n
Action.c(140):             "M1699.2 214.4h-361.6v108.8c-9.6-25.6-25.6-51.2-44.8-70.4-12.8-12.8-25.6-22.4-41.6
Action.c(140):     -28.8-12.8-6.4-32-9.6-48-9.6v0h-185.6l-3.2 550.4h121.6v-201.6c3.2 0 6.4 0 9.6 0 32 0 51.2 
Action.c(140):     6.4 60.8 12.8 6.4 3.2 9.6 9.6 12.8 12.8s3.2 9.6 6.4 12.8c0 6.4 0 41.6 0 76.8 0 19.2 0 35.2
Action.c(140):      0 48s0 22.4 0 22.4v12.8h118.4v-224c0-6.4-3.2-12.8-6.4-19.2-6.4-9.6-12.8-19.2-22.4-25.6-3.
Action.c(140):     2-3.2-6.4-6.4-12.8-6.4 3.2-3.2 3.2-3.2 3.2-6.4 9.6-12.8 19.2-32 28.8-51.2 6.4-19.2 9.6-41.
Action.c(140):     6 9.6-60.8 0-16-3.2-28.8-6.4-44.8h108.8v438.4h140.8v-438.4h112v-12.8l0-96zM1216 412.8c-3.2
Action.c(140):      6.4-9.6 9.6-16 16-3.2 3.2-6.4 3.2-9.6 6.4-3.2 0-3.2 0-6.4 3.2h-48v-108.8c3.2 0 6.4 0 12.8
Action.c(140):      0 16 0 32 0 44.8 6.4 6.4 3.2 12.8 6.4 16 9.6s9.6 9.6 9.6 16v0 0c3.2 9.6 6.4 16 6.4 22.4s-
Action.c(140):     3.2 19.2-9.6 28.8z",\n
Action.c(140):             "M1859.2 214.4h-128v550.4h128v-12
Action.c(140): t=21091ms: 12288-byte DECODED response body for "https://stage.peapod.com/shop/images/icons/PeapodIcons.json" (RelFrameId=1, Internal ID=13)
Action.c(140):     .8z",\n
Action.c(140):             "M2460.8 214.4h-128v112h25.6l-19.2 76.8 16 3.2c3.2 0 9.6 0 12.8 0 6.4 0 12.8 0 19.
Action.c(140):     2-3.2 9.6-3.2 16-6.4 22.4-12.8s12.8-9.6 16-16v0 0c16-19.2 22.4-41.6 28.8-64 3.2-22.4 6.4-4
Action.c(140):     4.8 6.4-67.2 0-6.4 0-12.8 0-16l-0-12.8z",\n
Action.c(140):             "M2796.8 720c0-22.4 16-38.4 38.4-38.4s38.4 16 38.4 38.4c0 22.4-16 38.4-38.4 38.4s-
Action.c(140):     38.4-16-38.4-38.4zM2835.2 764.8c25.6 0 48-19.2 48-48 0-25.6-22.4-44.8-48-44.8s-48 19.2-48 
Action.c(140):     44.8c0 28.8 22.4 48 48 48zM2822.4 723.2h9.6l12.8 22.4h9.6l-16-22.4c6.4 0 12.8-6.4 12.8-16s
Action.c(140):     -6.4-16-19.2-16h-16v54.4h9.6v-22.4zM2822.4 716.8v-16h9.6c6.4 0 12.8 0 12.8 6.4 0 9.6-6.4 9
Action.c(140):     .6-12.8 9.6h-9.6z",\n
Action.c(140):             "M3721.6 480l-102.4-265.6h-131.2l102.4 268.8-102.4 281.6h128l105.6-284.8z",\n
Action.c(140):             "M3203.2 764.8c201.6 0 294.4-86.4 294.4-275.2s-92.8-275.2-294.4-275.2h-240v550.4h2
Action.c(140):     40zM3136 348.8h60.8c86.4 0 128 44.8 128 140.8s-41.6 140.8-128 140.8h-60.8v-281.6zM4262.4 7
Action.c(140):     64.8l-115.2-192c60.8-19.2 92.8-73.6 92.8-160 0-131.2-73.6-201.6-214.4-201.6h-268.8v550.4h1
Action.c(140):     72.8v-166.4h51.2l92.8 166.4h188.8v3.2zM4003.2 467.2h-73.6v-118.4h73.6c41.6 0 64 22.4 64 64
Action.c(140):      3.2 35.2-19.2 54.4-64 54.4v0zM4745.6 348.8v-134.4h-451.2v550.4h451.2v-134.4h-278.4v-73.6h
Action.c(140):     246.4v-134.4h-246.4v-73.6l278.4 0zM5187.2 563.2c-25.6 44.8-64 70.4-115.2 70.4-92.8 0-137.6
Action.c(140):     -48-137.6-144s44.8-144 131.2-144c57.6 0 99.2 25.6 124.8 70.4l147.2-57.6c-44.8-99.2-147.2-1
Action.c(140):     53.6-268.8-153.6-201.6 0-304 99.2-304 284.8s102.4 284.8 304 284.8c131.2 0 230.4-51.2 268.8
Action.c(140):     -153.6l-150.4-57.6zM5779.2 214.4h-467.2v134.4h147.2v416h172.8v-416h147.2v-134.4z",\n
Action.c(140):             "M5705.6 716.8h9.6c6.4 0 9.6 3.2 9.6 6.4 0 6.4-3.2 6.4-9.6 6.4h-6.4v-12.8h-3.2zM57
Action.c(140):     05.6 732.8h6.4l12.8 19.2h6.4l-12.8-19.2c6.4 0 9.6-3.2 9.6-12.8s-6.4-12.8-16-12.8h-16v41.6h
Action.c(140):     6.4v-16h3.2zM5712 761.6c-16 0-28.8-12.8-28.8-32 0-16 12.8-32 28.8-32s28.8 12.8 28.8 32c0 1
Action.c(140):     9.2-12.8 32-28.8 32v0zM5712 768c19.2 0 35.2-16 35.2-35.2s-16-35.2-35.2-35.2c-19.2 0-35.2 1
Action.c(140):     6-35.2 35.2-3.2 19.2 16 35.2 35.2 35.2v0z",\n
Action.c(140):             "M5894.4 400v112h19.2v-32c6.4 6.4 9.6 9.6 19.2 9.6s19.2-9.6 19.2-22.4v-41.6c0-16-6
Action.c(140):     .4-22.4-19.2-22.4-9.6 0-12.8 3.2-19.2 9.6v0-9.6h-19.2v-3.2zM5913.6 419.2c3.2-3.2 6.4-3.2 9
Action.c(140):     .6-3.2s9.6 3.2 9.6 12.8v32c0 12.8-3.2 12.8-9.6 12.8-3.2 0-6.4-3.2-9.6-3.2v-51.2zM6006.4 46
Action.c(140):     0.8c0 9.6-3.2 12.8-9.6 12.8s-9.6-3.2-9.6-12.8v-32c0-9.6 3.2-12.8 9.6-12.8s9.6 3.2 9.6 12.8
Action.c(140):     v32zM5968 457.6c0 19.2 6.4 32 28.8 32 19.2 0 28.8-12.8 28.8-32v-25.6c0-19.2-6.4-32-28.8-32
Action.c(140):     -19.2 0-28.8 12.8-28.8 32v25.6zM6064 454.4v0l-9.6-54.4h-16l16 86.4h12.8l12.8-54.4 9.6 54.4
Action.c(140):     h12.8l19.2-86.4h-16l-9.6 54.4-9.6-54.4h-12.8l-9.6 54.4zM6156.8 432v-3.2c0-9.6 3.2-12.8 9.6
Action.c(140):     -12.8s9.6 3.2 9.6 12.8v3.2h-19.2zM6195.2 432c0-19.2-6.4-32-28.8-32-19.2 0-28.8 12.8-28.8 3
Action.c(140):     2v25.6c0 19.2 6.4 32 28.8 32 19.2 0 28.8-12.8 28.8-32h-19.2v3.2c0 9.6-3.2 12.8-9.6 12.8s-9
Action.c(140):     .6-3.2-9.6-12.8v-12.8h38.4v-16h0zM6233.6 486.4v-57.6c0-6.4 6.4-12.8 12.8-12.8s9.6 0 12.8 3
Action.c(140):     .2v-19.2h-3.2c-9.6 0-16 3.2-19.2 12.8v0-9.6h-16v86.4h12.8v-3.2zM6291.2 432v-3.2c0-9.6 3.2-
Action.c(140):     12.8 9.6-12.8s9.6 3.2 9.6 12.8v3.2h-19.2zM6326.4 432c0-19.2-6.4-32-28.8-32-19.2 0-28.8 12.
Action.c(140):     8-28.8 32v25.6c0 19.2 6.4 32 28.8 32 19.2 0 28.8-12.8 28.8-32h-19.2v3.2c0 9.6-3.2 12.8-9.6
Action.c(140):      12.8s-9.6-3.2-9.6-12.8v-12.8h38.4v-16h0zM6403.2 486.4v-115.2h-19.2v35.2c-6.4-6.4-9.6-9.6-
Action.c(140):     19.2-9.6s-19.2 9.6-19.2 22.4v41.6c0 16 6.4 22.4 19.2 22.4 9.6 0 12.8-3.2 19.2-9.6v0 9.6h19
Action.c(140):     .2v3.2zM6384 470.4c-3.2 3.2-6.4 3.2-9.6 3.2s-9.6-3.2-9.6-12.8v-32c0-12.8 3.2-12.8 9.6-12.8
Action.c(140):      3.2 0 6.4 3.2 9.6 3.2v51.2zM6480 486.4v-9.6c6.4 6.4 9.6 9.6 19.2 9.6s19.2-9.6 19.2-22.4v-
Action.c(140):     41.6c0-16-6.4-22.4-19.2-22.4-6.4 0-12.8 3.2-19.2 9.6v-35.2h-16v115.2h16v-3.2zM6483.2 419.2
Action.c(140):     c3.2-3.2 6.4-3.2 9.6-3.2s9.6 3.2 9.6 12.8v32c0 12.8-3.2 12.8-9.6 12.8-3.2 0-6.4-3.2-9.6-3.
Action.c(140):     2v-51.2zM6563.2 454.4v0l-12.8-54.4h-19.2l19.2 73.6c0 3.2 3.2 6.4 3.2 12.8 0 9.6-3.2 12.8-1
Action.c(140):     2.8 12.8h-3.2v12.8h6.4c12.8 0 19.2-6.4 25.6-19.2l22.4-92.8h-19.2l-9.6 54.4z",\n
Action.c(140):             "M5929.6 732.8v-48c0-3.2 0-6.4 3.2-6.4s12.8 6.4 35.2 3.2c28.8-3.2 51.2-25.6 51.2-5
Action.c(140):     7.6 0-38.4-22.4-57.6-67.2-57.6-16 0-28.8 0-38.4 0h-6.4c-19.2 0-28.8 0-28.8 0-6.4 0-6.4 0-6
Action.c(140):     .4 3.2 0 6.4 6.4 3.2 16 6.4 9.6 0 9.6 3.2 9.6 12.8v140.8c0 16 0 19.2-12.8 22.4-9.6 0-16 0-
Action.c(140):     16 6.4 0 3.2 3.2 6.4 9.6 6.4s16-3.2 35.2-3.2c19.2 0 32 3.2 38.4 3.2s9.6-3.2 9.6-6.4c0-6.4-
Action.c(140):     6.4-3.2-16-6.4-16 0-16-3.2-16-19.2zM5929.6 592c0-12.8 3.2-16 19.2-16 19.2 0 35.2 19.2 35.2
Action.c(140):      48 0 25.6-12.8 48-32 48-12.8 0-19.2-3.2-19.2-12.8v-67.2h-3.2z",\n
Action.c(140):             "M6057.6 691.2v0c0-6.4 0-6.4 3.2-6.4h83.2c9.6 0 12.8 0 12.8-6.4 0-25.6-22.4-57.6-6
Action.c(140):     0.8-57.6-44.8 0-76.8 28.8-76.8 73.6s28.8 73.6 70.4 73.6c22.4 0 38.4-6.4 54.4-19.2 6.4-6.4 
Action.c(140):     9.6-9.6 9.6-12.8s0-3.2-3.2-3.2-16 19.2-44.8 19.2c-28.8-0-48-28.8-48-60.8zM6092.8 675.2h-25
Action.c(140):     .6c-3.2 0-3.2 0-3.2-3.2v0-6.4c3.2-16 9.6-35.2 38.4-35.2 22.4 0 25.6 16 25.6 28.8-3.2 16-12
Action.c(140):     .8 16-35.2 16z",\n
Action.c(140):             "M6284.8 729.6v-73.6c0-25.6-6.4-35.2-38.4-35.2-41.6 0-70.4 25.6-70.4 44.8 0 3.2 3.
Action.c(140):     2 6.4 6.4 6.4 16 0 19.2-6.4 25.6-19.2s12.8-19.2 28.8-19.2c12.8 0 16 6.4 16 25.6v12.8c0 3.2
Action.c(140):      0 6.4-3.2 6.4l-9.6 3.2c-41.6 16-60.8 28.8-60.8 54.4 0 16 6.4 35.2 28.8 35.2 12.8 0 25.6-6
Action.c(140):     .4 38.4-16l9.6-6.4h3.2c6.4 12.8 16 22.4 25.6 22.4 16 0 35.2-16 35.2-22.4 0-3.2 0-3.2-3.2-3
Action.c(140):     .2s-9.6 6.4-16 6.4c-12.8-3.2-16-9.6-16-22.4zM6252.8 723.2c0 16-12.8 28.8-28.8 28.8s-19.2-1
Action.c(140):     2.8-19.2-25.6c0-12.8 9.6-28.8 25.6-35.2l12.8-6.4c3.2 0 3.2 0 3.2 0s3.2 0 3.2 3.2v35.2h3.2z
Action.c(140):     ",\n
Action.c(140):             "M6361.6 764.8v0c12.8 3.2 22.4 6.4 35.2 6.4 48 0 80-32 80-80 0-41.6-28.8-70.4-64-7
Action.c(140):     0.4-16 0-28.8 6.4-44.8 19.2l-3.2 3.2c0 0-3.2 0-3.2 0s0 0 0-3.2v-16c0-3.2 0-6.4-3.2-6.4s-9.
Action.c(140):     6 9.6-28.8 16c-9.6 6.4-19.2 6.4-19.2 9.6 0 6.4 6.4 3.2 9.6 6.4 6.4 3.2 6.4 6.4 6.4 12.8v14
Action.c(140):     0.8c0 9.6 0 12.8-9.6 12.8-9.6 3.2-16 0-16 6.4 0 3.2 3.2 3.2 6.4 3.2 6.4 0 16-3.2 32-3.2 12
Action.c(140):     .8 0 25.6 3.2 35.2 3.2 6.4 0 6.4-3.2 6.4-3.2 0-6.4-6.4-3.2-16-6.4-6.4-3.2-9.6-3.2-9.6-12.8
Action.c(140):     v-38.4h6.4zM6361.6 675.2c0-22.4 9.6-32 32-32 32 0 51.2 22.4 51.2 57.6s-22.4 60.8-51.2 60.8
Action.c(140):     c-19.2 0-32-9.6-32-28.8v-57.6z",\n
Action.c(140):             "M6774.4 585.6v38.4c0 3.2 0 3.2-3.2 3.2v0h-6.4c-6.4-3.2-16-3.2-25.6-3.2-44.8 0-80 
Action.c(140):     32-80 76.8 0 41.6 32 73.6 70.4 73.6 25.6 0 41.6-12.8 41.6-12.8 3.2 0 3.2 12.8 9.6 12.8 3.2
Action.c(140):      0 12.8-6.4 35.2-12.8 6.4-3.2 9.6-3.2 9.6-9.6 0-3.2-3.2-6.4-3.2-6.4-3.2 0-6.4 6.4-12.8 6.4
Action.c(140):     -3.2 0-6.4-3.2-6.4-12.8v-163.2c0-9.6 0-16 0-22.4 0-3.2 0-6.4-3.2-6.4s-9.6 6.4-28.8 12.8c-9
Action.c(140):     .6 3.2-19.2 3.2-19.2 9.6 0 3.2 6.4 3.2 12.8 6.4 9.6 0 9.6 0 9.6 9.6zM6774.4 726.4c0 22.4 0
Action.c(140):      32-25.6 32-35.2 0-54.4-22.4-54.4-57.6 0-41.6 22.4-67.2 48-67.2s32 16 32 48v44.8z",\n
Action.c(140):             "M6835.2 534.4c0-9.6 6.4-16 16-16s16 6.4 16 16c0 9.6-6.4 16-16 16s-16-6.4-16-16zM6
Action.c(140):     832 534.4c0 9.6 6.4 19.2 19.2 19.2 9.6 0 19.2-6.4 19.2-19.2 0-9.6-6.4-19.2-19.2-19.2-12.8 
Action.c(140):     3.2-19.2 9.6-19.2 19.2z",\n
Action.c(140):             "M6844.8 547.2v-9.6h3.2c0 0 0 0 0 0s0 0 0 0 0 0 0 0 0 0 3.2 3.2l3.2 3.2h3.2l-3.2-6
Action.c(140):     .4c0 0 0-3.2-3.2-3.2 0 0 0 0-3.2 0 3.2 0 3.2 0 3.2-3.2 0 0 0-3.2 0-3.2s0-3.2 0-3.2c0 0 0 0
Action.c(140):     -3.2-3.2 0 0-3.2 0-3.2 0h-9.6l9.6 25.6zM6844.8 528h6.4c0 0 3.2 0 3.2 0s0 0 0 3.2c0 0 0 0 0
Action.c(140):      3.2 0 0 0 0 0 0s-3.2 0-3.2 0h-6.4v-6.4z",\n
Action.c(140):             "M6649.6 694.4c0 44.8-35.2 80-80 80s-80-35.2-80-80c0-44.8 35.2-80 80-80s80 35.2 80
Action.c(140):      80z"\n
Action.c(140):           ],\n
Action.c(140):           "attrs": [\n
Action.c(140):             {\n
Action.c(140):               "fill": "rgb(234, 0, 41)"\n
Action.c(140):             },\n
Action.c(140):             {\n
Action.c(140):               "fill": "rgb(234, 0, 41)"\n
Action.c(140):             },\n
Action.c(140):             {\n
Action.c(140):               "fill": "rgb(234, 0, 41)"\n
Action.c(140):             },\n
Action.c(140):             {\n
Action.c(140):               "fill": "rgb(234, 0, 41)"\n
Action.c(140):             },\n
Action.c(140):             {\n
Action.c(140):               "fill": "rgb(234, 0, 41)"\n
Action.c(140):             },\n
Action.c(140):             {\n
Action.c(140):               "fill": "rgb(234, 0, 41)"\n
Action.c(140):             },\n
Action.c(140):             {\n
Action.c(140):               "fill": "rgb(234, 0, 41)"\n
Action.c(140):             },\n
Action.c(140):             {\n
Action.c(140):               "fill": "rgb(234, 0, 41)"\n
Action.c(140):             },\n
Action.c(140):             {\n
Action.c(140):               "fill": "rgb(97, 166, 14)"\n
Action.c(140):             },\n
Action.c(140):             {\n
Action.c(140):               "fill": "rgb(35, 31, 32)"\n
Action.c(140):             },\n
Action.c(140):             {\n
Action.c(140):               "fill": "rgb(35, 31, 32)"\n
Action.c(140):             },\n
Action.c(140):             {\n
Action.c(140):               "fill": "rgb(97, 166, 14)"\n
Action.c(140):             },\n
Action.c(140):             {\n
Action.c(140):               "fill": "rgb(106, 171, 35)"\n
Action.c(140):             },\n
Action.c(140):             {\n
Action.c(140):               "fill": "rgb(106, 171, 35)"\n
Action.c(140):             },\n
Action.c(140):             {\n
Action.c(140):               "fill": "rgb(106, 171, 35)"\n
Action.c(140):             },\n
Action.c(140):             {\n
Action.c(140):               "fill": "rgb(106, 171, 35)"\n
Action.c(140):             },\n
Action.c(140):             {\n
Action.c(140):               "fill": "rgb(106, 171, 35)"\n
Action.c(140):             },\n
Action.c(140):             {\n
Action.c(140):               "fill": "rgb(106, 171, 35)"\n
Action.c(140):             },\n
Action.c(140):             {\n
Action.c(140):               "fill": "rgb(106, 171, 35)"\n
Action.c(140):             },\n
Action.c(140):             {\n
Action.c(140):               "fill": "rgb(106, 171, 35)"\n
Action.c(140):             }\n
Action.c(140):           ],\n
Action.c(140):           "width": 6880,\n
Action.c(140):           "isMulticolor": true,\n
Action.c(140):           "grid": 32,\n
Action.c(140):           "tags": [\n
Action.c(140):             "martins-direct-logo"\n
Action.c(140):           ]\n
Action.c(140):         },\n
Action.c(140):         {\n
Action.c(140):           "paths": [\n
Action.c(140):             "M2592 739.2v-16h9.6c6.4 0 9.6 0 9.6 6.4s-6.4 9.6-12.8 9.6h-6.4zM2592 745.6h9.6l12
Action.c(140):     .8 22.4h9.6l-16-22.4c6.4 0 12.8-6.4 12.8-12.8 0-9.6-6.4-16-19.2-16h-19.2v51.2h9.6v-22.4zM2
Action.c(140):     601.6 787.2c25.6 0 44.8-19.2 44.8-44.8s-19.2-44.8-44.8-44.8c-25.6 0-44.8 19.2-44.8 44.8s22
Action.c(140):     .4 44.8 44.8 44.8v0zM2566.4 742.4c0-22.4 16-38.4 35.2-38.4s35.2 16 35.2 38.4c0 22.4-16 38.
Action.c(140):     4-35.2 38.4s-35.2-16-35.2-38.4v0z",\n
Action.c(140):             "M1984 211.2v307.2l-176-265.6c-12.8-22.4-38.4-38.4-54.4-48v0c-48-19.2-92.8-3.2-118
Action.c(140):     .4 16-35.2 28.8-48 83.2-48 112v448h166.4v-310.4l204.8 310.4h192v-3.2c0-3.2 0-272 0-406.4h1
Action.c(140):     79.2v412.8h182.4v-406.4h172.8v-166.4h-700.8zM1337.6 297.6l-22.4-44.8c-16-25.6-44.8-44.8-76
Action.c(140):     .8-51.2-41.6-9.6-92.8 12.8-115.2 48-22.4 28.8-230.4 512-240 534.4l-3.2 3.2h185.6l150.4-377
Action.c(140):     .6 89.6 211.2h-124.8v163.2h368c3.2 0 9.6 0 9.6-3.2 0 0 0-3.2 0-6.4l-220.8-476.8zM281.6 374
Action.c(140):     .4h320v-163.2h-307.2c-83.2 0-144 22.4-198.4 76.8-80 76.8-105.6 195.2-70.4 307.2 32 102.4 1
Action.c(140):     28 182.4 224 192h348.8v-294.4h-166.4v134.4h-160c-19.2 0-38.4-12.8-48-25.6-28.8-35.2-44.8-8
Action.c(140):     6.4-41.6-115.2 9.6-54.4 60.8-112 99.2-112v0zM659.2 211.2h185.6v579.2h-185.6v-579.2z",\n
Action.c(140):             "M3651.2 489.6l-105.6-278.4h-137.6l108.8 278.4-108.8 294.4h134.4l108.8-294.4z",\n
Action.c(140):             "M3113.6 784c208 0 304-89.6 304-284.8s-96-284.8-304-284.8h-249.6v569.6h249.6zM3046
Action.c(140):     .4 352h60.8c89.6 0 131.2 44.8 131.2 147.2 0 99.2-41.6 144-131.2 144h-60.8v-291.2zM4211.2 7
Action.c(140):     84l-118.4-198.4c64-19.2 96-73.6 96-163.2 0-137.6-76.8-208-220.8-208h-278.4v569.6h179.2v-17
Action.c(140):     2.8h54.4l96 172.8h192zM3945.6 473.6h-76.8v-121.6h76.8c44.8 0 67.2 22.4 67.2 64 0 38.4-22.4
Action.c(140):      57.6-67.2 57.6v0zM4713.6 352v-140.8h-470.4v569.6h470.4v-140.8h-288v-76.8h256v-140.8h-256v
Action.c(140):     -70.4h288zM5171.2 572.8c-25.6 48-67.2 73.6-118.4 73.6-96 0-144-51.2-144-147.2 0-99.2 48-15
Action.c(140):     0.4 134.4-150.4 60.8 0 102.4 25.6 128 73.6l150.4-60.8c-48-102.4-150.4-156.8-278.4-156.8-20
Action.c(140):     8 0-316.8 102.4-316.8 294.4s108.8 294.4 316.8 294.4c134.4 0 240-54.4 278.4-156.8l-150.4-64
Action.c(140):     zM5785.6 211.2h-486.4v140.8h153.6v432h179.2v-432h153.6v-140.8h-0z",\n
Action.c(140):             "M5708.8 732.8h9.6c6.4 0 9.6 3.2 9.6 6.4 0 6.4-3.2 6.4-12.8 6.4h-6.4v-12.8h-0zM570
Action.c(140):     8.8 752h6.4l12.8 19.2h9.6l-12.8-19.2c6.4 0 9.6-3.2 9.6-12.8s-6.4-12.8-16-12.8h-16v44.8h6.4
Action.c(140):     v-19.2zM5715.2 780.8c-16 0-32-12.8-32-32s12.8-32 32-32c16 0 32 12.8 32 32s-16 32-32 32v0zM
Action.c(140):     5715.2 787.2c19.2 0 38.4-16 38.4-38.4s-16-38.4-38.4-38.4c-19.2 0-38.4 16-38.4 38.4s19.2 38
Action.c(140):     .4 38.4 38.4v0z",\n
Action.c(140):             "M5900.8 409.6v112h19.2v-35.2c6.4 6.4 9.6 9.6 19.2 9.6s19.2-9.6 19.2-22.4v-41.6c0-
Action.c(140):     16-6.4-22.4-19.2-22.4-9.6 0-12.8 3.2-19.2 9.6v0-9.6l-19.2-0zM5916.8 425.6c3.2-3.2 6.4-3.2 
Action.c(140):     9.6-3.2s9.6 3.2 9.6 12.8v32c0 12.8-3.2 12.8-9.6 12.8-3.2 0-6.4-3.2-9.6-3.2v-51.2zM6012.8 4
Action.c(140):     67.2c0 9.6-3.2 12.8-9.6 12.8s-9.6-3.2-9.6-12.8v-32c0-9.6 3.2-12.8 9.6-12.8s9.6 3.2 9.6 12.
Action.c(140):     8v32zM5974.4 464c0 19.2 6.4 32 28.8 32 19.2 0 28.8-12.8 28.8-32v-25.6c0-19.2-6.4-32-28.8-3
Action.c(140):     2-19.2 0-28.8 12.8-28.8 32v25.6zM6067.2 464v0l-9.6-54.4h-16l16 86.4h12.8l12.8-54.4 9.6 54.
Action.c(140):     4h12.8l19.2-86.4h-12.8l-9.6 54.4-9.6-54.4h-12.8l-12.8 54.4zM6160 441.6v-3.2c0-9.6 3.2-12.8
Action.c(140):      9.6-12.8s9.6 3.2 9.6 12.8v3.2h-19.2zM6198.4 438.4c0-19.2-6.4-32-28.8-32-19.2 0-28.8 12.8-
Action.c(140):     28.8 32v25.6c0 19.2 6.4 32 28.8 32 19.2 0 28.8-12.8 28.8-32h-19.2v3.2c0 9.6-3.2 12.8-9.6 1
Action.c(140):     2.8s-9.6-3.2-9.6-12.8v-12.8h38.4v-16h0zM6236.8 496v-57.6c0-6.4 6.4-12.8 12.8-12.8s9.6 0 12
Action.c(140):     .8 3.2v-19.2h-3.2c-9.6 0-16 3.2-19.2 12.8v0-9.6h-16v86.4h12.8v-3.2zM6294.4 441.6v-3.2c0-9.
Action.c(140):     6 3.2-12.8 9.6-12.8s9.6 3.2 9.6 12.8v3.2h-19.2zM6332.8 438.4c0-19.2-6.4-32-28.8-32s-28.8 1
Action.c(140):     2.8-28.8 32v25.6c0 19.2 6.4 32 28.8 32 19.2 0 28.8-12.8 28.8-32h-19.2v3.2c0 9.6-3.2 12.8-9
Action.c(140):     .6 12.8s-9.6-3.2-9.6-12.8v-12.8h38.4v-16h0zM6406.4 496v-115.2h-19.2v35.2c-6.4-6.4-9.6-9.6-
Action.c(140):     19.2-9.6s-19.2 9.6-19.2 22.4v41.6c0 16 6.4 22.4 19.2 22.4 9.6 0 12.8-3.2 19.2-9.6v0 9.6h19
Action.c(140):     .2v3.2zM6390.4 476.8c-3.2 3.2-6.4 3.2-9.6 3.2s-9.6-3.2-9.6-12.8v-32c0-12.8 3.2-12.8 9.6-12
Action.c(140):     .8 3.2 0 6.4 3.2 9.6 3.2v51.2zM6486.4 496v-9.6c6.4 6.4 9.6 9.6 19.2 9.6s19.2-9.6 19.2-22.4
Action.c(140):     v-41.6c0-16-6.4-22.4-19.2-22.4-6.4 0-12.8 3.2-19.2 9.6v-35.2h-19.2v115.2h19.2v-3.2zM6486.4
Action.c(140):      425.6c3.2-3.2 6.4-3.2 9.
Action.c(140): t=21121ms: 6343-byte DECODED response body for "https://stage.peapod.com/shop/images/icons/PeapodIcons.json" (RelFrameId=1, Internal ID=13)
Action.c(140):     6-3.2s9.6 3.2 9.6 12.8v32c0 12.8-3.2 12.8-9.6 12.8-3.2 0-6.4-3.2-9.6-3.2v-51.2zM6566.4 464
Action.c(140):     v0l-12.8-54.4h-19.2l19.2 73.6c0 3.2 3.2 6.4 3.2 12.8 0 9.6-3.2 12.8-12.8 12.8h-3.2v16h6.4c
Action.c(140):     12.8 0 19.2-6.4 25.6-19.2l22.4-92.8h-19.2l-9.6 51.2z",\n
Action.c(140):             "M5936 742.4v-48c0-3.2 0-6.4 3.2-6.4s12.8 6.4 35.2 3.2c28.8-3.2 51.2-25.6 51.2-57.
Action.c(140):     6 0-38.4-22.4-57.6-67.2-57.6-16 0-28.8 0-38.4 0h-6.4c-19.2 0-28.8 0-28.8 0-6.4 0-6.4 0-6.4
Action.c(140):      3.2 0 6.4 6.4 3.2 16 6.4 9.6 0 9.6 3.2 9.6 12.8v140.8c0 16 0 19.2-12.8 22.4-9.6 0-16 0-16
Action.c(140):      6.4 0 3.2 3.2 6.4 9.6 6.4s16-3.2 35.2-3.2c19.2 0 32 3.2 38.4 3.2s9.6-3.2 9.6-6.4c0-6.4-6.
Action.c(140):     4-3.2-16-6.4-16 0-16-6.4-16-19.2zM5936 601.6c0-12.8 3.2-16 19.2-16 19.2 0 35.2 19.2 35.2 4
Action.c(140):     8 0 25.6-12.8 48-32 48-12.8 0-19.2-3.2-19.2-12.8v-67.2h-3.2z",\n
Action.c(140):             "M6064 700.8v0c0-6.4 0-6.4 3.2-6.4h83.2c9.6 0 12.8 0 12.8-6.4 0-25.6-22.4-57.6-60.
Action.c(140):     8-57.6-44.8 0-76.8 28.8-76.8 73.6s28.8 73.6 70.4 73.6c22.4 0 38.4-6.4 54.4-19.2 6.4-6.4 9.
Action.c(140):     6-9.6 9.6-12.8s0-3.2-3.2-3.2-16 19.2-44.8 19.2c-28.8 0-48-28.8-48-60.8zM6096 684.8h-25.6c-
Action.c(140):     3.2 0-3.2 0-3.2-3.2v0-6.4c3.2-16 9.6-35.2 38.4-35.2 22.4 0 25.6 16 25.6 28.8 0 16-9.6 16-3
Action.c(140):     5.2 16z",\n
Action.c(140):             "M6291.2 739.2v-73.6c0-25.6-6.4-35.2-38.4-35.2-41.6 0-70.4 25.6-70.4 44.8 0 3.2 3.
Action.c(140):     2 6.4 6.4 6.4 16 0 19.2-6.4 25.6-19.2s12.8-19.2 28.8-19.2c12.8 0 16 6.4 16 25.6v12.8c0 3.2
Action.c(140):      0 6.4-3.2 6.4l-9.6 3.2c-41.6 16-60.8 28.8-60.8 54.4 0 16 6.4 35.2 28.8 35.2 12.8 0 25.6-6
Action.c(140):     .4 38.4-16l9.6-6.4h3.2c6.4 12.8 16 22.4 25.6 22.4 16 0 35.2-16 35.2-22.4 0-3.2 0-3.2-3.2-3
Action.c(140):     .2s-9.6 6.4-16 6.4c-16-3.2-16-9.6-16-22.4zM6259.2 732.8c0 16-12.8 28.8-28.8 28.8s-19.2-12.
Action.c(140):     8-19.2-25.6c0-12.8 9.6-28.8 25.6-35.2l12.8-6.4c3.2 0 3.2 0 3.2 0s3.2 0 3.2 3.2v35.2h3.2z",
Action.c(140):     \n
Action.c(140):             "M6368 774.4v0c12.8 3.2 22.4 6.4 35.2 6.4 48 0 80-32 80-80 0-41.6-28.8-70.4-64-70.
Action.c(140):     4-16 0-28.8 6.4-44.8 19.2l-3.2 3.2c0 0-3.2 0-3.2 0s0 0 0-3.2v-16c0-3.2 0-6.4-3.2-6.4s-9.6 
Action.c(140):     9.6-28.8 16c-9.6 6.4-19.2 6.4-19.2 9.6 0 6.4 6.4 3.2 9.6 6.4 6.4 3.2 6.4 6.4 6.4 12.8v140.
Action.c(140):     8c0 9.6 0 12.8-9.6 12.8-9.6 3.2-16 0-16 6.4 0 3.2 3.2 3.2 6.4 3.2 6.4 0 16-3.2 32-3.2 12.8
Action.c(140):      0 25.6 3.2 35.2 3.2 6.4 0 6.4-3.2 6.4-3.2 0-6.4-6.4-3.2-16-6.4-6.4-3.2-9.6-3.2-9.6-12.8v-
Action.c(140):     38.4h6.4zM6368 681.6c0-22.4 9.6-32 32-32 32 0 51.2 22.4 51.2 57.6s-22.4 60.8-51.2 60.8c-19
Action.c(140):     .2 0-32-9.6-32-28.8v-57.6z",\n
Action.c(140):             "M6780.8 592v38.4c0 3.2 0 3.2-3.2 3.2v0h-6.4c-6.4-3.2-16-3.2-25.6-3.2-44.8 0-80 32
Action.c(140):     -80 76.8 0 41.6 32 73.6 70.4 73.6 25.6 0 41.6-12.8 41.6-12.8 3.2 0 3.2 12.8 9.6 12.8 3.2 0
Action.c(140):      12.8-6.4 35.2-12.8 6.4-3.2 9.6-3.2 9.6-9.6 0-3.2-3.2-6.4-3.2-6.4-3.2 0-6.4 6.4-12.8 6.4-3
Action.c(140):     .2 0-6.4-3.2-6.4-12.8v-163.2c0-9.6 0-16 0-22.4 0-3.2 0-6.4-3.2-6.4s-9.6 6.4-28.8 12.8c-9.6
Action.c(140):      3.2-19.2 3.2-19.2 9.6 0 3.2 6.4 3.2 12.8 6.4 9.6-0 9.6 3.2 9.6 9.6zM6780.8 732.8c0 22.4 0
Action.c(140):      32-25.6 32-35.2 0-54.4-22.4-54.4-57.6 0-41.6 22.4-67.2 48-67.2s32 16 32 48v44.8z",\n
Action.c(140):             "M6838.4 544c0-9.6 6.4-16 16-16s16 6.4 16 16c0 9.6-6.4 16-16 16s-16-6.4-16-16zM683
Action.c(140):     5.2 544c0 9.6 6.4 19.2 19.2 19.2 9.6 0 19.2-6.4 19.2-19.2 0-9.6-6.4-19.2-19.2-19.2-9.6 3.2
Action.c(140):     -19.2 9.6-19.2 19.2z",\n
Action.c(140):             "M6848 553.6v-9.6h3.2c0 0 0 0 0 0s0 0 0 0 0 0 0 0 0 0 3.2 3.2l3.2 3.2h3.2l-3.2-6.4
Action.c(140):     c0 0 0-3.2-3.2-3.2 0 0 0 0-3.2 0 3.2 0 3.2 0 3.2-3.2 0 0 0-3.2 0-3.2s0-3.2 0-3.2c0 0 0 0-3
Action.c(140):     .2-3.2 0 0-3.2 0-3.2 0h-9.6l9.6 25.6zM6848 537.6h6.4c0 0 3.2 0 3.2 0s0 0 0 3.2c0 0 0 0 0 3
Action.c(140):     .2 0 0 0 0 0 0s-3.2 0-3.2 0h-6.4v-6.4z",\n
Action.c(140):             "M6652.8 700.8c0 44.8-35.2 80-80 80s-80-35.2-80-80c0-44.8 35.2-80 80-80 44.8 3.2 8
Action.c(140):     0 38.4 80 80z"\n
Action.c(140):           ],\n
Action.c(140):           "attrs": [\n
Action.c(140):             {\n
Action.c(140):               "fill": "rgb(234, 0, 41)"\n
Action.c(140):             },\n
Action.c(140):             {\n
Action.c(140):               "fill": "rgb(234, 0, 41)"\n
Action.c(140):             },\n
Action.c(140):             {\n
Action.c(140):               "fill": "rgb(97, 166, 14)"\n
Action.c(140):             },\n
Action.c(140):             {\n
Action.c(140):               "fill": "rgb(35, 31, 32)"\n
Action.c(140):             },\n
Action.c(140):             {\n
Action.c(140):               "fill": "rgb(35, 31, 32)"\n
Action.c(140):             },\n
Action.c(140):             {\n
Action.c(140):               "fill": "rgb(97, 166, 14)"\n
Action.c(140):             },\n
Action.c(140):             {\n
Action.c(140):               "fill": "rgb(106, 171, 35)"\n
Action.c(140):             },\n
Action.c(140):             {\n
Action.c(140):               "fill": "rgb(106, 171, 35)"\n
Action.c(140):             },\n
Action.c(140):             {\n
Action.c(140):               "fill": "rgb(106, 171, 35)"\n
Action.c(140):             },\n
Action.c(140):             {\n
Action.c(140):               "fill": "rgb(106, 171, 35)"\n
Action.c(140):             },\n
Action.c(140):             {\n
Action.c(140):               "fill": "rgb(106, 171, 35)"\n
Action.c(140):             },\n
Action.c(140):             {\n
Action.c(140):               "fill": "rgb(106, 171, 35)"\n
Action.c(140):             },\n
Action.c(140):             {\n
Action.c(140):               "fill": "rgb(106, 171, 35)"\n
Action.c(140):             },\n
Action.c(140):             {\n
Action.c(140):               "fill": "rgb(106, 171, 35)"\n
Action.c(140):             }\n
Action.c(140):           ],\n
Action.c(140):           "width": 6880,\n
Action.c(140):           "isMulticolor": true,\n
Action.c(140):           "grid": 32,\n
Action.c(140):           "tags": [\n
Action.c(140):             "giant-direct-logo"\n
Action.c(140):           ]\n
Action.c(140):         },\n
Action.c(140):         {\n
Action.c(140):           "paths": [\n
Action.c(140):             "M1264 92.8c0 0 96 96 115.2 166.4 44.8 147.2 147.2 448 147.2 448v-649.6h288c80 0 1
Action.c(140):     50.4 73.6 166.4 92.8v-92.8h524.8l38.4 48v-48h188.8l54.4 70.4c32-48 89.6-80 153.6-70.4 86.4
Action.c(140):      16 131.2 89.6 166.4 147.2l64 121.6v-268.8h195.2l32 32v-32h188.8l60.8 86.4c25.6-35.2 89.6-
Action.c(140):     86.4 137.6-86.4h224l70.4 76.8v192h-265.6c-22.4 0-19.2 16-16 32 16 32 67.2 38.4 80 44.8 121
Action.c(140):     .6 22.4 211.2 121.6 233.6 236.8l3.2 54.4c-9.6 105.6-134.4 252.8-220.8 252.8 0 0-179.2 0-18
Action.c(140):     2.4 0 0 0-76.8-80-76.8-80v-179.2h185.6c22.4 0 38.4-22.4 44.8-32 3.2-3.2 12.8-25.6-3.2-44.8
Action.c(140):     -28.8-28.8-64-44.8-99.2-57.6-80-32-150.4-112-169.6-195.2l-80 38.4-70.4-32c0 0 0 588.8 0 58
Action.c(140):     8.8s-198.4 0-198.4 0l-80-89.6c-38.4-80-121.6-243.2-121.6-243.2s0 332.8 0 332.8c0 0-163.2 0
Action.c(140):     -163.2 0l-64-57.6c0 0-3.2 57.6-3.2 57.6s-179.2 0-179.2 0l-89.6-112v-508.8h-124.8v620.8h-17
Action.c(140):     6l-96-108.8v-512h-76.8c3.2 57.6-12.8 140.8-67.2 195.2 35.2 32 67.2 70.4 67.2 115.2v310.4h-
Action.c(140):     147.2l-99.2-112v-211.2c-3.2-16-16-38.4-35.2-48-12.8-3.2-12.8 6.4-12.8 6.4s0 368 0 368c0 0-
Action.c(140):     131.2 0-131.2 0l-76.8-73.6c0 0 22.4 73.6 19.2 73.6 0 0-396.8 0-396.8 0l-70.4-73.6c0 0-25.6
Action.c(140):      73.6-25.6 73.6s-163.2 0-163.2 0c0 0-48-48-48-48v48h-169.6l-112-108.8v-83.2c-25.6 32-57.6 
Action.c(140):     48-96 35.2-51.2-28.8-144-128-144-128v284.8h-160l-121.6-112v-646.4c0-64 57.6-108.8 118.4-12
Action.c(140):     8 60.8-16 131.2 6.4 163.2 48l112 166.4 67.2-160c22.4-44.8 48-60.8 118.4-60.8s208 99.2 208 
Action.c(140):     198.4v416l169.6-537.6c19.2-51.2 80-80 128-80 54.4-3.2 67.2 3.2 99.2 32zM1692.8 211.2v192h8
Action.c(140):     6.4c16 0 44.8-19.2 57.6-38.4 19.2-32 25.6-64 9.6-99.2-25.6-57.6-92.8-54.4-153.6-54.4zM1251
Action.c(140):     .2 675.2l-28.8-92.8-28.8 92.8h57.6z",\n
Action.c(140):             "M908.8 988.8v-6.4h-201.6l-131.2-131.2v-28.8c-22.4 9.6-48 9.6-70.4 0h-3.2l-3.2-3.2
Action.c(140):     c-25.6-16-60.8-44.8-92.8-73.6v236.8h-208l-144-131.2v-662.4c0-83.2 73.6-140.8 144-160 16-3.
Action.c(140):     2 32-6.4 51.2-6.4 60.8 0 118.4 25.6 150.4 67.2l76.8 115.2 41.6-102.4c28.8-57.6 70.4-80 150
Action.c(140):     .4-80 51.2 0 121.6 38.4 172.8 89.6 32 32 70.4 83.2 67.2 144v188.8l99.2-323.2c25.6-67.2 99.
Action.c(140):     2-102.4 160-102.4s80 9.6 118.4 41.6
Action.c(140): t=21143ms: 3939-byte ENCODED response body received for "https://stage.peapod.com/shop/images/icons/PeapodIcons.json" (RelFrameId=1, Internal ID=13)
Action.c(140): t=21144ms: 12288-byte DECODED response body for "https://stage.peapod.com/shop/images/icons/PeapodIcons.json" (RelFrameId=1, Internal ID=13)
Action.c(140):     l3.2 3.2c9.6 9.6 102.4 102.4 124.8 182.4 19.2 64 51.2 160 80 246.4v-473.6h323.2c51.2 0 96 
Action.c(140):     22.4 131.2 48v-48h803.2l38.4 51.2c41.6-38.4 102.4-57.6 156.8-48v0c102.4 22.4 156.8 108.8 1
Action.c(140):     88.8 163.2v-163.2h470.4l44.8 64c35.2-32 86.4-64 134.4-64h240l89.6 99.2v240h-256c6.4 3.2 12
Action.c(140):     .8 3.2 16 6.4 6.4 3.2 9.6 3.2 16 6.4 128 25.6 230.4 131.2 256 262.4v6.4l3.2 54.4v3.2c-9.6 
Action.c(140):     118.4-144 284.8-252.8 284.8v0c-9.6 0-38.4 0-182.4 0-16 0-16 0-102.4-92.8l-9.6-9.6v-227.2h2
Action.c(140):     17.6c3.2 0 9.6-6.4 12.8-9.6l3.2-3.2c0 0 3.2-6.4 0-9.6-25.6-22.4-51.2-35.2-83.2-48-76.8-32-
Action.c(140):     147.2-102.4-176-179.2l-60.8 28.8-35.2-16c0 204.8 0 521.6 0 531.2h-12.8l-22.4 22.4v12.8c-6.
Action.c(140):     4 0-121.6 0-195.2 0h-16l-96-105.6-3.2-3.2c-12.8-32-35.2-73.6-57.6-115.2v176c0 19.2 0 41.6-
Action.c(140):     25.6 48h-3.2c-3.2 0-3.2 0-38.4 0h-144l-22.4-22.4c-3.2 12.8-12.8 22.4-32 22.4h-195.2l-108.8
Action.c(140):     -134.4v-486.4h-57.6v620.8h-227.2l-115.2-131.2v-489.6h-6.4c-3.2 51.2-19.2 108.8-54.4 160 28
Action.c(140):     .8 32 54.4 70.4 54.4 115.2v345.6h-198.4l-96-108.8c0 19.2 0 35.2 0 44.8h3.2l-3.2 32c-3.2 28
Action.c(140):     .8-32 28.8-48 28.8h-131.2l-12.8-12.8c-3.2 3.2-6.4 6.4-12.8 9.6s-12.8 3.2-249.6 3.2h-176l-4
Action.c(140):     1.6-44.8c-3.2 6.4-3.2 12.8-6.4 16-3.2 16-19.2 28.8-35.2 28.8-9.6 0-102.4 0-144 0-6.4 0-12.
Action.c(140):     8 0-16 0l-25.6 6.4zM1859.2 825.6l80 89.6h96v-278.4c0-32-28.8-64-57.6-89.6l-25.6-25.6 25.6-
Action.c(140):     25.6c44.8-44.8 60.8-115.2 57.6-169.6l-3.2-38.4h147.2v534.4l76.8 89.6h128v-620.8h195.2v531.
Action.c(140):     2l73.6 89.6h128c0-9.6 0-16 0-25.6l57.6-25.6 54.4 51.2h115.2c0-70.4 0-227.2 0-297.6l64-16c3
Action.c(140):     .2 6.4 83.2 160 121.6 240l67.2 73.6c73.6 0 118.4 0 147.2 0 0-60.8 0-204.8 0-553.6v-54.4l10
Action.c(140):     5.6 51.2 105.6-51.2 9.6 44.8c12.8 70.4 76.8 144 147.2 169.6 38.4 16 76.8 32 112 67.2l3.2 3
Action.c(140):     .2c19.2 28.8 16 57.6 6.4 80s-35.2 51.2-73.6 54.4v0h-150.4v131.2c22.4 22.4 44.8 48 54.4 57.
Action.c(140):     6 41.6 0 153.6 0 166.4 0h3.2c60.8 0 176-124.8 185.6-217.6l-3.2-48c-22.4-105.6-102.4-188.8-
Action.c(140):     204.8-208h-3.2l-3.2-3.2c0 0-6.4-3.2-9.6-3.2-25.6-6.4-67.2-22.4-86.4-57.6v-6.4c-3.2-12.8-9.
Action.c(140):     6-35.2 3.2-54.4 6.4-9.6 19.2-19.2 41.6-22.4h233.6v-144l-51.2-54.4h-208c-32 0-86.4 41.6-105
Action.c(140):     .6 70.4l-28.8 41.6-80-115.2h-140.8l-57.6 22.4-22.4-22.4h-144v236.8l-64 16-64-121.6c-35.2-5
Action.c(140):     7.6-73.6-115.2-140.8-131.2-44.8-6.4-92.8 16-118.4 54.4l-25.6 38.4-73.6-96h-137.6v12.8l-60.
Action.c(140):     8 22.4-28.8-35.2h-473.6v57.6l-64 19.2c-12.8-16-73.6-76.8-137.6-76.8h-252.8v614.4l-67.2 9.6
Action.c(140):     c0-3.2-102.4-304-147.2-451.2-12.8-51.2-80-124.8-105.6-150.4-28.8-22.4-32-25.6-73.6-25.6-35
Action.c(140):     .2 0-80 22.4-92.8 54.4l-166.4 537.6-67.2-9.6v-416c0-28.8-16-64-48-96-41.6-44.8-96-70.4-124
Action.c(140):     .8-70.4-60.8 0-73.6 12.8-86.4 41.6l-67.2 160-60.8 6.4-112-166.4c-16-22.4-54.4-38.4-92.8-38
Action.c(140):     .4-12.8 0-22.4 0-32 3.2-44.8 12.8-92.8 44.8-92.8 92.8v630.4l102.4 92.8h108.8v-249.6l60.8-2
Action.c(140):     5.6c25.6 25.6 92.8 96 131.2 118.4 22.4 6.4 41.6-12.8 54.4-25.6l60.8 22.4v67.2l89.6 89.6h12
Action.c(140):     1.6v-12.8l60.8-25.6c16 16 28.8 28.8 38.4 38.4h3.2c0 0 76.8 0 121.6 0 0-3.2 3.2-9.6 6.4-16 
Action.c(140):     6.4-19.2 12.8-38.4 12.8-38.4l19.2-54.4 99.2 105.6h147.2c99.2 0 156.8 0 188.8 0-3.2-9.6-6.4
Action.c(140):     -19.2-9.6-32l57.6-35.2 64 64h80c0-6.4 0-16 0-22.4 0-35.2 0-80 0-124.8 0-92.8 0-182.4 0-182
Action.c(140):     .4 0-19.2 16-41.6 41.6-41.6 3.2 0 6.4 0 9.6 0h3.2l3.2 3.2c38.4 19.2 51.2 60.8 54.4 70.4v3.
Action.c(140):     2l-6.4 224zM1299.2 710.4h-153.6l44.8-140.8h67.2l41.6 140.8zM1779.2 438.4h-124.8v-262.4h35.
Action.c(140):     2c12.8 0 22.4 0 35.2 0 35.2 0 118.4 0 150.4 76.8 22.4 44.8 16 89.6-12.8 134.4l-3.2 3.2c-12
Action.c(140):     .8 22.4-48 48-80 48v0zM1728 371.2h51.2c6.4 0 22.4-12.8 32-22.4 16-22.4 16-41.6 6.4-64v0c-9
Action.c(140):     .6-25.6-35.2-35.2-89.6-35.2 0 0 0 0 0 0v121.6z",\n
Action.c(140):             "M1900.8 464c51.2-25.6 102.4-147.2 70.4-230.4-25.6-67.2-83.2-144-172.8-144h-246.4l
Action.c(140):     -3.2 748.8h134.4v-284.8c118.4-9.6 160 32 166.4 73.6 0 0 0 211.2 0 211.2h131.2v-297.6c-3.2-
Action.c(140):     32-38.4-67.2-80-76.8zM1830.4 364.8c-12.8 19.2-41.6 38.4-57.6 38.4h-86.4v-192c60.8-3.2 131.
Action.c(140):     2-3.2 156.8 54.4 12.8 32 9.6 67.2-12.8 99.2z",\n
Action.c(140):             "M2012.8 867.2h-198.4v-35.2c0-76.8 0-192 0-208-6.4-38.4-67.2-44.8-96-44.8v284.8h-2
Action.c(140):     01.6l3.2-816h281.6c102.4 0 172.8 86.4 204.8 166.4 28.8 76.8 3.2 176-41.6 233.6 28.8 19.2 4
Action.c(140):     8 51.2 51.2 76.8v3.2l-3.2 339.2zM1884.8 796.8h60.8v-262.4c-3.2-9.6-22.4-32-51.2-38.4l-89.6
Action.c(140):     -22.4 80-41.6c32-19.2 80-118.4 54.4-188.8-22.4-60.8-70.4-121.6-140.8-121.6h-211.2l-3.2 678
Action.c(140):     .4h64v-281.6l32-3.2c12.8 0 25.6 0 35.2 0 144 0 163.2 83.2 166.4 105.6 3.2 0 3.2 0 3.2 176z
Action.c(140):     M1772.8 435.2h-124.8v-262.4h35.2c12.8 0 22.4 0 35.2 0 35.2 0 118.4 0 150.4 76.8 22.4 44.8 
Action.c(140):     16 89.6-12.8 134.4l-3.2 3.2c-12.8 22.4-48 48-80 48v0zM1718.4 368h51.2c6.4 0 22.4-12.8 32-2
Action.c(140):     2.4 16-22.4 16-41.6 6.4-64v0c-9.6-25.6-35.2-35.2-89.6-35.2v121.6z",\n
Action.c(140):             "M336 128l121.6 275.2c0 0 73.6-176 105.6-256 12.8-25.6 19.2-54.4 70.4-60.8 54.4-6.
Action.c(140):     4 92.8 16 115.2 35.2s35.2 54.4 38.4 83.2c0 32 0 624 0 624s-147.2 0-147.2 0c0 0 0-544 0-544
Action.c(140):     l-121.6 364.8c-12.8 28.8-44.8 41.6-80 32-16 0-32-19.2-38.4-32 0 0-128-364.8-128-364.8s0 54
Action.c(140):     4 0 544h-147.2v-649.6c0-64 80-96 121.6-96 38.4 3.2 76.8 22.4 89.6 44.8z",\n
Action.c(140):             "M627.2 867.2l-12.8-9.6c-12.8-9.6-12.8-9.6-12.8-112v-249.6l-54.4 166.4c-16 35.2-48
Action.c(140):      54.4-86.4 54.4-9.6 0-22.4 0-32-3.2-28.8-3.2-48-28.8-60.8-44.8l-3.2-3.2v-3.2c-25.6-70.4-44
Action.c(140):     .8-128-60.8-172.8 0 80 0 188.8 0 342.4v35.2h-217.6v-684.8c0-86.4 92.8-131.2 156.8-131.2 60
Action.c(140):     .8 0 105.6 28.8 124.8 60.8l3.2 3.2 86.4 201.6c22.4-57.6 54.4-134.4 73.6-179.2v-3.2c0-3.2 3
Action.c(140):     .2-6.4 3.2-6.4 12.8-25.6 28.8-67.2 96-73.6 6.4 0 12.8 0 19.2 0 57.6 0 96 25.6 121.6 44.8 2
Action.c(140):     8.8 25.6 48 67.2 48 108.8 0 16 0 179.2 0 323.2 0 76.8 0 150.4 0 208v67.2c0 35.2 0 48-19.2 
Action.c(140):     57.6-6.4 3.2-6.4 3.2-115.2 3.2l-57.6 0zM150.4 796.8h76.8c0-156.8 0-467.2 0-505.6l-3.2-12.8
Action.c(140):      22.4-28.8 48 6.4 3.2 22.4c9.6 28.8 80 220.8 124.8 355.2 6.4 9.6 12.8 12.8 12.8 12.8h6.4c1
Action.c(140):     9.2 6.4 32 3.2 38.4-9.6l121.6-361.6 67.2 9.6c0 150.4 0 416 0 512h76.8c0-124.8 0-563.2 0-58
Action.c(140):     8.8 0-22.4-9.6-44.8-25.6-57.6s-38.4-28.8-73.6-28.8c-3.2 0-9.6 0-12.8 0-28.8 3.2-32 9.6-41.
Action.c(140):     6 32 0 3.2-3.2 6.4-3.2 9.6-32 80-105.6 252.8-105.6 256l-32 73.6-150.4-348.8c-6.4-9.6-32-25
Action.c(140):     .6-64-25.6-28.8 0-89.6 22.4-89.6 60.8v617.6z",\n
Action.c(140):             "M1251.2 134.4c16 16 32 48 32 48s195.2 649.6 195.2 649.6c0 0-374.4 0-374.4 0v-128h
Action.c(140):     185.6l-124.8-416-166.4 547.2c0 0-144 0-144 0s214.4-691.2 214.4-691.2c9.6-32 80-73.6 137.6-
Action.c(140):     48 19.2 6.4 32 19.2 44.8 38.4z",\n
Action.c(140):             "M1024 867.2h-99.2c-83.2 0-86.4 0-92.8-9.6-19.2-12.8-12.8-25.6-3.2-67.2l204.8-662.
Action.c(140):     4c12.8-41.6 73.6-80 134.4-80 19.2 0 35.2 3.2 51.2 9.6h3.2c28.8 12.8 41.6 28.8 57.6 51.2 19
Action.c(140):     .2 22.4 35.2 54.4 35.2 57.6v3.2c57.6 192 163.2 537.6 188.8 627.2h9.6v32c0 25.6-19.2 32-38.
Action.c(140):     4 32v0c0 0 0 0 0 0-6.4 0-9.6 0-16 0-80 0-355.2 0-355.2 0h-35.2v-144l-44.8 150.4zM902.4 796
Action.c(140):     .8c22.4 0 48 0 70.4 0l192-630.4 169.6 572.8h-195.2v60.8c67.2 0 217.6 0 294.4 0-3.2-16-9.6-
Action.c(140):     35.2-16-57.6-19.2-60.8-41.6-140.8-67.2-224-44.8-150.4-92.8-304-96-323.2-6.4-9.6-16-28.8-22
Action.c(140):     .4-38.4l-3.2-3.2c-9.6-16-19.2-22.4-32-28.8-6.4-3.2-16-3.2-22.4-3.2-32 0-64 22.4-67.2 32-67
Action.c(140):     .2 188.8-169.6 524.8-204.8 643.2zM1164.8 406.4l-80 262.4h156.8l-76.8-262.4z",\n
Action.c(140):             "M3011.2 140.8l188.8 384v-441.6h153.6v745.6h-163.2l-252.8-492.8v496h-147.2v-659.2c
Action.c(140):     0-35.2 60.8-89.6 108.8-89.6 38.4 0 92.8 16 112 57.6z",\n
Action.c(140):             "M2758.4 867.2v-694.4c0-28.8 19.2-54.4 35.2-70.4 25.6-25.6 67.2-54.4 112-54.4h3.2c
Action.c(140):     48 0 112 19.2 137.6 76.8l121.6 249.6v-326.4h224v816h-217.6l-195.2-384v384l-220.8 3.2zM2905
Action.c(140):     .6 118.4c-32 0-73.6 38.4-76.8 54.4v624h76.8v-460.8l64-16 240 476.8h105.6v-678.4h-83.2v406.
Action.c(140):     4l-67.2 16-188.8-387.2c-9.6-25.6-51.2-35.2-70.4-35.2z",\n
Action.c(140):             "M3990.4 208h-169.6c-35.2 0-57.6 28.8-67.2 64-12.8 35.2-3.2 89.6 19.2 115.2 60.8 5
Action.c(140):     1.2 134.4 32 188.8 92.8 67.2 76.8 80 153.6 48 233.6-28.8 70.4-102.4 121.6-166.4 121.6h-176
Action.c(140):     v-115.2h166.4c25.6 0 54.4-32 64-60.8 25.6-70.4-54.4-112-112-134.4-51.2-16-121.6-57.6-153.6
Action.c(140):     -147.2-22.4-86.4-12.8-179.2 64-243.2 35.2-25.6 57.6-48 112-48h182.4l-0 121.6z",\n
Action.c(140):             "M3635.2 867.2v-182.4h198.4c6.4-3.2 25.6-19.2 32-38.4 3.2-9.6 3.2-19.2 0-28.8-9.6-
Action.c(140):     22.4-44.8-44.8-89.6-60.8-48-16-134.4-60.8-176-166.4v-3.2c-32-112-3.2-211.2 73.6-278.4l3.2-
Action.c(140):     3.2c6.4-3.2 9.6-6.4 16-9.6 28.8-22.4 60.8-44.8 118.4-44.8h217.6v192h-204.8c-19.2 0-32 25.6
Action.c(140):     -35.2 38.4-6.4 22.4-3.2 64 12.8 80 22.4 16 48 25.6 73.6 32 38.4 9.6 80 22.4 115.2 60.8 73.
Action.c(140):     6 83.2 92.8 172.8 54.4 268.8-32 80-118.4 144-198.4 144l-211.2-0zM3702.4 752v44.8h140.8c54.
Action.c(140):     4 0 112-44.8 134.4-99.2 28.8-70.4 12.8-134.4-41.6-195.2-22.4-25.6-51.2-32-83.2-41.6s-70.4-
Action.c(140):     19.2-102.4-48l-3.2-3.2c-35.2-38.4-41.6-108.8-25.6-150.4 19.2-54.4 54.4-86.4 102.4-86.4h134
Action.c(140):     .4v-54.4h-147.2c-35.2 0-51.2 12.8-76.8 32-6.4 3.2-9.6 6.4-16 12.8-76.8 67.2-64 156.8-51.2 
Action.c(140):     204.8 28.8 73.6 86.4 108.8 131.2 124.8 48 16 105.6 44.8 131.2 96 12.8 25.6 12.8 54.4 3.2 8
Action.c(140):     3.2-12.8 32-51.2 83.2-92.8 83.2l-137.6-3.2z",\n
Action.c(140):             "M2486.4 208h-160v624h-160v-624h-160v-121.6h480z",\n
Action.c(140):             "M2131.2 867.2v-624h-160v-192h547.2v192h-160v624h-227.2zM2201.6 172.8v624h92.8v-62
Action.c(140):     4h160v-54.4h-409.6v54.4h156.8z",\n
Action.c(140):             "M2713.6 832h-144v-745.6h144z",\n
Action.c(140):             "M2534.4 867.2v-816h214.4v816h-214.4zM2604.8 121.6v678.4h73.6v-678.4h-73.6z",\n
Action.c(140):             "M3571.2 86.4c0 57.6 0 144-44.8 198.4-28.8 25.6-41.6 44.8-89.6 38.4l28.8-115.2h-38
Action.c(140):     .4v-121.6l144 0z",\n
Action.c(140):             "M3452.8 358.4c-6.4 0-12.8 0-19.2 0l-38.4-6.4 25.6-108.8h-28.8v-192h211.2v35.2c3.2
Action.c(140):      76.8-3.2 163.2-51.2 220.8l-3.2 3.2c-3.2 3.2-9.6 6.4-12.8 9.6-19.2 19.2-41.6 38.4-83.2 38.
Action.c(140):     4zM3459.2 172.8h48l-25.6 99.2c0 0 3.2-3.2 3.2-3.2 3.2-3.2 6.4-6.4 12.8-9.6 25.6-35.2 35.2-
Action.c(140):     86.4 35.2-140.8h-73.6v54.4z",\n
Action.c(140):             "M1827.2 864v-48h44.8c-3.2 16-19.2 41.6-44.8 48z",\n
Action.c(140):             "M1264 99.2c0 0 96 96 115.2 166.4 44.8 147.2 147.2 448 147.2 448v-649.6h288c80 0 1
Action.c(140):     50.4 73.6 166.4 92.8v-92.8h524.8l38.4 48v-48h188.8l54.4 70.4c32-48 89.6-80 153.6-70.4 86.4
Action.c(140):      16 131.2 89.6 166.4 147.2l64 121.6v-268.8h195.2l32 32v-32h188.8l60.8 86.4c25.6-35.2 89.6-
Action.c(140):     86.4 137.6-86.4h224l70.4 76.8v192h-265.6c-22.4 0-19.2 16-16 32 16 32 67.2 38.4 80 44.8 121
Action.c(140):     .6 22.4 211.2 121.6 233.6 236.8l3.2 54.4c-9.6 105.6-134.4 252.8-220.8 252.8 0 0-179.2 0-18
Action.c(140):     2.4 0s-76.8-80-76.8-80v-179.2h185.6c22.4 0 38.4-22.4 44.8-32 3.2-3.2 12.8-25.6-3.2-44.8-28
Action.c(140):     .8-28.8-64-44.8-99.2-57.6-80-32-150.4-112-169.6-195.2l-80 38.4-70.4-32c0 0 0 588.8 0 588.8
Action.c(140):     s-198.4 0-198.4 0l-80-89.6c-38.4-80-121.6-243.2-121.6-243.2s0 332.8 0 332.8c0 0-163.2 0-16
Action.c(140):     3.2 0l-64-57.6c0 0-3.2 57.6-3.2 57.6s-179.2 0-179.2 0l-89.6-112v-508.8h-128v620.8h-176l-96
Action.c(140):     -108.8v-512h-76.8c3.2 57.6-12.8 140.8-67.2 195.2 35.2 32 67.2 70.4 67.2 115.2v310.4h-147.2
Action.c(140):     l-99.2-112v-211.2c-3.2-16-16-38.4-35.2-48-12.8-3.2-12.8 6.4-12.8 6.4s0 368 0 368c0 0-131.2
Action.c(140):      0-131.2 0l-76.8-73.6c0 0 22.4 73.6 19.2 73.6 0 0-396.8 0-396.8 0l-70.4-73.6c0 0-25.6 73.6
Action.c(140):     -25.6 73.6s-163.2 0-163.2 0c0 0-48-48-48-48v48h-169.6l-112-108.8v-83.2c-25.6 32-57.6 48-96
Action.c(140):      35.2-51.2-28.8-144-128-144-128v284.8h-160l-121.6-112v-646.4c0-64 57.6-108.8 118.4-128 60.
Action.c(140):     8-16 131.2 6.4 163.2 48l112 166.4 67.2-160c22.4-44.8 48-60.8 118.4-60.8s208 99.2 208 198.4
Action.c(140):     v416l169.6-537.6c19.2-51.2 80-80 128-80 57.6-3.2 70.4 3.2 102.4 32zM1692.8 220.8v192h86.4c
Action.c(140):     16 0 44.8-19.2 57.6-38.4 19.2-32 25.6-64 9.6-99.2-25.6-60.8-92.8-57.6-153.6-54.4zM1251.2 6
Action.c(140):     81.6l-28.8-92.8-28.8 92.8h57.6z",\n
Action.c(140):             "M1926.4 467.2c44.8-44.8 86.4-150.4 54.4-233.6-28.8-73.6-89.6-153.6-182.4-153.6h-2
Action.c(140):     56l-3.2 771.2h156.8v-284.8c83.2-6.4 137.6 19.2 140.8 64 0 3.2 0 137.6 0 208v12.8h153.6v-31
Action.c(140):     0.4c-0-28.8-28.8-57.6-64-73.6zM1820.8 361.6c-12.8 16-38.4 32-48 35.2h-76.8v-169.6c54.4 0 1
Action.c(140):     12-3.2 134.4 48 12.8 28.8 9.6 57.6-9.6 86.4z",\n
Action.c(140):             "M336 134.4l121.6 275.2c0 0 73.6-176 105.6-256 12.8-25.6 19.2-54.4 70.4-60.8 54.4-
Action.c(140):     6.4 92.8 16 112 35.2 22.4 19.2 35.2 54.4 38.4 83.2 0 32 0 624 0 624s-147.2 0-147.2 0c0 0 0
Action.c(140):     -544 0-544l-121.6 364.8c-12.8 28.8-44.8 41.6-80 32-16 0-32-19.2-38.4-32 0 0-128-364.8-128-
Action.c(140):     364.8s0 544 0 544h-147.2v-649.6c0-64 80-96 121.6-96 41.6 3.2 80 25.6 92.8 44.8z",\n
Action.c(140):             "M633.6 851.2l-3.2-3.2c-3.2-3.2-3.2-3.2-3.2-92.8v-390.4l-99.2 297.6c-16 35.2-54.4 
Action.c(140):     51.2-96 38.4-22.4-3.2-38.4-22.4-48-35.2v-3.2c-22.4-57.6-73.6-211.2-105.6-297.6 0 131.2 0 4
Action.c(140):     06.4 0 476.8v12.8h-169.6v-662.4c0-73.6 89.6-108.8 134.4-108.8 51.2 0 89.6 25.6 105.6 48v0l
Action.c(140):     108.8 252.8c22.4-51.2 70.4-169.6 96-230.4 0-3.2 3.2-6.4 3.2-9.6 9.6-25.6 22.4-54.4 76.8-60
Action.c(140):     .8 6.4 0 12.8 0 16 0 48 0 83.2 22.4 105.6 38.4 25.6 22.4 41.6 57.6 41.6 92.8 0 16 0 179.2 
Action.c(140):     0 323.2 0 76.8 0 150.4 0 208v67.2c0 32 0 32-6.4 35.2-3.2 0-3.2 0-112 0h-38.4l-6.4 3.2zM128
Action.c(140):      828.8h124.8c0-182.4 0-508.8 0-531.2v-3.2l6.4-9.6 16 3.2v6.4c6.4 16 86.4 240 128 361.6 12.
Action.c(140):     8 16 22.4 25.6 28.8 25.6h3.2c28.8 9.6 54.4 0 67.2-25.6l121.6-361.6 22.4 3.2c0 166.4 0 470.
Action.c(140):     4 0 534.4h28.8c28.8 0 73.6 0 96 0 0-83.2 0-585.6 0-611.2 0-28.8-12.8-57.6-32-76.8-19.2-16-
Action.c(140):     48-35.2-89.6-35.2-6.4 0-9.6 0-16 0-41.6 3.2-48 22.4-57.6 44.8 0 3.2-3.2 6.4-3.2 9.6-32 76.
Action.c(140):     8-105.
Action.c(140): t=21168ms: 1328-byte DECODED response body for "https://stage.peapod.com/shop/images/icons/PeapodIcons.json" (RelFrameId=1, Internal ID=13)
Action.c(140):     6 252.8-105.6 256l-9.6 25.6-131.2-300.8c-12.8-19.2-44.8-35.2-83.2-35.2s-112 28.8-112 83.2l
Action.c(140):     -3.2 636.8z",\n
Action.c(140):             "M1251.2 140.8c16 16 32 48 32 48s195.2 649.6 195.2 649.6c0 0-374.4 0-374.4 0v-128h
Action.c(140):     185.6l-124.8-416-166.4 547.2c0 0-144 0-144 0s214.4-691.2 214.4-691.2c9.6-32 80-73.6 137.6-
Action.c(140):     48 19.2 6.4 32 19.2 44.8 38.4z",\n
Action.c(140):             "M1008 851.2h-9.6c-134.4 0-147.2 0-150.4-3.2 0 0 0 0 0 0s0 0 0 0c-6.4-3.2-6.4-6.4 
Action.c(140):     6.4-41.6l204.8-662.4c9.6-28.8 57.6-64 112-64 16 0 28.8 3.2 41.6 9.6 25.6 12.8 38.4 25.6 51
Action.c(140):     .2 44.8 16 19.2 32 51.2 32 51.2v0c60.8 204.8 176 585.6 195.2 643.2h3.2v9.6c0 6.4-3.2 9.6-1
Action.c(140):     2.8 9.6v0c0 0 0 0 0 0-3.2 0-9.6 0-19.2 0-80 0-355.2 0-355.2 0h-12.8v-153.6h179.2l-108.8-36
Action.c(140):     4.8-156.8 521.6zM870.4 828.8c25.6 0 80 0 118.4 0l176-576 137.6 467.2h-188.8v105.6c54.4 0 2
Action.c(140):     84.8 0 348.8 0 0-3.2-3.2-6.4-3.2-12.8-6.4-19.2-12.8-41.6-22.4-73.6-19.2-60.8-41.6-140.8-67
Action.c(140):     .2-224-48-156.8-92.8-313.6-99.2-323.2-3.2-3.2-16-32-28.8-44.8v0c-12.8-19.2-22.4-28.8-41.6-
Action.c(140):     35.2-9.6-3.2-22.4-6.4-32-6.4-44.8 0-83.2 28.8-89.6 48-3.2 3.2-179.2 572.8-208 675.2z",\n
Action.c(140):             "M3011.2 147.2l188.8 384v-441.6h153.6v745.6h-163.2l-252.8-492.8v496h-147.2v-659.2c
Action.c(140):     0-35.2 60.8-89.6 108.8-89.6 38.4 3.2 92.8 16 112 57.6z",\n
Action.c(140):             "M2780.8 851.2v-668.8c0-16 9.6-35.2 28.8-54.4 19.2-22.4 57.6-48 92.8-48v0c41.6 0 9
Action.c(140):     6 16 118.4 64l163.2 339.2v-403.2h176v771.2h-182.4l-233.6-
Action.c(140): t=21171ms: 4229-byte ENCODED response body received for "https://stage.peapod.com/shop/images/icons/PeapodIcons.json" (RelFrameId=1, Internal ID=13)
Action.c(140): t=21171ms: 11998-byte DECODED response body for "https://stage.peapod.com/shop/images/icons/PeapodIcons.json" (RelFrameId=1, Internal ID=13)
Action.c(140):     457.6v457.6h-163.2zM2905.6 102.4v0c-25.6 0-57.6 16-80 38.4-12.8 12.8-22.4 28.8-22.4 38.4v6
Action.c(140):     46.4h121.6v-483.2l22.4-6.4 246.4 486.4h144v-723.2h-131.2v428.8l-22.4 6.4-188.8-384c-12.8-3
Action.c(140):     5.2-64-48-89.6-48z",\n
Action.c(140):             "M3990.4 214.4h-169.6c-35.2 0-57.6 28.8-67.2 64-12.8 35.2-3.2 89.6 19.2 115.2 60.8
Action.c(140):      51.2 134.4 32 188.8 92.8 67.2 76.8 80 153.6 48 233.6-28.8 70.4-102.4 121.6-166.4 121.6h-1
Action.c(140):     76v-115.2h166.4c22.4 0 54.4-32 64-60.8 25.6-70.4-54.4-112-112-134.4-51.2-16-121.6-57.6-153
Action.c(140):     .6-147.2-22.4-86.4-12.8-179.2 64-243.2 35.2-25.6 57.6-48 112-48h182.4l-0 121.6z",\n
Action.c(140):             "M3657.6 851.2v-137.6h179.2c16 0 41.6-25.6 51.2-51.2 6.4-16 6.4-32-3.2-48-12.8-28.
Action.c(140):     8-51.2-51.2-105.6-70.4-44.8-16-124.8-54.4-160-153.6-28.8-105.6-6.4-195.2 67.2-256v0c6.4-3.
Action.c(140):     2 9.6-6.4 16-12.8 28.8-19.2 54.4-38.4 105.6-38.4h195.2v147.2h-182.4c-35.2 0-51.2 35.2-57.6
Action.c(140):      54.4-9.6 32-3.2 83.2 16 105.6 25.6 22.4 54.4 28.8 86.4 38.4 35.2 9.6 73.6 19.2 105.6 54.4
Action.c(140):      67.2 76.8 86.4 156.8 51.2 243.2-28.8 73.6-105.6 128-179.2 128l-185.6-3.2zM3680 736v89.6h1
Action.c(140):     63.2c64 0 131.2-48 156.8-112 32-80 16-150.4-48-220.8-28.8-28.8-60.8-38.4-92.8-48s-64-16-96
Action.c(140):     -41.6v0c-28.8-32-35.2-92.8-22.4-128 16-44.8 44.8-70.4 80-70.4h156.8v-99.2h-172.8c-41.6 0-6
Action.c(140):     4 16-89.6 35.2-6.4 3.2-9.6 6.4-16 12.8-86.4 73.6-73.6 176-60.8 230.4 32 83.2 96 121.6 147.
Action.c(140):     2 137.6 41.6 16 96 41.6 118.4 83.2 9.6 19.2 9.6 41.6 3.2 64-9.6 32-44.8 67.2-73.6 67.2h-15
Action.c(140):     3.6z",\n
Action.c(140):             "M2486.4 214.4h-160v624h-160v-624h-160v-121.6h480z",\n
Action.c(140):             "M2153.6 851.2v-624h-160v-147.2h502.4v147.2h-160v624h-182.4zM2176 204.8v624h137.6v
Action.c(140):     -624h160v-99.2h-454.4v99.2h156.8z",\n
Action.c(140):             "M2713.6 838.4h-144v-745.6h144z",\n
Action.c(140):             "M2556.8 851.2v-771.2h166.4v771.2h-166.4zM2582.4 105.6v723.2h121.6v-723.2h-121.6z"
Action.c(140):     ,\n
Action.c(140):             "M3568 92.8c0 57.6 0 144-44.8 198.4-28.8 25.6-41.6 44.8-89.6 38.4l28.8-115.2h-38.4
Action.c(140):     v-121.6l144 0z",\n
Action.c(140):             "M3452.8 342.4c-6.4 0-9.6 0-16 0l-12.8-3.2 28.8-112h-35.2v-147.2h166.4v12.8c3.2 70
Action.c(140):     .4-3.2 153.6-48 204.8v0c-3.2 3.2-9.6 6.4-12.8 12.8-19.2 16-38.4 32-70.4 32zM3452.8 320c25.
Action.c(140):     6 0 35.2-9.6 54.4-25.6 3.2-3.2 6.4-6.4 12.8-12.8 35.2-44.8 41.6-115.2 41.6-179.2h-121.6v99
Action.c(140):     .2h41.6l-28.8 118.4z",\n
Action.c(140):             "M1852.8 281.6c-25.6-60.8-92.8-57.6-156.8-54.4v192h86.4c16 0 44.8-19.2 57.6-38.4 2
Action.c(140):     5.6-32 28.8-64 12.8-99.2zM1782.4 390.4v-48h44.8c-6.4 16-22.4 41.6-44.8 48z",\n
Action.c(140):             "M4236.8 899.2c0 44.8-35.2 80-80 80s-80-35.2-80-80c0-44.8 35.2-80 80-80 44.8-3.2 8
Action.c(140):     0 35.2 80 80z",\n
Action.c(140):             "M4156.8 988.8c-51.2 0-89.6-41.6-89.6-89.6 0-51.2 41.6-89.6 89.6-89.6 51.2 0 89.6 
Action.c(140):     41.6 89.6 89.6s-41.6 89.6-89.6 89.6zM4156.8 828.8c-38.4 0-70.4 32-70.4 70.4s32 70.4 70.4 7
Action.c(140):     0.4c38.4 0 70.4-32 70.4-70.4-0-41.6-32-70.4-70.4-70.4z",\n
Action.c(140):             "M4102.4 902.4c0-32 25.6-57.6 54.4-57.6 32 0 54.4 25.6 54.4 57.6s-25.6 57.6-54.4 5
Action.c(140):     7.6c-28.8 0-54.4-25.6-54.4-57.6zM4156.8 969.6c38.4 0 70.4-28.8 70.4-67.2s-32-67.2-70.4-67.
Action.c(140):     2c-38.4 0-70.4 28.8-70.4 67.2 3.2 38.4 35.2 67.2 70.4 67.2zM4144 905.6h12.8l22.4 35.2h12.8
Action.c(140):     l-22.4-35.2c12.8 0 19.2-6.4 19.2-22.4s-9.6-22.4-28.8-22.4h-28.8v80h12.8v-35.2zM4144 896v-2
Action.c(140):     5.6h16c9.6 0 16 3.2 16 12.8 0 12.8-9.6 12.8-19.2 12.8h-12.8z",\n
Action.c(140):             "M1606.4 115.2h89.6v323.2h-89.6v-323.2z"\n
Action.c(140):           ],\n
Action.c(140):           "attrs": [\n
Action.c(140):             {\n
Action.c(140):               "fill": "rgb(255, 255, 254)"\n
Action.c(140):             },\n
Action.c(140):             {\n
Action.c(140):               "fill": "rgb(255, 255, 254)"\n
Action.c(140):             },\n
Action.c(140):             {\n
Action.c(140):               "fill": "rgb(255, 255, 254)"\n
Action.c(140):             },\n
Action.c(140):             {\n
Action.c(140):               "fill": "rgb(255, 255, 254)"\n
Action.c(140):             },\n
Action.c(140):             {\n
Action.c(140):               "fill": "rgb(255, 255, 254)"\n
Action.c(140):             },\n
Action.c(140):             {\n
Action.c(140):               "fill": "rgb(255, 255, 254)"\n
Action.c(140):             },\n
Action.c(140):             {\n
Action.c(140):               "fill": "rgb(255, 255, 254)"\n
Action.c(140):             },\n
Action.c(140):             {\n
Action.c(140):               "fill": "rgb(255, 255, 254)"\n
Action.c(140):             },\n
Action.c(140):             {\n
Action.c(140):               "fill": "rgb(255, 255, 254)"\n
Action.c(140):             },\n
Action.c(140):             {\n
Action.c(140):               "fill": "rgb(255, 255, 254)"\n
Action.c(140):             },\n
Action.c(140):             {\n
Action.c(140):               "fill": "rgb(255, 255, 254)"\n
Action.c(140):             },\n
Action.c(140):             {\n
Action.c(140):               "fill": "rgb(255, 255, 254)"\n
Action.c(140):             },\n
Action.c(140):             {\n
Action.c(140):               "fill": "rgb(255, 255, 254)"\n
Action.c(140):             },\n
Action.c(140):             {\n
Action.c(140):               "fill": "rgb(255, 255, 254)"\n
Action.c(140):             },\n
Action.c(140):             {\n
Action.c(140):               "fill": "rgb(255, 255, 254)"\n
Action.c(140):             },\n
Action.c(140):             {\n
Action.c(140):               "fill": "rgb(255, 255, 254)"\n
Action.c(140):             },\n
Action.c(140):             {\n
Action.c(140):               "fill": "rgb(255, 255, 254)"\n
Action.c(140):             },\n
Action.c(140):             {\n
Action.c(140):               "fill": "rgb(255, 255, 254)"\n
Action.c(140):             },\n
Action.c(140):             {\n
Action.c(140):               "fill": "rgb(255, 255, 254)"\n
Action.c(140):             },\n
Action.c(140):             {\n
Action.c(140):               "fill": "rgb(26, 25, 25)"\n
Action.c(140):             },\n
Action.c(140):             {\n
Action.c(140):               "fill": "rgb(220, 59, 65)"\n
Action.c(140):             },\n
Action.c(140):             {\n
Action.c(140):               "fill": "rgb(220, 59, 65)"\n
Action.c(140):             },\n
Action.c(140):             {\n
Action.c(140):               "fill": "rgb(220, 59, 65)"\n
Action.c(140):             },\n
Action.c(140):             {\n
Action.c(140):               "fill": "rgb(220, 59, 65)"\n
Action.c(140):             },\n
Action.c(140):             {\n
Action.c(140):               "fill": "rgb(220, 59, 65)"\n
Action.c(140):             },\n
Action.c(140):             {\n
Action.c(140):               "fill": "rgb(220, 59, 65)"\n
Action.c(140):             },\n
Action.c(140):             {\n
Action.c(140):               "fill": "rgb(220, 59, 65)"\n
Action.c(140):             },\n
Action.c(140):             {\n
Action.c(140):               "fill": "rgb(220, 59, 65)"\n
Action.c(140):             },\n
Action.c(140):             {\n
Action.c(140):               "fill": "rgb(220, 59, 65)"\n
Action.c(140):             },\n
Action.c(140):             {\n
Action.c(140):               "fill": "rgb(220, 59, 65)"\n
Action.c(140):             },\n
Action.c(140):             {\n
Action.c(140):               "fill": "rgb(220, 59, 65)"\n
Action.c(140):             },\n
Action.c(140):             {\n
Action.c(140):               "fill": "rgb(220, 59, 65)"\n
Action.c(140):             },\n
Action.c(140):             {\n
Action.c(140):               "fill": "rgb(220, 59, 65)"\n
Action.c(140):             },\n
Action.c(140):             {\n
Action.c(140):               "fill": "rgb(220, 59, 65)"\n
Action.c(140):             },\n
Action.c(140):             {\n
Action.c(140):               "fill": "rgb(220, 59, 65)"\n
Action.c(140):             },\n
Action.c(140):             {\n
Action.c(140):               "fill": "rgb(26, 25, 25)"\n
Action.c(140):             },\n
Action.c(140):             {\n
Action.c(140):               "fill": "rgb(255, 255, 254)"\n
Action.c(140):             },\n
Action.c(140):             {\n
Action.c(140):               "fill": "rgb(255, 255, 254)"\n
Action.c(140):             },\n
Action.c(140):             {\n
Action.c(140):               "fill": "rgb(26, 25, 25)"\n
Action.c(140):             },\n
Action.c(140):             {\n
Action.c(140):               "fill": "rgb(220, 59, 65)"\n
Action.c(140):             }\n
Action.c(140):           ],\n
Action.c(140):           "width": 4301,\n
Action.c(140):           "isMulticolor": true,\n
Action.c(140):           "grid": 32,\n
Action.c(140):           "tags": [\n
Action.c(140):             "martins-logo"\n
Action.c(140):           ],\n
Action.c(140):           "defaultCode": 59649\n
Action.c(140):         },\n
Action.c(140):         {\n
Action.c(140):           "paths": [\n
Action.c(140):             "M4498.34 381.365c0 0 50.194 49.976 60.62 87.596 23.445 77.471 77.499 236.604 77.4
Action.c(140):     99 236.604l0.189-342.264 151.377 0.026c42.819-0.109 79.928 37.94 87.469 49.12l-0.173-49.30
Action.c(140):     9 276.254 0.036 19.803 25.628 0.075-25.556 99.985-0.119 28.835 37.684c17.343-24.755 47.118
Action.c(140):     -41.946 81.277-36.6 44.705 9.139 68.935 46.933 86.98 77.298l33.631 63.933 0.020-142.197 10
Action.c(140):     2.227 0.101 17.108 17.243 0.163-17.462 100.152 0.036 32.105 45.733c12.699-19.347 47.461-45
Action.c(140):     .679 71.626-45.759l118.288 0.109 37.185 40.662-0.409 101.699-139.439-0.127c-12.548 0.802-1
Action.c(140):     0.381 8.704-8.15 16.963 8.15 16.424 35.072 20.694 42.774 24.282 64.187 12.391 110.886 64.2
Action.c(140):     7 122.697 124.799l1.437 27.805c-4.662 56.376-70.771 133.203-115.365 133.146-0.502 0.056-94
Action.c(140):     .607 0.065-95.472 0.065-0.828-0.008-39.698-42.22-39.698-42.22l-0.135-93.932 96.891-0.119c1
Action.c(140):     2.064-0.445 21.004-11.754 22.762-16.914 1.030-2.014 6.319-13.558-1.191-24.348-15.761-15.82
Action.c(140):     4-33.933-23.554-52.488-30.829-41.71-16.313-79.959-59.289-88.471-103.293l-42.819 20.224-37.
Action.c(140):     459-17.573c0 0-0.272 309.105-0.181 309.040 0.034-0.044-103.738-0.044-103.738-0.044l-42.704
Action.c(140):     -47.429c-19.827-42.153-64.661-127.948-64.661-127.948s-0.026 175.32-0.117 175.358c-0.137 0.
Action.c(140):     018-86.449-0.020-86.449-0.020l-33.752-30.909c0 0-1.165 30.948-1.875 30.948-0.655 0-93.67-0
Action.c(140):     .038-93.67-0.038l-47.59-58.751 0.062-268.207-66.51-0.036v327.15l-93.406-0.091-50.192-58.01
Action.c(140):     5 0.018-269.098-39.843-0.119c1.967 30.321-6.993 74.776-34.862 102.884 18.357 16.973 35.435
Action.c(140):      36.63 35.517 60.255l-0.083 164.112-77.425 0.073-52.653-58.852-0.218-111.735c-2.242-9.002-
Action.c(140):     8.214-20.684-18.72-25.592-6.027-1.238-6.037 2.987-6.037 2.987s-0.244 192.901 0.129 192.984
Action.c(140):     c0.365 0.091-68.314 0.026-68.314 0.026l-39.742-39.251c0 0 11.109 39.114 10.901 39.204-0.19
Action.c(140):     1 0.111-208.118 0.065-208.118 0.065l-36.535-39.196c0 0-14.286 39.416-13.63 39.333 0.637-0.
Action.c(140):     091-86.623-0.22-86.439-0.155 0.173 0.065-24.794-25.257-24.794-25.257l0.065 25.275-89.527-0
Action.c(140):     .065-58.279-57.648-0.062-43.613c-13.584 16.515-30.901 25.183-50.414 19.109-26.265-15.477-7
Action.c(140):     5.732-67.11-75.732-67.11l0.327 149.355-83.434-0.020-64.472-58.751 0.173-340.371c0.51-33.49
Action.c(140):     6 29.892-58.007 62.178-66.673 32.274-8.631 69.86 3.578 85.337 25.338l58.445 87.715 35.497-
Action.c(140):     84.155c11.546-24.072 25.675-32.294 62.66-32.331 36.975-0.046 110.265 52.107 109.346 105.13
Action.c(140):     1l-0.135 219.68 88.453-283.448c9.849-26.66 41.899-41.49 66.735-41.454 27.106 0.062 32.677 
Action.c(140):     3.487 50.313 18.19zM4722.99 444.517l0.083 101.489 46.225 0.129c9.041-0.556 23.326-10.464 3
Action.c(140):     0.863-20.214 10.946-16.89 13.63-33.806 4.673-52.587-13.439-31.258-49.156-29.855-81.843-28.
Action.c(140):     817zM4490.866 688.057l-15.634-49.648-15.922 49.567 31.557 0.081z",\n
Action.c(140):             "M4311.13 853.782l-0.572-3.032-106.653-0.091-69.025-68.249-0.016-15.515c-11.99 4.4
Action.c(140):     06-24.965 4.745-37.62 0.81l-2.030-0.637-1.83-1.093c-13.786-8.111-32.341-24.255-48.112-39.0
Action.c(140):     59l0.256 123.833h-108.782l-75.653-68.969 0.183-348.418c0.665-44.449 38.487-74.305 75.677-8
Action.c(140):     4.282 8.486-2.268 17.41-3.423 26.57-3.423 32.129 0 62.903 14.048 78.372 35.808l39.952 59.9
Action.c(140):     36 22.669-53.689c14.906-31.075 36.328-42.647 79.094-42.683 26.668 0 64.351 19.438 91.71 47
Action.c(140):     .279 16.69 16.973 36.455 43.996 35.892 76.409l-0.054 99.441 53.024-169.849c12.802-34.671 5
Action.c(140):     2.718-53.381 83.764-53.381 32.53 0.065 41.809 5.527 62.075 22.417l1.193 1.093c5.489 5.463 
Action.c(140):     53.937 54.572 65.316 95.643 10.28 33.933 26.686 84.321 41.754 129.796l0.137-248.83 169.603
Action.c(140):      0.046c26.757 0 50.851 11.834 69.078 24.965l-0.109-25.157 423.45-0.018 20.849 27.251c22.72
Action.c(140):     6-20.815 53.135-30.619 83.073-25.941l0.837 0.155c54.29 11.099 82.095 57.36 98.739 85.357l0
Action.c(140):     .010-86.724 119.663 0.119v-0.218l127.712 0.044 24.211 34.471c18.646-17.618 45.905-34.425 6
Action.c(140):     9.977-34.498l126.391 0.109 47.408 51.841-0.538 127.020-134.039-0.127c3.27 1.191 6.41 2.177
Action.c(140):      8.706 2.876 2.85 0.875 5.426 1.685 7.72 2.578 67.449 13.82 121.685 69.404 135.249 138.845
Action.c(140):     l0.321 2.55 1.494 29.025-0.093 1.232c-5.134 61.902-75.058 149.871-133.509 149.881v-0.026c-
Action.c(140):     4.263 0.073-20.913 0.073-95.518 0.073-8.885-0.046-8.885-0.046-53.119-48.094l-4.814-5.223-0
Action.c(140):     .157-119.292 114.611-0.137c2.012-0.228 5.126-3.149 6.182-5.025l0.847-1.921c0.137-0.3 1.256
Action.c(140):     -2.705 0.562-4.761-12.663-12.056-27.739-18.537-44.611-25.13-41.027-16.078-77.435-53.871-93
Action.c(140):     .297-94.714l-31.337 14.786-19.267-9.033c-0.101 108.282-0.218 274.936-0.155 279.997l-6.737 
Action.c(140):     0.091-11.728 11.582-0.127 6.918c-2.804-0.036-63.359-0.044-103.384-0.044h-8.132l-49.93-55.4
Action.c(140):     85-1.157-2.413c-7.537-16.061-18.863-38.723-29.928-60.464l-0.052 92.595c-0.036 9.668-0.065 
Action.c(140):     21.752-13.848 25.185l-1.294 0.29c-1.619 0.292-1.619 0.292-20.23 0.292l-76.453-0.028-12.044
Action.c(140):     -11.070c-2.449 6.682-7.103 11.099-16.489 11.099l-102.374-0.028-57.124-70.543 0.056-256.435
Action.c(140):     -30.037-0.026v327.158l-119.963-0.117-60.11-69.443 0.008-257.697-3.395-0.010c-1.639 26.295-
Action.c(140):     9.716 57.832-28.243 83.418 15.187 16.223 28.861 36.592 28.934 61.347l-0.073 182.421-103.82
Action.c(140):     1 0.081-51.297-57.34c0.028 9.651 0.038 17.944 0.044 24.328l2.133 0.484-2.139 16.414c-2.060
Action.c(140):      15.888-17.21 15.916-24.483 15.932l-15.588 0.010-53.827-0.046-6.892-6.801c-1.439 1.768-3.3
Action.c(140):     97 3.378-6.029 4.735-4.005 2.131-6.2 2.131-131.707 2.131l-92.759-0.018-21.496-23.052c-1.33
Action.c(140):     8 3.85-2.35 6.827-2.824 8.337-1.629 8.678-9.615 15.098-18.638 14.842-4.487-0.073-53.407-0.
Action.c(140):     163-76.070-0.163-3.55 0-6.291 0.010-7.874 0.010l-16.307 3.076zM4810.614 766.786l42.573 47.
Action.c(140):     618 51.041-0.046 0.075-145.902c-0.065-17.2-15.023-33.34-29.664-46.854l-13.895-12.818 13.32
Action.c(140):     2-13.429c22.951-23.109 31.411-61.277 29.636-88.854l-1.284-19.466 77.562 0.21-0.026 280.497
Action.c(140):      40.315 46.572 66.8 0.081-0.006-327.158 103.009 0.054-0.073 279.987 38.057 46.989 68.040 0
Action.c(140):     .018c0.228-4.334 0.419-9.059 0.564-13.401l30.565-12.766 28.525 26.148 61.146 0.018c0.048-3
Action.c(140):     6.765 0.067-120.274 0.067-157.13l34.415-8.456c1.81 3.451 43.593 83.49 63.843 126.19l35.489
Action.c(140):      39.396c39.406 0 63.077 0 77.491 0.083-0.183-31.657-0.101-107.163 0.062-290.842l0.028-28.6
Action.c(140):     96 55.657 26.122 56.304-26.578 4.443 23.072c7.101 36.709 40.289 75.294 77.215 89.771 20.68
Action.c(140):     8 8.093 40.783 16.862 58.773 34.907l2.012 2.459c10.079 14.449 8.23 30.956 3.005 42-4.616 1
Action.c(140):     1.58-19.113 27.194-38.852 27.932h-0.665l-78.644 0.091 0.099 68.596c11.29 12.228 22.808 24.
Action.c(140):     564 29.007 31.083 22.272 0 80.005 0 86.996-0.044h0.939c32.248 0 92.112-65.171 97.093-115.2
Action.c(140):     77l-1.292-25.155c-11.282-55.048-54.548-98.85-108.010-109.165l-2.213-0.429-2.020-0.955c-0.7
Action.c(140):     94-0.318-3.505-1.157-5.491-1.786-13.522-4.187-36.183-11.216-45.961-30.901l-0.8-1.637-0.464
Action.c(140):     -1.758c-1.905-7.029-5.019-18.646 2.338-28.89 3.288-4.598 9.825-10.224 22.262-11.016
Action.c(140): t=21214ms: 12273-byte ENCODED response body received for "https://stage.peapod.com/shop/images/icons/PeapodIcons.json" (RelFrameId=1, Internal ID=13)
Action.c(140): t=21214ms: 12288-byte DECODED response body for "https://stage.peapod.com/shop/images/icons/PeapodIcons.json" (RelFrameId=1, Internal ID=13)
Action.c(140):     l1.175-0.036 121.263 0.109 0.3-76.389-26.969-29.462-110.239-0.111c-16.051 0.056-45.868 21.
Action.c(140):     524-56.348 37.513l-14.757 22.48-42.083-59.964-74.095-0.036-29.682 12.072-11.782-11.863-76.
Action.c(140):     387-0.073-0.018 123.932-34.389 8.486-33.387-63.514c-18.174-30.5-38.914-60.803-74.305-68.23
Action.c(140):     9-24.018-3.562-48.092 7.684-63.113 29.105l-14.278 20.377-38.511-50.277-72.785 0.093-0.010 
Action.c(140):     7.374-32.667 11.117-14.338-18.545-248.987-0.028 0.119 31.010-33.361 10.27c-6.118-9.077-38.
Action.c(140):     386-41.099-72.172-41.099l-133.322-0.036-0.191 324.054-35.526 5.848c-0.536-1.594-54.409-160
Action.c(140):     .308-77.691-237.187-7.474-26.987-42.026-65.891-55.455-79.42-14.532-12.092-16.372-13.366-38
Action.c(140):     .041-13.411-18.49 0-42.508 11.125-49.438 29.134l-88.298 282.957-35.653-5.445 0.125-219.678
Action.c(140):     c0.266-15.725-8.766-33.55-25.429-50.505-22.369-22.77-50.94-36.364-65.617-36.364-32.25 0.01
Action.c(140):     8-38.686 6.273-46.070 21.587l-35.334 83.728-31.986 3.022-58.451-87.705c-8.25-11.591-28.253
Action.c(140):     -20.002-48.319-20.002-5.965 0-11.72 0.738-17.126 2.175-23.927 6.42-48.265 24.165-48.638 49
Action.c(140):     .329l-0.173 332.022 53.298 48.592h58.080l-0.282-131.062 31.419-12.647c12.856 13.403 49.64 
Action.c(140):     49.94 69.88 62.805 12.31 2.812 22.713-6.146 28.999-13.776l32.331 11.554 0.044 36.001 47.55
Action.c(140):     4 47.042 63.734 0.056-0.020-6.974 31.238-12.856c8.97 9.087 15.134 15.332 19.404 19.785h2.0
Action.c(140):     48c0.556 0 41.145 0.046 63.55 0.109 0.812-2.32 1.703-4.834 2.669-7.593 3.505-9.841 7.039-1
Action.c(140):     9.619 7.039-19.619l10.159-28.043 51.478 55.193h76.891c51.45 0 81.741 0 99.366-0.010-1.445-
Action.c(140):     5.154-3.003-10.698-4.533-16.023l30.375-17.964 34.415 33.969 42.427 0.028c-0.008-3.57-0.018
Action.c(140):     -7.595-0.028-11.955-0.026-18.109-0.026-42.256-0.018-66.364 0.018-48.245 0.075-96.492 0.075
Action.c(140):     -96.492 0.016-10.55 8.347-21.423 22.252-21.423 1.848 0 3.759 0.183 5.709 0.593l2.094 0.427
Action.c(140):      1.947 0.911c20.295 9.486 27.096 31.284 28.69 37.739l0.544 2.149 0.202 106.962zM4515.769 7
Action.c(140):     06.368l-81.462-0.228 23.556-73.329 34.77 0.109 23.137 73.448zM4769.836 564.381l-65.002-0.1
Action.c(140):     91-0.107-137.355 18.509-0.583c6.084-0.189 12.264-0.383 18.382-0.383 18.702 0 62.414 0 79.8
Action.c(140):     32 39.934 11.016 23.363 9.004 46.917-5.983 70.035l-0.873 1.246c-9.651 12.473-28.406 26.285
Action.c(140):     -44.159 27.259l-0.599 0.038zM4741.291 527.805l27.049 0.073c2.951-0.683 11.701-6.1 16.946-1
Action.c(140):     2.562 7.827-12.393 8.702-22.308 3.076-34.153l-0.292-0.619c-5.699-13.258-18.291-18.192-46.4
Action.c(140):     53-18.192-0.127 0-0.262 0-0.371 0.010l0.044 65.443z",\n
Action.c(140):             "M4833.74 576.352c26.257-13.903 53.5-77.254 36.437-122.031-13.483-35.461-44.24-76.
Action.c(140):     477-90.638-76.397l-129.268-0.202-1.22 393.353 69.922-0.101 0.056-149.837c61.585-5.116 84.1
Action.c(140):     17 16.487 86.84 39.331 0.083 0.639 0.282 110.487 0.282 110.487l68.404 0.191 0.062-157.458c
Action.c(140):     -1.054-13.602-18.863-31.986-40.879-37.338zM4796.338 524.017c-7.549 9.752-21.825 19.647-30.
Action.c(140):     873 20.206l-46.225-0.129-0.101-101.481c32.714-1.020 68.423-2.441 81.851 28.807 8.978 18.80
Action.c(140):     1 6.291 35.709-4.652 52.597z",\n
Action.c(140):             "M4892.793 789.457l-104.841-0.3-0.044-18.164c-0.065-40.416-0.202-100.679-0.264-109
Action.c(140):     .165-3.28-20.54-35.59-23.117-50.378-23.199l-0.065 150.574-106.452 0.135 1.33-429.878 147.4
Action.c(140):     96 0.228c54.683 0 91.446 45.534 107.663 88.161 15.169 39.833 1.901 92.577-21.56 123.551 15
Action.c(140):     .205 10.825 25.977 26.13 27.124 40.871l0.062 1.421-0.073 175.765zM4824.363 752.766l31.948 
Action.c(140):     0.081 0.065-138.091c-1.010-4.779-11.637-16.944-26.932-20.659l-46.699-11.363 42.466-22.488c
Action.c(140):     17.553-9.333 42.055-62.321 27.924-99.423-11.881-31.266-37.42-64.653-73.438-64.653l-111.251
Action.c(140):     -0.163-1.084 356.785 33.379-0.026 0.054-148.418 16.725-1.391c6.565-0.53 12.929-0.83 18.928
Action.c(140):     -0.83 75.024 0 85.968 43.010 87.542 56.193 0.155 1.377 0.191 1.659 0.375 94.446zM4766.001 
Action.c(140):     562.459l-64.99-0.173-0.127-137.363 18.527-0.564c6.065-0.191 12.23-0.383 18.347-0.383 18.7 
Action.c(140):     0 62.448 0 79.858 39.906 11.026 23.363 9.022 46.937-5.983 70.051l-0.873 1.248c-9.67 12.502
Action.c(140):     -28.444 26.293-44.185 27.261l-0.574 0.018zM4737.458 525.883l27.078 0.093c2.913-0.683 11.65
Action.c(140):     3-6.092 16.926-12.564 7.837-12.375 8.712-22.308 3.068-34.135l-0.292-0.647c-5.717-13.3-18.2
Action.c(140):     36-18.218-46.844-18.172l0.065 65.425z",\n
Action.c(140):             "M4009.081 400.34l63.188 145.632c0 0 38.785-92.952 55.447-134.616 6.428-13.874 10.
Action.c(140):     053-29.188 37.868-32.067 27.803-2.866 48.090 8.787 59.789 18.93 11.689 10.159 19.331 28.28
Action.c(140):     7 19.51 44.359 0.173 16.059 0.329 328.269 0.163 328.351-0.179 0.109-76.869 0.062-77.052 0.
Action.c(140):     081-0.163 0.028-0.036-287.071-0.036-287.071l-64.316 191.417c-7.037 15.36-23.363 22.48-42.8
Action.c(140):     99 16.416-9.025-0.764-16.509-10.188-20.996-16.59 0 0-68.185-191.234-67.905-191.216 0.274 0
Action.c(140):     .044-0.008 287.081-0.008 287.081l-77.616-0.056v-342.699c0.391-34.016 41.736-50.45 64.671-5
Action.c(140):     0.523 24.034-0.091 43.29 11.335 50.192 22.57z",\n
Action.c(140):             "M4162.014 789.967l-5.965-5.18c-6.346-5.499-6.346-5.499-6.374-58.68v-98.685l0.010-
Action.c(140):     31.813-29.462 87.35c-8.377 18.291-25.594 29.216-46.024 29.216-5.628 0-11.409-0.826-17.219-
Action.c(140):     2.483-15.314-2.324-25.648-14.705-32.175-24.038l-1.411-2.022-0.83-2.32c-13.175-36.939-23.78
Action.c(140):     8-66.758-32.365-90.83-0.020 41.793-0.048 99.852-0.129 180.593l-0.016 18.226-114.083-0.062v
Action.c(140):     -360.948c0.52-44.786 48.465-68.677 82.861-68.767 32.294 0 56.249 15.705 65.79 31.266l1.193
Action.c(140):      2.284 46.098 106.244c12.619-30.393 29.408-71.063 38.858-94.726l0.393-0.893c0.599-1.31 1.1
Action.c(140):     91-2.641 1.766-3.979 6.082-13.893 15.259-34.897 50.777-38.565 3.469-0.365 6.946-0.546 10.3
Action.c(140):     69-0.546 29.563 0 50.714 12.945 63.25 23.844 15.435 13.374 25.568 36.108 25.804 57.914 0.0
Action.c(140):     91 8.396 0.173 94.206 0.21 170.385 0.018 40.025 0.026 79.584 0.026 109.112l-0.026 35.626c-
Action.c(140):     0.018 18.555-0.036 24.8-10.242 29.827-3.798 1.937-3.798 1.937-60.747 1.937h-23.383l-6.954 
Action.c(140):     0.712zM3912.462 752.756l41.143 0.036c0.065-82.898 0.191-246.463 0.028-266.331l-1.693-6.537
Action.c(140):      12.147-15.751 24.782 4.142 0.974 11.99c5.253 15.124 41.389 116.651 66.211 186.293 3.878 5
Action.c(140):     .207 6.079 6.672 6.773 7.047l1.429 0.135 1.895 0.583c9.512 2.951 17.035 0.937 20.549-5.882
Action.c(140):     l63.97-190.351 35.536 5.819c-0.038 79.737-0.073 219.45-0.020 268.806h40.672c0.073-66.437-0
Action.c(140):     .062-296.111-0.218-309.998-0.119-11.27-5.692-24.217-13.221-30.746-7.849-6.809-21.022-14.92
Action.c(140):     3-39.341-14.923-2.175 0-4.396 0.119-6.628 0.337-14.35 1.494-16.051 5.382-21.087 16.89-0.61
Action.c(140):     9 1.437-1.238 2.858-1.885 4.261-16.616 41.526-54.992 133.501-55.385 134.438l-16.505 39.551
Action.c(140):     -79.592-183.496c-4.154-5.535-17.009-13.056-33.816-13.056-15.888 0.046-46.479 11.554-46.717
Action.c(140):      32.476v324.265z",\n
Action.c(140):             "M4491.067 402.935c8.621 9.041 16.168 26.047 16.168 26.047s103.184 341.992 103.474
Action.c(140):      342.028c0.292 0.026-197.67-0.054-197.67-0.054l0.191-68.021 96.964-0.091-64.879-218.904-87
Action.c(140):     .161 287.236c0 0-75.832 0-75.905-0.083-0.083-0.056 112.051-363.933 112.051-363.933 4.844-1
Action.c(140):     6.88 42.427-38.249 72.865-25.475 10.889 5.316 16.799 11.070 23.901 21.25z",\n
Action.c(140):             "M4371.675 789.421l-51.448-0.020c-43.339-0.026-44.824-0.026-49.585-4.215-9.534-7.4
Action.c(140):     56-7.484-14.138-1.048-35.108l107.28-348.299c6.402-22.316 39.279-42.218 70.279-42.218 9.569
Action.c(140):      0 18.676 1.784 27.069 5.316l0.929 0.419c14.521 7.075 22.433 15.287 30.135 26.148 10.016 1
Action.c(140):     1.073 17.755 28.17 18.619 30.137l0.802 2.139c30.518 101.199 85.575 283.485 99.868 330.347l
Action.c(140):     5.072 0.5-0.701 17.18c-0.556 13.467-9.968 16.582-20.041 17.299l-0.016 0.109c-0.22-0.018-0.
Action.c(140):     445-0.034-0.673-0.062-2.806 0.163-5.646 0.163-8.349 0.163-41.337 0-186.828-0.052-186.828-0
Action.c(140):     .052h-18.293l0.21-76.482-23.282 76.699zM4306.905 752.892c11.308 0.020 25.048 0.028 37.731 
Action.c(140):     0.028l100.88-332.496 89.106 300.647-103.2 0.091-0.083 31.548c35.644 0.028 114.464 0.054 15
Action.c(140):     4.709 0.054-2.514-8.267-5.602-18.4-9.087-29.926-9.716-32.067-22.645-74.823-35.556-117.579-
Action.c(140):     24.080-79.668-48.108-159.325-51.285-169.831-2.622-5.662-7.869-15.306-12.246-19.903l-1.758-
Action.c(140):     2.139c-5.727-8.194-9.333-11.518-16.455-15.052-3.788-1.52-7.984-2.284-12.51-2.284-17.636 0-
Action.c(140):     33.413 11.443-35.362 16.297-31.22 101.297-85.484 277.437-104.885 340.542zM4445.115 547.435
Action.c(140):     l-41.645 137.264 82.299-0.073-40.654-137.192z",\n
Action.c(140):             "M5417.652 407.214l98.56 202.762 0.399-232.115 81.005-0.018v393.087l-85.675 0.028-
Action.c(140):     132.227-260.104-0.046 260.239-77.036 0.010-0.135-346.453c-0.447-18.164 32.45-46.808 58.015
Action.c(140):     -47.108 18.656-0.191 47.217 6.874 57.14 29.672z",\n
Action.c(140):             "M5284.396 789.356l-0.145-364.707c-0.347-14.741 9.506-28.243 17.872-36.892 13.102-
Action.c(140):     13.574 35.29-28.196 58.189-28.46h0.966c25.457 0 59.763 10.561 72.938 40.261l63.879 131.445
Action.c(140):      0.308-171.369 117.452-0.046v429.588l-115.129 0.028-102.783-202.218-0.028 202.353-113.517 
Action.c(140):     0.018zM5361.276 395.787c-17.118 0.191-39.533 20.722-40.555 28.698l0.149 328.377 40.551-0.0
Action.c(140):     24 0.036-241.987 34.518-8.248 127.137 250.106 56.268-0.010v-356.602h-44.56l-0.381 213.923-
Action.c(140):     34.637 7.94-98.903-203.474c-6.41-14.794-28.726-18.7-39.624-18.7z",\n
Action.c(140):             "M5932.87 442.667l-89.263 0.028c-17.972-0.036-29.936 14.413-36.181 33.113-6.001 18
Action.c(140):     .063-1.949 47.491 10.397 61.412 32.23 26.795 70.398 16.717 99.987 48.364 35.608 39.577 42.
Action.c(140):     036 80.086 25.757 122.112-14.751 36.785-53.827 63.341-88.153 63.315l-92.057 0.073-0.183-60
Action.c(140):     .146 87.635-0.181c12.645-0.308 27.844-17.491 32.885-31.776 13.094-37.13-28.216-59.372-59.6
Action.c(140):     62-70.178-26.832-9.232-63.506-30.529-80.658-76.816-12.621-45.123-6.847-93.97 33.431-128.42
Action.c(140):     1 18.619-12.975 30.285-25.721 59.747-25.767l96.49 0.046-0.171 64.824z",\n
Action.c(140):             "M5745.157 789.329l-0.274-96.601 105.216-0.228c3.614-1.020 12.973-9.942 16.37-19.5
Action.c(140):     93 2.076-5.864 1.965-10.651-0.383-15.485-5.463-11.329-22.961-22.762-47.973-31.377-25.392-8
Action.c(140):     .73-71.097-31.738-91.839-87.697l-0.474-1.455c-16.305-58.316-2.048-111.971 39.134-147.196l1
Action.c(140):     .437-1.103c2.832-1.975 5.481-3.933 8.075-5.844 15.396-11.391 31.305-23.153 62.077-23.199l1
Action.c(140):     14.819 0.054-0.29 101.299-107.427 0.036c-10.452 0-16.334 12.927-18.91 20.639-4.062 12.246-
Action.c(140):     0.976 33.534 5.989 42.583 11.681 9.25 24.566 12.794 39.424 16.852 19.539 5.366 41.702 11.4
Action.c(140):     27 61.013 32.105 39.093 43.458 48.908 90.864 29.444 141.177-17.18 42.812-62.341 74.96-105.
Action.c(140):     123 74.96l-110.304 0.073zM5781.449 729.139l0.091 23.681 73.857-0.054c27.862 0 59.783-23.26
Action.c(140):     4 71.245-51.851 14.415-37.267 7.329-70.098-22.397-103.122-12.028-12.873-26.751-16.924-43.7
Action.c(140):     86-21.603-16.981-4.644-36.235-9.934-54.29-24.939l-1.986-1.903c-18.164-20.486-21.439-57.096
Action.c(140):     -14.074-79.293 9.686-28.999 29.17-45.614 53.462-45.614h71.099l0.081-28.362-78.219-0.028c-1
Action.c(140):     8.728 0.020-26.894 6.037-40.406 16.025-2.594 1.931-5.289 3.917-8.103 5.9-39.914 34.689-34.
Action.c(140):     389 82.434-27.279 108.383 14.842 39.295 45.798 57.132 69.215 65.189 24.548 8.43 56.405 23.
Action.c(140):     937 68.997 49.995 6.527 13.53 7.21 28.569 1.929 43.494-6.108 17.38-26.12 43.365-49.61 43.9
Action.c(140):     55l-69.826 0.147z",\n
Action.c(140):             "M5141.561 442.704l-84.174-0.246-0.28 328.454-84.847 0.044 0.208-328.379-83.444 0.
Action.c(140):     137 0.189-65.008 252.156 0.117z",\n
Action.c(140):             "M4954.004 789.22l0.191-328.353-83.472 0.127 0.3-101.543 288.538 0.145 0.3 101.398
Action.c(140):     -84.246-0.244-0.274 328.406-121.338 0.065zM4990.715 424.314l-0.202 328.388 48.374-0.028 0.
Action.c(140):     274-328.506 84.099 0.238-0.062-28.335-215.792-0.109-0.081 28.481 83.389-0.127z",\n
Action.c(140):             "M5261.27 771.093l-75.933 0.010v-393.297l75.933 0.228z",\n
Action.c(140):             "M5167.1 789.356v-429.852l112.406 0.329v429.506l-112.406 0.018zM5203.591 396.098v3
Action.c(140):     56.765l39.432-0.024v-356.624l-39.432-0.117z",\n
Action.c(140):             "M5711.488 377.77c0.673 30.609 0.135 76.143-23.244 104.275-14.713 12.639-21.361 24
Action.c(140):     .165-46.673 20.851l14.596-60.192h-20.748l0.173-64.778 75.895-0.155z",\n
Action.c(140):             "M5649.831 521.714c-3.35 0-6.92-0.254-10.617-0.738l-20.157-2.649 13.923-57.378-15.
Action.c(140):     852-0.008 0.264-101.209 111.951-0.246 0.393 17.882c0.883 40.134-1.693 85.347-27.469 116.33
Action.c(140):     9l-2.123 2.177c-2.258 1.921-4.298 3.824-6.247 5.644-10.169 9.462-21.677 20.186-44.066 20.1
Action.c(140):     86zM5653.711 424.477l25.654 0.008-12.764 52.581c0.764-0.693 1.566-1.421 2.439-2.239 1.913-
Action.c(140):     1.784 3.888-3.616 6.037-5.509 14.195-17.964 17.817-45.723 18.265-73.266l-39.569 0.083-0.06
Action.c(140):     2 28.343z",\n
Action.c(140):             "M4794.973 787.854l-0.308-25.558 22.933 0.038c-1.921 8.639-10.589 22.542-22.625 25
Action.c(140):     .519z",\n
Action.c(140):             "M4498.122 385.062c0 0 50.194 49.985 60.61 87.596 23.453 77.481 77.51 236.613 77.5
Action.c(140):     1 236.613l0.2-342.272 151.356 0.026c42.839-0.109 79.939 37.94 87.496 49.138l-0.198-49.311 
Action.c(140):     276.226 0.028 19.865 25.62 0.056-25.556 99.961-0.109 28.851 37.666c17.343-24.747 47.098-41
Action.c(140):     .948 81.287-36.584 44.705 9.131 68.906 46.925 86.978 77.28l33.605 63.944 0.018-142.197 102
Action.c(140):     .239 0.081 17.126 17.263 0.153-17.462 100.152 0.036 32.111 45.723c12.683-19.337 47.447-45.
Action.c(140):     669 71.62-45.733l118.296 0.093 37.203 40.652-0.435 101.709-139.439-0.117c-12.566 0.782-10.
Action.c(140):     381 8.684-8.158 16.963 8.13 16.404 35.080 20.676 42.8 24.29 64.151 12.383 110.842 64.252 1
Action.c(140):     22.713 124.781l1.429 27.823c-4.707 56.358-70.789 133.185-115.42 133.138-0.474 0.046-94.579
Action.c(140):      0.054-95.436 0.054-0.875-0.008-39.722-42.21-39.722-42.21l-0.093-93.97 96.839-0.081c12.090
Action.c(140):     -0.458 21.040-11.
Action.c(140): t=21235ms: 12288-byte DECODED response body for "https://stage.peapod.com/shop/images/icons/PeapodIcons.json" (RelFrameId=1, Internal ID=13)
Action.c(140):     746 22.772-16.944 1.026-2.002 6.317-13.53-1.203-24.336-15.725-15.816-33.889-23.546-52.454-
Action.c(140):     30.803-41.708-16.334-79.965-59.307-88.477-103.301l-42.81 20.22-37.475-17.579c0 0-0.264 309
Action.c(140):     .105-0.202 309.048 0.083-0.052-103.738-0.052-103.738-0.052l-42.681-47.437c-19.821-42.147-6
Action.c(140):     4.645-127.94-64.645-127.94s-0.044 175.33-0.127 175.348c-0.137 0.028-86.468-0.018-86.468-0.
Action.c(140):     018l-33.713-30.901c0 0-1.175 30.948-1.877 30.948-0.673 0-93.67-0.046-93.67-0.046l-47.59-58
Action.c(140):     .743 0.044-268.207-66.536-0.044 0.016 327.166-93.396-0.099-50.202-58.025 0.018-269.088-39.
Action.c(140):     843-0.119c1.977 30.311-6.964 74.776-34.86 102.876 18.365 16.971 35.463 36.644 35.515 60.26
Action.c(140):     3l-0.052 164.12-77.445 0.073-52.653-58.87-0.226-111.697c-2.242-9.041-8.214-20.712-18.712-2
Action.c(140):     5.638-6.017-1.238-6.017 3.005-6.017 3.005s-0.256 192.909 0.101 192.982c0.373 0.093-68.306 
Action.c(140):     0.020-68.306 0.020l-39.742-39.233c0 0 11.099 39.093 10.901 39.204-0.202 0.101-208.126 0.05
Action.c(140):     4-208.126 0.054l-36.535-39.178c0 0-14.278 39.416-13.622 39.305 0.637-0.081-86.623-0.2-86.4
Action.c(140):     39-0.145 0.181 0.065-24.794-25.247-24.794-25.247l0.065 25.265-89.527-0.054-58.279-57.652-0
Action.c(140):     .062-43.611c-13.584 16.507-30.901 25.157-50.414 19.101-26.265-15.485-75.722-67.102-75.722-
Action.c(140):     67.102l0.316 149.337-83.434-0.018-64.472-58.761 0.173-340.353c0.502-33.506 29.881-58.007 6
Action.c(140):     2.168-66.665 32.292-8.642 69.87 3.56 85.347 25.33l58.445 87.705 35.497-84.137c11.546-24.07
Action.c(140):     2 25.675-32.294 62.649-32.339 36.975-0.046 110.276 52.105 109.356 105.141l-0.125 219.668 8
Action.c(140):     8.443-283.457c9.849-26.65 41.899-41.464 66.735-41.436 27.096 0.036 32.687 3.479 50.313 18.
Action.c(140):     182zM4722.761 448.203l0.083 101.489 46.217 0.129c9.049-0.556 23.344-10.462 30.891-20.204 1
Action.c(140):     0.925-16.898 13.62-33.788 4.673-52.607-13.457-31.228-49.166-29.827-81.864-28.807zM4490.656
Action.c(140):      691.746l-15.642-49.64-15.941 49.547 31.583 0.093z",\n
Action.c(140):             "M4833.539 580.067c26.231-13.911 53.49-77.272 36.429-122.050-13.483-35.443-44.24-7
Action.c(140):     6.488-90.638-76.379l-129.286-0.218-1.211 393.341 69.916-0.073 0.054-149.845c61.583-5.146 8
Action.c(140):     4.125 16.479 86.849 39.331 0.073 0.637 0.284 110.475 0.284 110.475l68.402 0.202 0.054-157.
Action.c(140):     474c-1.048-13.602-18.847-31.984-40.853-37.311zM4796.121 527.714c-7.541 9.752-21.853 19.658
Action.c(140):     -30.895 20.204l-46.207-0.119-0.081-101.499c32.695-1.020 68.394-2.413 81.843 28.817 8.948 1
Action.c(140):     8.811 6.281 35.727-4.66 52.597z",\n
Action.c(140):             "M4880.52 781.063l-80.757-0.228-0.028-6.146c-0.073-37.102-0.202-107.873-0.274-110.
Action.c(140):     304-2.822-23.554-30.035-36.374-74.466-33.788l-0.056 150.256-82.315 0.109 1.256-405.734 135
Action.c(140):     .452 0.21c48.59 0 81.642 41.526 96.427 80.386 16.142 42.401-4.989 99.104-29.234 122.221 18
Action.c(140):     .299 8.24 32.913 24.274 34.050 38.852l-0.054 164.167zM4812.115 768.499l56.032 0.135 0.065-
Action.c(140):     151.256c-0.82-10.353-16.799-26.612-36.136-31.301l-15.836-3.854 14.405-7.638c24.129-12.782 
Action.c(140):     49.329-72.92 33.55-114.382-13.338-34.981-42.573-72.375-84.71-72.375l-123.267-0.208-1.175 3
Action.c(140):     80.95 57.515-0.065 0.062-149.353 5.672-0.484c6.237-0.528 12.272-0.782 17.946-0.782 63.305 
Action.c(140):     0 73.922 31.857 75.55 45.568 0.065 0.456 0.127 0.976 0.327 105.043zM4765.618 554.11l-52.78
Action.c(140):     8-0.165-0.099-113.626 6.835-0.228c5.938-0.191 11.974-0.373 17.956-0.373 27.076 0 56.447 3.
Action.c(140):     923 68.931 32.939 9.305 19.502 7.658 38.676-5.144 58.424-8.267 10.728-24.072 22.308-35.691
Action.c(140):      23.028zM4725.202 541.618l40.051 0.109c6.392-0.401 19.194-9.067 25.967-17.809 10.099-15.62
Action.c(140):     4 11.455-30.42 3.961-46.142-11.373-26.451-41.708-26.293-70.061-25.475l0.083 89.318z",\n
Action.c(140):             "M4008.872 404.045l63.178 145.64c0 0 38.785-92.95 55.447-134.624 6.418-13.893 10.0
Action.c(140):     53-29.206 37.876-32.075 27.787-2.86 48.092 8.777 59.781 18.928 11.699 10.143 19.339 28.289
Action.c(140):      19.51 44.34 0.173 16.088 0.337 328.307 0.157 328.39-0.173 0.083-76.873 0.044-77.036 0.062
Action.c(140):     -0.163 0.020-0.038-287.081-0.038-287.081l-64.333 191.438c-7.029 15.33-23.371 22.478-42.901
Action.c(140):      16.396-9.014-0.766-16.507-10.178-20.996-16.569 0 0-68.175-191.246-67.894-191.21 0.274 0.0
Action.c(140):     28-0.016 287.047-0.016 287.047l-77.6-0.038-0.026-342.691c0.409-34.034 41.744-50.468 64.679
Action.c(140):     -50.541 24.036-0.083 43.3 11.345 50.212 22.588z",\n
Action.c(140):             "M4165.782 781.236l-2.141-1.913c-2.11-1.903-2.11-1.903-2.119-49.521l-0.010-98.687 
Action.c(140):     0.028-105.577-52.498 156.091c-8.313 18.136-28.398 26.33-49.757 19.922-11.153-1.322-19.484-
Action.c(140):     11.508-24.828-19.111l-0.776-1.465c-10.978-30.847-39.323-110.376-55.766-156.739 0.065 69.22
Action.c(140):     5-0.073 214.48-0.119 250.497v6.202l-89.989-0.075-0.010-348.863c0.464-39.452 47.136-56.651 
Action.c(140):     70.843-56.741 27.442 0 47.947 13.247 55.504 25.548l0.399 0.774 57.396 132.265c11.363-27.30
Action.c(140):     5 37.138-89.382 49.795-121.068 0.79-1.711 1.411-3.112 2.020-4.533 5.543-12.683 12.445-28.4
Action.c(140):     6 40.972-31.419 3.058-0.31 6.118-0.464 9.113-0.464 25.866 0 44.393 11.353 55.375 20.877 12
Action.c(140):     .746 11.052 21.45 30.728 21.641 48.965 0.091 8.404 0.173 94.133 0.212 170.248 0.016 40.043
Action.c(140):      0.034 79.584 0.016 109.102l-0.016 35.636c-0.028 17.38-0.028 17.38-3.624 19.075-1.211 0.61
Action.c(140):     7-1.211 0.617-58.918 0.635h-20.293l-2.451 0.339zM3900.189 768.507l65.236 0.046c0.099-96.28
Action.c(140):     4 0.218-268.070 0.026-279.979l-0.583-2.268 4.126-5.362 8.404 1.401 0.355 4.163c2.83 8.466 
Action.c(140):     44.822 126.418 67.31 189.505 6.045 8.414 11.409 12.901 15.979 13.294l1.304 0.262c15.568 4.
Action.c(140):     826 29.38-0.236 35.316-12.8l64.216-191.099 12.054 1.975c-0.038 88.008-0.073 247.957 0 280.
Action.c(140):     87h14.594c15.562 0 39.188 0 50.14-0.008 0.111-43.292-0.026-307.565-0.189-322.179-0.157-14.
Action.c(140):     667-7.303-31.002-17.374-39.724-9.395-8.15-25.219-17.864-47.261-17.864-2.586 0-5.219 0.137-
Action.c(140):     7.849 0.401-21.341 2.213-25.548 11.855-30.893 24.064-0.645 1.494-1.3 2.995-1.992 4.471-16.
Action.c(140):     344 40.924-54.957 133.457-55.338 134.376l-5.608 13.429-68.787-158.559c-6.182-9.641-23.3-19
Action.c(140):     .275-44.449-19.275-21.048 0.065-58.388 14.977-58.745 44.413l0.010 336.446z",\n
Action.c(140):             "M4490.848 406.631c8.621 9.041 16.168 26.068 16.168 26.068s103.184 341.99 103.484 
Action.c(140):     342.008c0.3 0.020-197.68-0.054-197.68-0.054l0.191-68.040 96.964-0.081-64.879-218.904-87.15
Action.c(140):     1 287.234c0 0-75.843-0.010-75.915-0.062-0.083-0.073 112.061-363.943 112.061-363.943 4.834-
Action.c(140):     16.87 42.417-38.241 72.863-25.457 10.881 5.289 16.781 11.052 23.893 21.232z",\n
Action.c(140):             "M4362.536 781.063h-4.588c-71.027-0.010-77.536-0.010-79.523-1.23-0.026-0.028-0.044
Action.c(140):     -0.036-0.081-0.073-0.026-0.008-0.044-0.046-0.083-0.056-3.467-2.475-3.386-2.794 2.641-22.38
Action.c(140):     7l107.272-348.291c4.543-15.844 30.655-33.723 58.761-33.723 7.958 0 15.507 1.474 22.417 4.3
Action.c(140):     78 12.854 6.247 19.383 13.183 26.293 23.044 9.123 9.76 16.707 26.723 17.025 27.461l0.274 0
Action.c(140):     .72c32.695 108.373 93.069 308.311 102.229 338.047l1.748 0.183-0.238 5.828c-0.173 4.15-1.15
Action.c(140):     5 5.398-6.801 5.789l-0.008 0.101c-0.274-0.008-0.53-0.046-0.766-0.083-2.358 0.127-5.434 0.1
Action.c(140):     27-9.486 0.127-41.381 0-186.811-0.052-186.811-0.052h-6.19l0.21-80.404 94.853-0.093-56.649-
Action.c(140):     191.161-82.499 271.876zM4290.38 768.626c13.54 0.046 41.272 0.046 62.978 0.046l91.811-302.5
Action.c(140):     78 73.103 246.611-99.086 0.109-0.167 55.657c28.863 0.028 149.994 0.083 183.080 0.044-0.593
Action.c(140):     -1.903-1.266-4.114-2.050-6.718-2.85-9.341-6.91-22.705-11.764-38.749-9.714-32.058-22.651-74
Action.c(140):     .823-35.57-117.562-24.812-82.142-49.595-164.265-51.506-170.611-1.074-2.35-7.702-16.471-14.
Action.c(140):     84-23.963l-0.611-0.72c-6.983-10.034-12.209-14.705-21.506-19.23-5.088-2.121-11.006-3.268-17
Action.c(140):     .317-3.268-23.070 0-44.030 14.858-46.898 24.874-1.046 3.395-93.486 303.332-109.657 356.058
Action.c(140):     z",\n
Action.c(140):             "M5417.433 410.91l98.542 202.78 0.443-232.125 80.979-0.036v393.115l-85.685 0.008-1
Action.c(140):     32.225-260.094-0.038 260.241-77.062 0.008-0.109-346.453c-0.437-18.164 32.439-46.826 58.015
Action.c(140):     -47.090 18.664-0.21 47.245 6.847 57.14 29.646z",\n
Action.c(140):             "M5296.195 781.008l-0.109-352.653c-0.21-8.458 4.953-18.638 14.495-28.533 10.907-11
Action.c(140):     .29 30.454-24.556 49.656-24.757h0.82c21.933 0 51.359 8.732 62.049 33.379l86.722 178.452 0.
Action.c(140):     401-211.521 93.359-0.036v405.496l-95.663 0.018-122.247-240.473-0.028 240.59-89.455 0.038zM
Action.c(140):     5361.058 387.447h-0.683c-12.484 0.147-28.898 8.567-40.879 20.978-7.021 7.275-11.155 14.659
Action.c(140):     -11.026 19.774l0.109 340.426 64.671-0.018 0.065-254.049 11.699-2.804 130.516 256.716 75.68
Action.c(140):     5-0.010v-380.73l-68.622 0.018-0.419 225.943-11.77 2.685-98.54-202.762c-8.996-20.712-36.167
Action.c(140):     -26.166-50.805-26.166z",\n
Action.c(140):             "M5932.632 446.364l-89.243 0.028c-17.972-0.028-29.946 14.403-36.183 33.113-5.999 1
Action.c(140):     8.073-1.965 47.481 10.399 61.42 32.22 26.787 70.404 16.707 99.987 48.356 35.598 39.577 42.
Action.c(140):     063 80.068 25.783 122.13-14.777 36.773-53.845 63.315-88.161 63.297l-92.067 0.065-0.2-60.13
Action.c(140):     8 87.661-0.173c12.609-0.327 27.813-17.491 32.867-31.792 13.102-37.102-28.188-59.364-59.652
Action.c(140):     -70.17-26.852-9.242-63.48-30.52-80.66-76.808-12.629-45.133-6.858-93.978 33.415-128.439 18.
Action.c(140):     607-12.973 30.254-25.721 59.771-25.757l96.492 0.036-0.21 64.835z",\n
Action.c(140):             "M5756.976 780.963l-0.246-72.502 93.851-0.191c8.567-0.218 22.296-14.193 27.057-27.
Action.c(140):     668 3.143-8.885 2.834-16.981-0.909-24.729-6.966-14.411-26.485-27.749-54.929-37.519-23.354-
Action.c(140):     8.031-65.389-29.172-84.428-80.503-15.414-54.883-2.842-102.765 35.197-135.305l0.476-0.383c2
Action.c(140):     .941-2.040 5.69-4.080 8.357-6.045 14.459-10.671 28.124-20.778 54.937-20.815l102.7 0.046-0.
Action.c(140):     226 77.207-95.428 0.036c-17.991 0-26.713 18.073-30.309 28.863-5.535 16.688-1.228 43.228 8.
Action.c(140):     859 55.038 13.874 11.379 28.89 15.503 44.786 19.839 18.875 5.189 38.404 10.542 55.393 28.7
Action.c(140):     24 35.655 39.634 44.731 82.861 27.031 128.577-15.414 38.368-55.766 67.266-93.887 67.266l-9
Action.c(140):     8.284 0.065zM5769.158 720.807l0.155 47.781 85.893-0.073c32.869 0 69.049-26.084 82.434-59.4
Action.c(140):     16 16.051-41.518 8.013-79.358-24.647-115.686-14.513-15.521-31.538-20.186-49.547-25.138-16.
Action.c(140):     598-4.533-33.752-9.25-49.803-22.578l-0.675-0.665c-14.584-16.471-17.862-48.773-11.635-67.48
Action.c(140):     3 7.922-23.746 23.217-37.358 41.982-37.358l83.154-0.016 0.155-52.444-90.273-0.046c-22.734 
Action.c(140):     0.028-33.707 8.132-47.582 18.384-2.687 1.994-5.455 4.034-8.386 6.082-45.852 39.422-39.277 
Action.c(140):     93.249-31.256 121.874 16.261 43.748 50.696 63.669 76.707 72.619 22.353 7.686 51.24 21.532 
Action.c(140):     62.049 43.841 5.191 10.744 5.662 22.242 1.429 34.252-5.89 16.688-23.181 35.517-38.559 35.8
Action.c(140):     98l-81.595 0.173z",\n
Action.c(140):             "M5141.333 446.392l-84.153-0.228-0.284 328.442-84.837 0.046 0.163-328.361-83.416 0
Action.c(140):     .127 0.181-65.006 252.182 0.117z",\n
Action.c(140):             "M4965.848 780.852l0.202-328.361-83.446 0.129 0.212-77.419 264.537 0.137 0.2 77.28
Action.c(140):     2-84.192-0.248-0.274 328.428-97.238 0.052zM4978.423 440.082l-0.173 328.388 72.448-0.054 0.
Action.c(140):     29-328.47 84.164 0.246-0.155-52.48-239.836-0.117-0.147 52.625 83.41-0.137z",\n
Action.c(140):             "M5261.051 774.799l-75.915 0.008v-393.295l75.915 0.208z",\n
Action.c(140):             "M5178.955 781.008v-405.706l88.27 0.254v405.413l-88.27 0.038zM5191.327 387.711v380
Action.c(140):     .914l63.514-0.018v-380.712l-63.514-0.183z",\n
Action.c(140):             "M5711.26 381.475c0.703 30.583 0.127 76.141-23.244 104.267-14.713 12.655-21.333 24
Action.c(140):     .163-46.652 20.841l14.578-60.164h-20.74l0.145-64.78 75.913-0.163z",\n
Action.c(140):             "M5649.604 513.348c-2.814 0-5.864-0.202-9.033-0.629l-6.837-0.893 14.33-59.207h-19.
Action.c(140):     081l0.218-77.173 88.106-0.181 0.153 6.073c0.857 37.884-1.429 80.384-24.691 108.373l-0.72 0
Action.c(140):     .738c-2.387 2.022-4.525 4.023-6.591 5.944-9.343 8.724-18.182 16.954-35.854 16.954zM5649.09
Action.c(140):     4 500.974c13.173 0.282 19.021-5.316 27.94-13.628 2.040-1.913 4.191-3.917 6.521-5.936 19.22
Action.c(140):     -23.473 22.042-59.954 21.623-93.724l-63.633 0.127-0.145 52.407h22.397l-14.703 60.755z",\n
Action.c(140):             "M4807.427 481.071c-13.439-31.228-49.148-29.835-81.86-28.815l0.091 101.481 46.233 
Action.c(140):     0.145c9.041-0.564 23.334-10.452 30.873-20.212 10.943-16.872 13.612-33.77 4.662-52.599zM477
Action.c(140):     0.335 538.076l-0.302-25.556 22.927 0.034c-1.893 8.668-10.589 22.544-22.625 25.521z",\n
Action.c(140):             "M6062.339 805.281c0 23.471-19.047 42.5-42.502 42.5-23.479 0-42.5-19.029-42.5-42.5
Action.c(140):      0-23.463 19.021-42.502 42.5-42.502 23.455 0 42.502 19.039 42.502 42.502z",\n
Action.c(140):             "M6019.837 853.163c-26.394 0-47.88-21.488-47.88-47.882 0-26.412 21.486-47.874 47.8
Action.c(140):     8-47.874 26.396 0 47.874 21.462 47.874 47.874 0 26.394-21.478 47.882-47.874 47.882zM6019.8
Action.c(140):     37 768.169c-20.466 0-37.128 16.654-37.128 37.112 0 20.476 16.662 37.128 37.128 37.128 20.4
Action.c(140):     76 0 37.12-16.652 37.12-37.128 0-20.458-16.644-37.112-37.12-37.112z",\n
Action.c(140):             "M5991.459 807.301c0-17.079 12.875-29.944 29.38-29.944 16.289 0 29.164 12.865 29.1
Action.c(140):     64 29.944 0 17.354-12.875 30.127-29.164 30.127-16.505 0-29.38-12.774-29.38-30.127zM6020.83
Action.c(140):     8 843.429c19.629 0 36.437-15.259 36.437-36.128 0-20.696-16.807-35.989-36.437-35.989-19.847
Action.c(140):      0-36.628 15.293-36.628 35.989 0 20.869 16.781 36.128 36.628 36.128zM6013.201 810.143h7.23
Action.c(140):     9l10.97 18.027h7.065l-11.836-18.319c6.12-0.738 10.782-3.979 10.782-11.435 0-8.194-4.862-11
Action.c(140):     .81-14.671-11.81h-15.832v41.565h6.283v-18.027zM6013.201 804.8v-12.877h8.577c4.388 0 9.059 
Action.c(140):     0.957 9.059 6.128 0 6.374-4.753 6.749-10.099 6.749h-7.537z",\n
Action.c(140):             "M289.155 451.422c-40.722 0-71.78-12.45-71.78-41.491v-241.271c0-42.159 9.664-53.90
Action.c(140):     9 63.
Action.c(140): t=21255ms: 3401-byte DECODED response body for "https://stage.peapod.com/shop/images/icons/PeapodIcons.json" (RelFrameId=1, Internal ID=13)
Action.c(140):     483-53.909 68.315 0 124.9 69.13 124.9 165.231 0.699 88.49-48.32 171.44-116.635 171.44h0.03
Action.c(140):     2zM296.752 82.972c-60.717 0-105.604 3.471-135.963 3.471h-25.527c-64.882 0-100.073-3.471-10
Action.c(140):     6.271-3.471-17.262 0-26.226 5.541-26.226 15.221 0 20.061 22.094 13.119 57.284 20.061 29.65
Action.c(140):     9 5.541 33.124 15.221 33.124 50.47v496.361c0 52.54 0 68.43-40.722 76.072-28.292 5.509-52.4
Action.c(140):     52-2.102-52.452 18.66 0 11.018 9.664 17.29 28.292 17.29s61.417-7.642 124.9-7.642c69.014 0 
Action.c(140):     111.803 7.642 129.732 7.642 18.628 0 28.292-6.942 28.292-17.29 0-20.761-24.16-13.151-51.75
Action.c(140):     3-18.66-42.089-9.011-42.089-24.232-42.089-77.441v-165.231c0-14.52 3.465-23.5 13.097-22.131
Action.c(140):      7.598 0.701 45.554 26.27 126.299 13.119 96.607-15.889 179.418-95.4 179.418-203.919 0-132.
Action.c(140):     051-81.444-202.55-239.468-202.55l0.032-0.032z",\n
Action.c(140):             "M675.7 450.192l2.759-18.032c14.461-58.315 31.681-127.020 132.177-127.020 79.186 0
Action.c(140):      88.826 60.393 88.826 99.941 0 62.471-31.681 57.611-118.414 57.611h-88.826c-11.004 0-16.52
Action.c(140):     2-3.485-16.522-9.016v-3.485zM681.217 496.006h292.61c33.044 0 46.141-4.156 46.141-24.298 0-
Action.c(140):     90.222-75.729-198.507-210.665-198.507-157.642 0-265.052 106.207-265.052 264.431 0 158.959 
Action.c(140):     98.435 263.759 249.925 263.759 79.186 0 138.393-25.673 187.261-69.409 24.101-20.781 35.106
Action.c(140):     -38.877 35.106-49.97 0-9.016-3.457-12.501-11.004-12.501-8.943 0-55.084 64.549-156.976 64.5
Action.c(140):     49-116.353 0-183.139-97.863-183.139-211.007v-9.016c0-15.282 2.061-17.36 15.824-18.032h-0.0
Action.c(140):     32z",\n
Action.c(140):             "M1347.595 630.486c0 54.906-48.313 97.295-95.926 97.295-51.745 0-62.806-41.012-62.
Action.c(140):     806-87.562 0-47.959 38.65-97.999 91.095-118.841l46.247-18.057c6.198-3.522 12.428-4.194 14.
Action.c(140):     494-4.194 3.465 0 6.897 4.194 6.897 13.222v118.137zM1562.205 720.162c0-9.733-5.531-16.712-
Action.c(140):     15.193-16.712-16.56 0-33.12 24.364-53.811 24.364-27.589 0-33.819-25.74-33.819-72.963v-256.
Action.c(140):     475c0-91.756-22.090-127.197-133.177-127.197-146.972 0-249.795 88.266-249.795 154.986 0 11.
Action.c(140):     109 11.029 20.17 26.222 20.17 53.811 0 71.070-27.821 93.161-67.424 25.523-46.582 48.313-72
Action.c(140):     .995 95.926-72.995 44.848 0 55.21 25.708 55.21 88.266v47.959c0 15.303-1.367 20.842-15.193 
Action.c(140):     26.381l-35.186 14.599c-140.774 55.643-217.375 104.242-217.375 196.735 0 54.17 26.922 119.5
Action.c(140):     13 96.593 119.513 49.679 0 89.696-25.676 137.309-57.66l29.687-20.17h7.597c20.024 48.631 53
Action.c(140):     .144 77.797 93.86 77.797 53.144-0.672 117.984-58.396 117.984-79.206v0.032z",\n
Action.c(140):             "M1843.053 766.563c-71.724 0-111.016-35.382-111.016-104.070v-205.39c0-74.249 35.16
Action.c(140):     3-109.631 111.016-109.631 107.586 0 180.676 79.81 180.676 206.733 0 124.941-73.090 212.358
Action.c(140):     -180.676 212.358zM1914.078 272.52c-59.304 0-106.188 20.136-153.771 63.158l-14.485 13.169c-
Action.c(140):     4.129 4.155-7.592 5.561-9.656 5.561-3.462 0-5.527-2.078-5.527-7.639v-54.112c0-15.278-4.129
Action.c(140):     -22.885-13.786-22.885-12.42 0-37.228 31.227-96.532 61.048-36.561 18.73-62.766 20.136-62.76
Action.c(140):     6 37.46s22.076 11.091 38.625 18.027c17.248 7.639 22.076 20.136 22.076 49.957v499.604c0 29.
Action.c(140):     789-5.527 39.537-28.969 47.145-29.668 9.749-51.712 0-51.712 24.323 0 9.717 7.592 16.652 22
Action.c(140):     .743 16.652 18.614 0 57.938-7.671 114.479-7.671 46.884 0 88.972 7.671 124.135 7.671 18.614
Action.c(140):      0 27.571-7.671 27.571-16.652 0-24.323-25.507-14.575-61.369-24.323-27.571-7.607-33.098-16.
Action.c(140):     62-33.098-47.145v-156.808l7.592-3.484c37.228 16.652 75.853 24.963 118.608 24.963 165.492 0
Action.c(140):      279.971-117.238 279.971-276.826 0-148.497-97.93-251.192-224.129-251.192z",\n
Action.c(140):             "M3182.011 639.143c0 76.997-5.569 108.882-85.663 108.882-120.889 0-194.81-78.371-1
Action.c(140):     94.81-207.381 0-142.173 76.689-236.519 172.6
Action.c(140): t=21262ms: 12266-byte ENCODED response body received for "https://stage.peapod.com/shop/images/icons/PeapodIcons.json" (RelFrameId=1, Internal ID=13)
Action.c(140): t=21263ms: 12288-byte DECODED response body for "https://stage.peapod.com/shop/images/icons/PeapodIcons.json" (RelFrameId=1, Internal ID=13)
Action.c(140):     94-236.519 94.637 0 107.779 54.122 107.779 165.816v169.202zM3352.605 702.306c-7.573 0-22.0
Action.c(140):     84 20.767-41.431 20.767-11.042 0-17.279-14.569-17.279-44.377v-570.802c0-28.467 4.137-54.12
Action.c(140):     2 4.137-74.953 0-14.569-4.137-20.799-16.579-20.799-8.974 0-38.727 22.205-100.173 39.521-38
Action.c(140):     .695 11.086-62.879 12.492-62.879 28.435 0 11.118 18.647 9.713 40.731 20.128 18.647 9.042 2
Action.c(140):     0.747 15.272 20.747 43.035v130.384c0 11.054-4.869 16.645-10.406 16.645h-3.437l-17.311-5.59
Action.c(140):     1c-20.684-6.23-53.842-12.492-92.568-12.492-159.552 0-280.473 117.253-280.473 271.887 0 149
Action.c(140):     .841 107.811 255.273 252.184 255.273 92.536 0 141.573-49.968 149.21-49.968 11.010 0 13.11 
Action.c(140):     47.86 33.158 47.86 11.010 0 49.705-22.876 120.157-42.972 20.716-5.559 33.89-7.668 33.89-33
Action.c(140):     .291 0-11.086-6.237-18.722-11.774-18.722l0.095 0.032z",\n
Action.c(140):             "M2735.37 527.178c0 154.057-124.416 278.261-277.165 278.261s-277.165-124.204-277.1
Action.c(140):     65-278.261c0-153.354 123.715-278.261 277.165-278.261s277.165 124.907 277.165 278.261z",\n
Action.c(140):             "M3437.226 36.765h-19.422v25.753h19.422c6.229 0 13.161-4.875 13.161-12.54 0.703-8.
Action.c(140):     338-6.229-13.213-13.161-13.213zM3449.717 100.811l-18.72-29.249h-12.49v29.249h-10.414v-73.1
Action.c(140):     22h29.805c12.49 0 23.575 9.044 23.575 22.289 0 16.003-14.567 21.584-18.72 21.584l19.422 29
Action.c(140):     .249h-12.458zM3432.371 9.601c-30.507 0-54.083 24.374-54.083 54.296s24.278 54.296 54.083 54
Action.c(140):     .296c29.805 0 54.083-24.374 54.083-54.296s-24.278-54.296-54.083-54.296zM3432.371 128.649c-
Action.c(140):     35.363 0-63.794-28.543-63.794-64.046s28.431-64.046 63.794-64.046c35.363 0 63.794 28.543 63
Action.c(140):     .794 64.046 0 34.797-28.431 64.046-63.794 64.046z",\n
Action.c(140):             "M3552.029 747.315c24.414 0 29.297-25.017 29.297-63.886 0-46.547-7.003-63.214-27.2
Action.c(140):     41-63.214-27.176 0-32.091 23.609-32.091 65.294 0.739 37.494 5.622 61.807 30.003 61.807h0.0
Action.c(140):     32zM3489.26 540.332h34.854v77.099h0.675c6.296-15.292 20.945-25.017 39.769-25.017 26.502 0 
Action.c(140):     53.71 11.805 53.71 88.903 0 59.727-16.062 93.766-57.18 93.766-25.121 0-33.473-14.588-38.35
Action.c(140):     5-25.689h-0.739v21.53h-32.734v-230.592z",\n
Action.c(140):             "M3662.365 595.942l29.822 130.166h0.671l27.715-130.166h36.783l-47.83 179.348c-13.8
Action.c(140):     89 47.078-25.001 53.329-60.347 52.596-4.821 0-8.972-0.67-13.857-1.372v-27.685c4.151 0.734 
Action.c(140):     7.663 1.372 11.080 1.372 11.782 0 19.413-2.775 23.564-13.811l4.885-13.875-49.203-177.243 3
Action.c(140):     6.719 0.67z",\n
Action.c(140):             "M2735.37 527.178c0 154.057-124.416 278.261-277.165 278.261s-277.165-124.204-277.1
Action.c(140):     65-278.261c0-153.354 123.715-278.261 277.165-278.261s277.165 124.907 277.165 278.261z"\n
Action.c(140):           ],\n
Action.c(140):           "attrs": [\n
Action.c(140):             {\n
Action.c(140):               "fill": "rgb(255, 255, 254)"\n
Action.c(140):             },\n
Action.c(140):             {\n
Action.c(140):               "fill": "rgb(255, 255, 254)"\n
Action.c(140):             },\n
Action.c(140):             {\n
Action.c(140):               "fill": "rgb(255, 255, 254)"\n
Action.c(140):             },\n
Action.c(140):             {\n
Action.c(140):               "fill": "rgb(255, 255, 254)"\n
Action.c(140):             },\n
Action.c(140):             {\n
Action.c(140):               "fill": "rgb(255, 255, 254)"\n
Action.c(140):             },\n
Action.c(140):             {\n
Action.c(140):               "fill": "rgb(255, 255, 254)"\n
Action.c(140):             },\n
Action.c(140):             {\n
Action.c(140):               "fill": "rgb(255, 255, 254)"\n
Action.c(140):             },\n
Action.c(140):             {\n
Action.c(140):               "fill": "rgb(255, 255, 254)"\n
Action.c(140):             },\n
Action.c(140):             {\n
Action.c(140):               "fill": "rgb(255, 255, 254)"\n
Action.c(140):             },\n
Action.c(140):             {\n
Action.c(140):               "fill": "rgb(255, 255, 254)"\n
Action.c(140):             },\n
Action.c(140):             {\n
Action.c(140):               "fill": "rgb(255, 255, 254)"\n
Action.c(140):             },\n
Action.c(140):             {\n
Action.c(140):               "fill": "rgb(255, 255, 254)"\n
Action.c(140):             },\n
Action.c(140):             {\n
Action.c(140):               "fill": "rgb(255, 255, 254)"\n
Action.c(140):             },\n
Action.c(140):             {\n
Action.c(140):               "fill": "rgb(255, 255, 254)"\n
Action.c(140):             },\n
Action.c(140):             {\n
Action.c(140):               "fill": "rgb(255, 255, 254)"\n
Action.c(140):             },\n
Action.c(140):             {\n
Action.c(140):               "fill": "rgb(255, 255, 254)"\n
Action.c(140):             },\n
Action.c(140):             {\n
Action.c(140):               "fill": "rgb(255, 255, 254)"\n
Action.c(140):             },\n
Action.c(140):             {\n
Action.c(140):               "fill": "rgb(255, 255, 254)"\n
Action.c(140):             },\n
Action.c(140):             {\n
Action.c(140):               "fill": "rgb(255, 255, 254)"\n
Action.c(140):             },\n
Action.c(140):             {\n
Action.c(140):               "fill": "rgb(26, 25, 25)"\n
Action.c(140):             },\n
Action.c(140):             {\n
Action.c(140):               "fill": "rgb(220, 59, 65)"\n
Action.c(140):             },\n
Action.c(140):             {\n
Action.c(140):               "fill": "rgb(220, 59, 65)"\n
Action.c(140):             },\n
Action.c(140):             {\n
Action.c(140):               "fill": "rgb(220, 59, 65)"\n
Action.c(140):             },\n
Action.c(140):             {\n
Action.c(140):               "fill": "rgb(220, 59, 65)"\n
Action.c(140):             },\n
Action.c(140):             {\n
Action.c(140):               "fill": "rgb(220, 59, 65)"\n
Action.c(140):             },\n
Action.c(140):             {\n
Action.c(140):               "fill": "rgb(220, 59, 65)"\n
Action.c(140):             },\n
Action.c(140):             {\n
Action.c(140):               "fill": "rgb(220, 59, 65)"\n
Action.c(140):             },\n
Action.c(140):             {\n
Action.c(140):               "fill": "rgb(220, 59, 65)"\n
Action.c(140):             },\n
Action.c(140):             {\n
Action.c(140):               "fill": "rgb(220, 59, 65)"\n
Action.c(140):             },\n
Action.c(140):             {\n
Action.c(140):               "fill": "rgb(220, 59, 65)"\n
Action.c(140):             },\n
Action.c(140):             {\n
Action.c(140):               "fill": "rgb(220, 59, 65)"\n
Action.c(140):             },\n
Action.c(140):             {\n
Action.c(140):               "fill": "rgb(220, 59, 65)"\n
Action.c(140):             },\n
Action.c(140):             {\n
Action.c(140):               "fill": "rgb(220, 59, 65)"\n
Action.c(140):             },\n
Action.c(140):             {\n
Action.c(140):               "fill": "rgb(220, 59, 65)"\n
Action.c(140):             },\n
Action.c(140):             {\n
Action.c(140):               "fill": "rgb(220, 59, 65)"\n
Action.c(140):             },\n
Action.c(140):             {\n
Action.c(140):               "fill": "rgb(220, 59, 65)"\n
Action.c(140):             },\n
Action.c(140):             {\n
Action.c(140):               "fill": "rgb(26, 25, 25)"\n
Action.c(140):             },\n
Action.c(140):             {\n
Action.c(140):               "fill": "rgb(255, 255, 254)"\n
Action.c(140):             },\n
Action.c(140):             {\n
Action.c(140):               "fill": "rgb(255, 255, 254)"\n
Action.c(140):             },\n
Action.c(140):             {\n
Action.c(140):               "fill": "rgb(26, 25, 25)"\n
Action.c(140):             },\n
Action.c(140):             {\n
Action.c(140):               "fill": "rgb(51, 51, 51)"\n
Action.c(140):             },\n
Action.c(140):             {\n
Action.c(140):               "fill": "rgb(51, 51, 51)"\n
Action.c(140):             },\n
Action.c(140):             {\n
Action.c(140):               "fill": "rgb(54, 54, 54)"\n
Action.c(140):             },\n
Action.c(140):             {\n
Action.c(140):               "fill": "rgb(51, 51, 51)"\n
Action.c(140):             },\n
Action.c(140):             {\n
Action.c(140):               "fill": "rgb(51, 51, 51)"\n
Action.c(140):             },\n
Action.c(140):             {\n
Action.c(140):               "fill": "rgb(94, 160, 0)"\n
Action.c(140):             },\n
Action.c(140):             {\n
Action.c(140):               "fill": "rgb(51, 51, 51)"\n
Action.c(140):             },\n
Action.c(140):             {\n
Action.c(140):               "fill": "rgb(51, 51, 51)"\n
Action.c(140):             },\n
Action.c(140):             {\n
Action.c(140):               "fill": "rgb(51, 51, 51)"\n
Action.c(140):             },\n
Action.c(140):             {\n
Action.c(140):               "fill": "rgb(94, 161, 0)"\n
Action.c(140):             }\n
Action.c(140):           ],\n
Action.c(140):           "width": 6069,\n
Action.c(140):           "isMulticolor": true,\n
Action.c(140):           "grid": 32,\n
Action.c(140):           "tags": [\n
Action.c(140):             "peapod-by-martins"\n
Action.c(140):           ]\n
Action.c(140):         },\n
Action.c(140):         {\n
Action.c(140):           "paths": [\n
Action.c(140):             "M428.783 300.032c0 108.979-88.345 197.325-197.325 197.325s-197.325-88.345-197.325
Action.c(140):     -197.325c0-108.979 88.345-197.325 197.325-197.325s197.325 88.345 197.325 197.325z",\n
Action.c(140):             "M428.783 746.257c0 108.979-88.345 197.325-197.325 197.325s-197.325-88.345-197.325
Action.c(140):     -197.325c0-108.979 88.345-197.325 197.325-197.325s197.325 88.345 197.325 197.325z",\n
Action.c(140):             "M521.079 669.013l64.58-77.107c41.847 32.87 87.279 50.21 135.714 50.21 31.676 0 48
Action.c(140):     .401-10.752 48.401-28.706v-1.195c0-17.92-13.653-26.897-71.134-40.653-89.088-20.309-157.833
Action.c(140):     -45.431-157.833-130.901v-1.195c0-77.722 61.44-133.939 161.997-133.939 71.168 0 126.771 19.
Action.c(140):     149 172.203 55.603l-58.027 81.92c-38.263-27.511-80.111-41.267-117.18-41.267-28.092 0-41.84
Action.c(140):     7 11.366-41.847 26.897v1.399c0 19.149 14.336 27.511 72.943 40.653 95.573 20.924 155.409 52
Action.c(140):     .019 155.409 130.321v1.195c0 85.504-67.55 136.294-169.165 136.294-74.103-0.102-144.043-23.
Action.c(140):     415-196.062-69.53z",\n
Action.c(140):             "M1056.119 414.447h-134.519v-101.649h385.707v101.649h-135.202v316.826h-116.053z",\n
Action.c(140):             "M1332.156 523.264v-1.024c0-120.183 96.836-217.634 225.963-217.634s224.768 96.256 
Action.c(140):     224.768 216.405v1.229c0 120.149-96.836 217.6-225.963 217.6s-224.768-96.427-224.768-216.576
Action.c(140):     zM1663.932 523.264v-1.024c0-60.996-43.042-113.015-107.008-113.015s-106.257 51.234-106.257 
Action.c(140):     111.616v1.399c0 60.348 43.657 112.947 107.588 112.947 63.249-0.307 105.677-51.507 105.677-
Action.c(140):     111.923z",\n
Action.c(140):             "M1842.278 312.798h179.951c105.233 0 173.363 54.409 173.363 146.466v1.195c0 99.26-
Action.c(140):     75.913 151.279-179.337 151.279h-58.027v119.467h-116.053zM2013.867 521.011c40.653 0 66.355-
Action.c(140):     22.118 66.355-54.989v-1.195c0-35.874-25.702-54.409-66.97-54.409h-54.989v110.592z",\n
Action.c(140):             "M2640.145 669.013l64.58-77.107c41.847 32.87 87.279 50.21 135.714 50.21 31.676 0 4
Action.c(140):     8.401-10.752 48.401-28.706v-1.195c0-17.92-13.653-26.897-71.134-40.653-89.088-20.309-157.83
Action.c(140):     3-45.431-157.833-130.901v-1.195c0-77.722 61.44-133.939 161.997-133.939 71.168 0 126.771 19
Action.c(140):     .149 172.203 55.603l-58.027 81.92c-38.263-27.511-80.111-41.267-117.18-41.267-28.092 0-41.8
Action.c(140):     47 11.366-41.847 26.897v1.399c0 19.149 14.336 27.511 72.943 40.653 95.573 20.924 155.409 5
Action.c(140):     2.019 155.409 130.321v1.195c0 85.504-67.55 136.294-169.165 136.294-74.103-0.102-144.043-23
Action.c(140):     .415-196.062-69.53z",\n
Action.c(140):             "M3070.532 312.798h116.053v156.638h134.588v-156.638h116.053v418.475h-116.053v-158.
Action.c(140):     993h-134.485v158.993h-116.053z",\n
Action.c(140):             "M3499.383 523.264v-1.024c0-120.183 96.836-217.634 225.963-217.634s224.802 96.256 
Action.c(140):     224.802 216.405v1.229c0 120.149-96.87 217.6-225.963 217.6s-224.802-96.427-224.802-216.576z
Action.c(140):     M3831.159 523.264v-1.024c0-60.996-43.042-113.015-106.974-113.015s-106.428 51.405-106.428 1
Action.c(140):     11.787v1.229c0 60.348 43.622 112.947 107.588 112.947 63.454-0.307 105.813-51.507 105.813-1
Action.c(140):     11.923z",\n
Action.c(140):             "M4009.54 312.798h179.917c105.233 0 173.363 54.409 173.363 146.466v1.195c0 99.26-7
Action.c(140):     5.913 151.279-179.337 151.279h-58.027v119.467h-116.053zM4181.094 521.011c40.653 0 66.355-2
Action.c(140):     2.118 66.355-54.989v-1.195c0-35.874-25.702-54.409-66.935-54.409h-55.023v110.592z",\n
Action.c(140):             "M2509.619 731.273l-31.539-31.539c-11.415 12.117-24.997 22.042-40.151 29.183l-0.80
Action.c(140):     9 0.343c-18.272 8.482-39.66 13.431-62.204 13.431-0.775 0-1.549-0.006-2.322-0.018l0.117 0.0
Action.c(140):     01c-0.114 0-0.249 0-0.383 0-17.664 0-34.782-2.342-51.059-6.732l1.369 0.314c-16.836-4.947-3
Action.c(140):     1.499-12.468-44.37-22.228l0.338 0.246c-12.378-9.603-22.503-21.473-29.883-35.050l-0.291-0.5
Action.c(140):     85c-7.238-13.009-11.499-28.533-11.499-45.052 0-0.841 0.011-1.68 0.033-2.516l-0.003 0.123c-
Action.c(140):     0.003-0.294-0.005-0.64-0.005-0.987 0-12.072 2.359-23.594 6.641-34.128l-0.218 0.607c4.352-1
Action.c(140):     0.756 10.191-20.002 17.382-28.008l-0.077 0.087c7.343-8.138 15.654-15.191 24.808-21.043l0.4
Action.c(140):     85-0.29c8.277-5.457 17.901-10.851 27.907-15.566l1.447-0.613c-10.635-10.4-19.6-22.449-26.49
Action.c(140):     6-35.744l-0.367-0.779c-6.462-12.508-10.25-27.301-10.25-42.979 0-0.49 0.004-0.979 0.011-1.4
Action.c(140):     68l-0.001 0.074c0-17.067 2.594-31.812 9.591-43.964 6.914-11.988 15.965-21.976 26.723-29.74
Action.c(140):     5l0.277-0.19c10.612-7.57 23.035-13.444 36.43-16.897l0.775-0.17c12.198-3.308 26.216-5.246 4
Action.c(140):     0.674-5.325l0.047-0c14.736 0 28.992 2.057 42.497 5.898l-1.093-0.266c13.911 3.782 26.069 9.
Action.c(140):     747 36.764 17.59l-0.309-0.216c10.554 8.245 19.14 18.488 25.289 30.211l0.243 0.509c6.191 11
Action.c(140):     .792 9.823 25.764 9.823 40.584 0 0.768-0.010 1.534-0.029 2.298l0.002-0.113c0.025 0.782 0.0
Action.c(140):     39 1.702 0.039 2.625 0 10.912-1.953 21.367-5.53 31.036l0.201-0.62c-3.964 10.023-9.348 18.6
Action.c(140):     42-16.013 26.092l0.073-0.083c-7.163 8.54-15.055 16.064-23.706 22.642l-0.358 0.261c-7.308 5
Action.c(140):     .613-15.545 10.871-24.224 15.396l-0.932 0.442 41.131 40.96 34.611-50.859h96.563l-77.824 10
Action.c(140):     4.516 91.477 88.303zM2362.402 580.779c-9.682 4.006-17.949 9.58-24.886 16.489l0.003-0.003c-
Action.c(140):     7.468 7.147-12.11 17.195-12.11 28.327 0 0.77 0.022 1.534 0.066 2.293l-0.005-0.105c-0.036 0
Action.c(140):     .567-0.057 1.229-0.057 1.897 0 5.559 1.425 10.786 3.928 15.335l-0.083-0.165c2.976 5.776 6.
Action.c(140):     868 10.659 11.54 14.657l0.065 0.055c4.552 3.883 9.89 7.011 15.722 9.105l0.355 0.111c4.603 
Action.c(140):     1.64 9.913 2.588 15.444 2.588 0.571 0 1.139-0.010 1.705-0.030l-0.082 0.002c0.512 0.017 1.1
Action.c(140):     13 0.026 1.717 0.026 10.008 0 19.405-2.617 27.544-7.203l-0.281 0.146c8.743-4.515 16.034-10
Action.c(140):     .693 21.697-18.172l0.115-0.158zM2427.494 453.666c0.007-0.251 0.011-0.546 0.011-0.842 0-17.
Action.c(140):     796-14.426-32.222-32.222-32.222-0.676 0-1.348 0.021-2.014 0.062l0.091-0.005c-0.243-0.006-0
Action.c(140):     .529-0.010-0.816-0.010-9.184 0-17.528 3.591-23.707 9.445l0.016-0.015c-5.601 5.704-9.059 13
Action.c(140):     .53-9.059 22.163 0 0.609 0.017 1.213 0.051 1.814l-0.004-0.083c0.102 8.572 2.632 16.532 6.9
Action.c(140):     33 23.251l-0.106-0.177c5.197 9.118 11.647 16.862 19.232 23.314l0.122 0.101c11.389-4.615 21
Action.c(140):     .151-10.959 29.468-18.815l-0.045 0.042c7.421-6.835 12.054-16.599 12.054-27.446 0-0.203-0.0
Action.c(140):     02-0.406-0.005-0.608l0 0.031z"\n
Action.c(140):           ],\n
Action.c(140):           "attrs": [\n
Action.c(140):             {\n
Action.c(140):               "fill": "rgb(231, 0, 76)"\n
Action.c(140):             },\n
Action.c(140):             {\n
Action.c(140):               "fill": "rgb(134, 195, 0)"\n
Action.c(140):             },\n
Action.c(140):             {\n
Action.c(140):               "fill": "rgb(99, 101, 105)"\n
Action.c(140):             },\n
Action.c(140):             {\n
Action.c(140):               "fill": "rgb(99, 101, 105)"\n
Action.c(140):             },\n
Action.c(140):             {\n
Action.c(140):               "fill": "rgb(99, 101, 105)"\n
Action.c(140):             },\n
Action.c(140):             {\n
Action.c(140):               "fill": "rgb(99, 101, 105)"\n
Action.c(140):             },\n
Action.c(140):             {\n
Action.c(140):               "fill": "rgb(99, 101, 105)"\n
Action.c(140):             },\n
Action.c(140):             {\n
Action.c(140):               "fill": "rgb(99, 101, 105)"\n
Action.c(140):             },\n
Action.c(140):             {\n
Action.c(140):               "fill": "rgb(99, 101, 105)"\n
Action.c(140):             },\n
Action.c(140):             {\n
Action.c(140):               "fill": "rgb(99, 101, 105)"\n
Action.c(140):             },\n
Action.c(140):             {\n
Action.c(140):               "fill": "rgb(99, 101, 105)"\n
Action.c(140):             }\n
Action.c(140):           ],\n
Action.c(140):           "width": 4386,\n
Action.c(140):           "isMulticolor": true,\n
Action.c(140):           "grid": 32,\n
Action.c(140):           "tags": [\n
Action.c(140):             "SSlogo_noTM"\n
Action.c(140):           ],\n
Action.c(140):           "defaultCode": 59699\n
Action.c(140):         },\n
Action.c(140):         {\n
Action.c(140):           "paths": [\n
Action.c(140):             "M300.8 83.2c-60.8 0-108.8 3.2-137.6 3.2h-25.6c-64 0-99.2-3.2-105.6-3.2-19.2 0-25.
Action.c(140):     6 6.4-25.6 16 0 19.2 22.4 12.8 57.6 19.2 28.8 6.4 32 16 32 51.2v499.2c0 54.4 0 67.2-41.6 7
Action.c(140):     6.8-28.8 3.2-54.4-3.2-54.4 16 0 9.6 9.6 19.2 28.8 19.2s60.8-6.4 124.8-6.4c70.4 0 112 6.4 1
Action.c(140):     31.2 6.4s28.8-6.4 28.8-19.2c0-22.4-25.6-12.8-51.2-19.2
Action.c(140): t=21310ms: 12288-byte DECODED response body for "https://stage.peapod.com/shop/images/icons/PeapodIcons.json" (RelFrameId=1, Internal ID=13)
Action.c(140):     -41.6-9.6-41.6-25.6-41.6-76.8v-166.4c0-16 3.2-22.4 12.8-22.4 6.4 0 44.8 25.6 128 12.8 96-1
Action.c(140):     6 179.2-96 179.2-204.8 0-131.2-83.2-201.6-240-201.6v0zM291.2 454.4c-41.6 0-70.4-12.8-70.4-
Action.c(140):     41.6v-243.2c0-41.6 9.6-54.4 64-54.4 67.2 0 124.8 70.4 124.8 166.4 0 89.6-48 172.8-118.4 17
Action.c(140):     2.8v0z",\n
Action.c(140):             "M684.8 496h294.4c32 0 48-3.2 48-25.6 0-89.6-76.8-198.4-211.2-198.4-160 0-268.8 10
Action.c(140):     5.6-268.8 265.6s99.2 265.6 252.8 265.6c80 0 140.8-25.6 188.8-70.4 25.6-22.4 35.2-38.4 35.2
Action.c(140):     -51.2 0-9.6-3.2-12.8-12.8-12.8s-54.4 64-156.8 64c-118.4 0-185.6-99.2-185.6-211.2v-9.6c0-12
Action.c(140):     .8 3.2-16 16-16v0zM678.4 451.2l3.2-19.2c12.8-57.6 32-128 134.4-128 80 0 89.6 60.8 89.6 99.
Action.c(140):     2 0 64-32 57.6-118.4 57.6h-89.6c-12.8 0-19.2-3.2-19.2-9.6v0 0z",\n
Action.c(140):             "M1574.4 720c0-9.6-6.4-16-16-16-16 0-32 25.6-54.4 25.6-28.8 0-35.2-25.6-35.2-73.6v
Action.c(140):     -256c0-92.8-22.4-128-134.4-128-147.2 0-249.6 89.6-249.6 153.6 0 9.6 9.6 19.2 25.6 19.2 54.
Action.c(140):     4 0 70.4-28.8 92.8-67.2 25.6-48 48-73.6 96-73.6 44.8 0 54.4 25.6 54.4 89.6v48c0 16 0 22.4-
Action.c(140):     16 25.6l-35.2 12.8c-140.8 54.4-217.6 102.4-217.6 198.4 0 54.4 25.6 118.4 96 118.4 51.2 0 8
Action.c(140):     9.6-25.6 137.6-57.6l28.8-19.2h6.4c19.2 48 54.4 76.8 92.8 76.8 60.8 3.2 128-54.4 128-76.8v0
Action.c(140):     zM1356.8 630.4c0 54.4-48 96-96 96-51.2 0-64-41.6-64-86.4 0-48 38.4-99.2 92.8-118.4l44.8-19
Action.c(140):     .2c6.4-3.2 12.8-3.2 12.8-3.2 3.2 0 6.4 3.2 6.4 12.8v118.4h3.2z",\n
Action.c(140):             "M1929.6 272c-60.8 0-108.8 19.2-153.6 64l-16 12.8c-3.2 3.2-6.4 6.4-9.6 6.4s-6.4-3.
Action.c(140):     2-6.4-6.4v-54.4c0-16-3.2-22.4-12.8-22.4-12.8 0-38.4 32-96 60.8-35.2 19.2-64 19.2-64 38.4s2
Action.c(140):     2.4 9.6 38.4 19.2c19.2 6.4 22.4 19.2 22.4 51.2v499.2c0 28.8-6.4 38.4-28.8 48-28.8 9.6-51.2
Action.c(140):      0-51.2 25.6 0 9.6 6.4 16 22.4 16 19.2 0 57.6-6.4 115.2-6.4 48 0 89.6 6.4 124.8 6.4 19.2 0
Action.c(140):      28.8-6.4 28.8-16 0-25.6-25.6-16-60.8-25.6-28.8-6.4-32-16-32-48v-156.8l6.4-3.2c38.4 16 76.
Action.c(140):     8 25.6 118.4 25.6 166.4 0 281.6-118.4 281.6-278.4 0-150.4-99.2-256-227.2-256v0zM1859.2 768
Action.c(140):     c-70.4 0-112-35.2-112-102.4v-204.8c0-73.6 35.2-108.8 112-108.8 108.8 0 182.4 80 182.4 208 
Action.c(140):     0 121.6-76.8 208-182.4 208z",\n
Action.c(140):             "M3376 704c-6.4 0-22.4 22.4-41.6 22.4-9.6 0-19.2-12.8-19.2-44.8v-572.8c0-28.8 3.2-
Action.c(140):     54.4 3.2-73.6 0-16-3.2-22.4-16-22.4-9.6 0-38.4 22.4-99.2 38.4-38.4 9.6-64 12.8-64 28.8 0 9
Action.c(140):     .6 19.2 9.6 41.6 19.2 19.2 9.6 22.4 16 22.4 41.6v131.2c0 9.6-3.2 16-9.6 16h-3.2l-19.2-6.4c
Action.c(140):     -22.4-6.4-54.4-12.8-92.8-12.8-160 0-281.6 118.4-281.6 272 0 150.4 108.8 256 252.8 256 92.8
Action.c(140):      0 144-51.2 150.4-51.2 9.6 0 12.8 48 32 48 9.6 0 51.2-22.4 121.6-41.6 22.4-6.4 35.2-6.4 35
Action.c(140):     .2-32 0-9.6-6.4-16-12.8-16v0zM3206.4 640c0 76.8-6.4 108.8-86.4 108.8-121.6 0-195.2-80-195.
Action.c(140):     2-208 0-144 76.8-236.8 172.8-236.8s108.8 54.4 108.8 166.4v169.6z",\n
Action.c(140):             "M2755.2 528c0 153.6-124.8 278.4-278.4 278.4s-278.4-124.8-278.4-278.4c0-153.6 124.
Action.c(140):     8-278.4 278.4-278.4s278.4 124.8 278.4 278.4z",\n
Action.c(140):             "M3456 128c-35.2 0-64-28.8-64-64s28.8-64 64-64c35.2 0 64 28.8 64 64s-28.8 64-64 64
Action.c(140):     zM3456 9.6c-28.8 0-54.4 25.6-54.4 54.4s25.6 54.4 54.4 54.4c28.8 0 54.4-25.6 54.4-54.4s-25.
Action.c(140):     6-54.4-54.4-54.4zM3472 102.4l-19.2-28.8h-12.8v28.8h-9.6v-73.6h28.8c12.8 0 22.4 9.6 22.4 22
Action.c(140):     .4 0 16-16 22.4-19.2 22.4l19.2 28.8h-9.6zM3462.4 35.2h-19.2v28.8h19.2c6.4 0 12.8-6.4 12.8-
Action.c(140):     12.8 0-9.6-6.4-16-12.8-16z"\n
Action.c(140):           ],\n
Action.c(140):           "attrs": [\n
Action.c(140):             {\n
Action.c(140):               "fill": "rgb(51, 51, 51)"\n
Action.c(140):             },\n
Action.c(140):             {\n
Action.c(140):               "fill": "rgb(51, 51, 51)"\n
Action.c(140):             },\n
Action.c(140):             {\n
Action.c(140):               "fill": "rgb(54, 54, 54)"\n
Action.c(140):             },\n
Action.c(140):             {\n
Action.c(140):               "fill": "rgb(51, 51, 51)"\n
Action.c(140):             },\n
Action.c(140):             {\n
Action.c(140):               "fill": "rgb(51, 51, 51)"\n
Action.c(140):             },\n
Action.c(140):             {\n
Action.c(140):               "fill": "rgb(94, 160, 0)"\n
Action.c(140):             },\n
Action.c(140):             {\n
Action.c(140):               "fill": "rgb(51, 51, 51)"\n
Action.c(140):             }\n
Action.c(140):           ],\n
Action.c(140):           "width": 3520,\n
Action.c(140):           "isMulticolor": true,\n
Action.c(140):           "grid": 32,\n
Action.c(140):           "tags": [\n
Action.c(140):             "svg+xml;base64,PHN2ZyB4bWxucz0iaHR0cDovL3d3dy53My5vcmcvMjAwMC9zdmciIHZlcnNpb249Ij
Action.c(140):     EuMSIgeD0iMHB4IiB5PSIwcHgiIGZvY3VzYWJsZT0iZmFsc2UiIHZpZXdCb3g9IjAgMCAzNTIwIDEwMjQiIGNsYXNz
Action.c(140):     PSIiIHJvbGU9InByZXNlbnRhdGlvbiIgYXJpYS1oaWRkZW49InRydWUiPjx0aXRsZT5QZ"\n
Action.c(140):           ]\n
Action.c(140):         },\n
Action.c(140):         {\n
Action.c(140):           "paths": [\n
Action.c(140):             "M909.505 454.173l90.382-0.135v91.097l-90.382-90.962zM591.022 615.868h-164.149c-5.
Action.c(140):     642-22.895-3.207-55.547 6.627-83.33 18.104-39.395 58.31-77.766 81.959-77.766l75.563-0.116v
Action.c(140):     161.212zM4086.707 162.913l-120.697-127.633h-1034.163l-0.077 276.77-79.602-121.489-3.13-2.6
Action.c(140):     47c-20.036-16.944-39.047-35.956-57.441-54.369-35.724-35.743-72.665-72.704-121.721-99.714-2
Action.c(140):     4.344-12.558-55.257-19.456-87.059-19.456-39.453 0-75.448 10.356-101.608 29.213-51.702 29.1
Action.c(140):     74-93.339 96.565-99.309 161.193-3.71 39.975-4.077 61.498-2.744 73.883v425.965l-234.438-490
Action.c(140):     .226-122.011-127.073c-39.202-45.867-97.628-73.226-156.498-73.226-30.894 0-61.015 7.767-87.
Action.c(140):     214 22.451-68.067 31.126-94.865 94.15-118.514 149.774-9.1 21.369-17.678 41.559-28.228 60.0
Action.c(140):     49l-186.87 422.274 0.135-501.045-130.145-133.39h-315.489v120.078l-112.968-113.722h-486.825
Action.c(140):     c-107.713 0.406-172.631 34.372-242.437 89.049-126.957 99.444-186.291 285.831-144.268 453.2
Action.c(140):     26 40.303 160.613 177.732 281.001 236.409 332.394l5.236 4.598c58.059 50.987 191.237 103.42
Action.c(140):     4 244.581 103.888l508.078-0.502-0.077-113.664 113.799 113.703 323.41 0.097v-20.944l23.822 
Action.c(140):     21.291 289.502-0.348c12.114-0.019 36.207-0.039 40.187-21.717 3.169-7.496 12.52-28.247 23.4
Action.c(140):     36-52.166l74.23 74.211h614.361l-0.309-3.497h283.976v-294.178l104.081 157.194 86.943 109.39
Action.c(140):     4c15.302 19.263 24.962 31.396 37.54 31.396 1.932 0 3.922-0.27 6.009-0.869 39.144-0.135 288
Action.c(140):     .034 0.135 288.034 0.135l28.324 0.019-0.348-576.299h68.878v453.168l119.132 123.208 313.788
Action.c(140):     -0.213-0.019-571.527 240.312 0.367v-289.077z",\n
Action.c(140):             "M4011.317 921.6c0 43.646-35.396 79.041-79.041 79.041-43.665 0-79.080-35.396-79.08
Action.c(140):     0-79.041 0-43.684 35.415-79.080 79.080-79.080 43.646 0 79.041 35.396 79.041 79.080z",\n
Action.c(140):             "M3932.276 852.509c-38.101 0-69.072 30.99-69.072 69.091 0 38.081 30.971 69.052 69.
Action.c(140):     072 69.052 38.081 0 69.052-30.971 69.052-69.052 0-38.101-30.971-69.091-69.052-69.091zM3932
Action.c(140):     .276 1010.649c-49.133 0-89.088-39.955-89.088-89.049 0-49.133 39.955-89.069 89.088-89.069 4
Action.c(140):     9.094 0 89.049 39.936 89.049 89.069 0 49.094-39.955 89.049-89.049 89.049z",\n
Action.c(140):             "M3918.249 916.77v-23.919h15.959c8.153 0 16.848 1.758 16.848 11.38 0 11.863-8.849 
Action.c(140):     12.539-18.799 12.539h-14.008zM3918.249 926.739h13.467l20.403 33.541h13.138l-21.987-34.082c
Action.c(140):     11.361-1.391 20.016-7.419 20.016-21.291 0-15.244-9.023-21.948-27.281-21.948h-29.464v77.322
Action.c(140):     h11.708v-33.541zM3932.469 988.662c36.516 0 67.758-28.382 67.758-67.217 0-38.487-31.242-66.
Action.c(140):     927-67.758-66.927-36.961 0-68.183 28.44-68.183 66.927 0 38.835 31.222 67.217 68.183 67.217
Action.c(140):     zM3877.791 921.445c0-31.783 23.938-55.702 54.678-55.702 30.314 0 54.233 23.919 54.233 55.7
Action.c(140):     02 0 32.285-23.919 56.050-54.233 56.050-30.739 0-54.678-23.765-54.678-56.050z",\n
Action.c(140):             "M1968.495 631.093l-26.875-55.141-24.016 55.141h50.891zM2000.993 108.080l119.441 1
Action.c(140):     24.387 286.256 598.634v-550.738c-0.097 0-2.299-17.678 2.647-71.216 4.907-53.209 39.743-114
Action.c(140):     .495 86.402-139.94 41.694-31.087 115.21-31.802 160.44-8.482 69.265 38.158 114.495 100.352 
Action.c(140):     173.867 150.528l129.237 197.284 0.097-343.214h993.705l104.603 110.611v249.489l-240.292-0.3
Action.c(140):     67v571.605l-273.543 0.174-102.825-106.361v-470.016h-125.45l0.367 576.28c0 0-293.753-0.251-
Action.c(140):     293.656-0.077 0.019 0.077-101.318-127.304-101.318-127.304l-155.957-235.539v359.849h-251.61
Action.c(140):     4l-46.64-41.714c0.715 14.838 10.588 28.981 11.998 45.23h-571.759l-94.71-94.71c0 0-43.472 9
Action.c(140):     4.363-42.409 94.363s-291.183 0.348-291.183 0.348l-62.889-56.185v55.837l-283.416-0.097-104.
Action.c(140):     97-104.854v-827.624h275.301l113.78 116.62-0.174 623.519 239.771-542.256c40.284-70.656 52.9
Action.c(140):     97-161.831 134.994-198.598 69.265-39.569 159.010-15.534 209.901 44.534z",\n
Action.c(140):             "M980.432 177.345v250.184l-465.765 0.715c-41.52-0.174-89.049 53.016-108.138 95.406
Action.c(140):     -11.998 33.232-16.944 79.157-4.231 112.389 0 0 3.613 9.97 9.177 9.892h207.099v-187.315h253
Action.c(140):     .005l106.728 107.443 0.348 430.679-479.541 0.464c-43.626-0.367-171.027-48.437-226.149-96.8
Action.c(140):     36-55.141-48.418-193.517-165.83-232.892-322.637-43.105-171.762 26.952-340.007 134.299-424.
Action.c(140):     071 71.738-56.185 130.048-82.693 225.087-83.041h474.962l106.013 106.728z",\n
Action.c(140):             "M1999.582 131.768l31.106 63.952 312.378 670.024c2.125 4.309-1.855 4.753-9.892 4.9
Action.c(140):     27h-508.87v-219.097h175.278l-132.869-311.489-212.741 531.301h-250.899c0 0 303.394-704.126 
Action.c(140):     333.94-744.931 33.058-49.287 99.309-77.399 157.271-65.381 42.39 8.482 84.103 33.927 105.29
Action.c(140):     8 70.695z",\n
Action.c(140):             "M2717.657 135.651l256.213 383.053 0.077-438.89h968.53v221.203h-242.785v566.832h-2
Action.c(140):     43.828l-0.348-574.599h-260.792c0.696 189.421 0.696 573.904 0.696 573.904h-258.666l-293.753
Action.c(140):     -445.189 0.097 445.189h-221.918l-0.019-622.669c0.019-38.796 16.79-112.099 63.256-150.992 3
Action.c(140):     5.647-29.851 96.642-48.592 158.314-22.528 27.571 12.732 59.373 37.115 74.926 64.686z",\n
Action.c(140):             "M858.866 301.017h-440.32c-56.706 0-130.048 80.587-139.94 155.493-9.525 65.903 49.
Action.c(140):     21 204.162 127.227 204.259h227.231v-187.295h222.981v401.447l-482.729-0.715c-133.584-11.998
Action.c(140):     -266.453-129.333-309.557-265.042-45.23-139.225-22.625-306.717 95.406-424.052 84.818-80.568
Action.c(140):      168.206-104.409 273.524-101.067h425.829l0.348 216.972z",\n
Action.c(140):             "M1041.563 878.457h247.731v-799.358h-247.731z"\n
Action.c(140):           ],\n
Action.c(140):           "attrs": [\n
Action.c(140):             {\n
Action.c(140):               "fill": "rgb(255, 255, 254)"\n
Action.c(140):             },\n
Action.c(140):             {\n
Action.c(140):               "fill": "rgb(255, 255, 254)"\n
Action.c(140):             },\n
Action.c(140):             {\n
Action.c(140):               "fill": "rgb(255, 255, 254)"\n
Action.c(140):             },\n
Action.c(140):             {\n
Action.c(140):               "fill": "rgb(26, 25, 25)"\n
Action.c(140):             },\n
Action.c(140):             {\n
Action.c(140):               "fill": "rgb(26, 25, 25)"\n
Action.c(140):             },\n
Action.c(140):             {\n
Action.c(140):               "fill": "rgb(26, 25, 25)"\n
Action.c(140):             },\n
Action.c(140):             {\n
Action.c(140):               "fill": "rgb(215, 35, 49)"\n
Action.c(140):             },\n
Action.c(140):             {\n
Action.c(140):               "fill": "rgb(215, 35, 49)"\n
Action.c(140):             },\n
Action.c(140):             {\n
Action.c(140):               "fill": "rgb(215, 35, 49)"\n
Action.c(140):             },\n
Action.c(140):             {\n
Action.c(140):               "fill": "rgb(215, 35, 49)"\n
Action.c(140):             }\n
Action.c(140):           ],\n
Action.c(140):           "width": 4096,\n
Action.c(140):           "isMulticolor": true,\n
Action.c(140):           "grid": 32,\n
Action.c(140):           "tags": [\n
Action.c(140):             "giant-carlisle-logo"\n
Action.c(140):           ],\n
Action.c(140):           "defaultCode": 59655\n
Action.c(140):         },\n
Action.c(140):         {\n
Action.c(140):           "paths": [\n
Action.c(140):             "M1406.89 773.14c-42.576 21.497-89.607 33.014-137.15 33.014-117.64 0-195.717-74.57
Action.c(140):     2-195.717-183.695 0-103.584 78.589-187.219 205.212-187.219 38.048 0 72.591 7.055 108.644 1
Action.c(140):     9.057v61.074c-17.534-10.014-53.554-30.514-104.149-30.514-81.568 0-141.146 56.047-141.146 1
Action.c(140):     36.631 0 76.082 52.044 137.143 133.652 137.143 37.044 0 58.089-10.519 68.581-16.038l1.496-
Action.c(140):     81.049h-90.591l29.543-48.56h124.642l-3.019 160.156z",\n
Action.c(140):             "M1453.083 797.683h58.548v-247.761h-58.548v247.761zM1513.632 467.303c0 18.033-14.4
Action.c(140):     89 30.062-31.545 30.062-16.477 0-30.999-12.507-30.999-30.062 0-17.501 14.522-30.035 30.999
Action.c(140):     -30.035 16.51 0 31.545 11.563 31.545 30.035z",\n
Action.c(140):             "M1604.389 727.126c0-16.025 8.983-31.571 30.022-38.068 6.018-2.008 16.524-4.010 39
Action.c(140):     .55-4.010 5.020 0 10.519 0.519 16.012 1.037v65.064c-9.017 4.003-26.026 11.483-44.025 11.48
Action.c(140):     3-31.066 0-41.558-18.013-41.558-35.508zM1751.047 797.683c-3.012-11.018-4.010-14.502-4.010-
Action.c(140):     64.572v-99.607c-0.492-21.052-0.492-46.067-20.999-66.593-21.537-21.471-52.576-23.033-70.603
Action.c(140):     -23.033-23.020 0-46.572 5.027-60.556 8.046l-30.534 52.044c21.531-8.524 46.027-17.528 73.57
Action.c(140):     5-17.528 44.544 0 52.051 23.532 52.051 61.074-13.026-1.509-19.522-2.008-31.511-2.008-22.54
Action.c(140):     1 0-46.087 3.518-65.077 11.995-26.039 11.038-48.567 34.597-48.567 71.574 0 31.545 16.012 4
Action.c(140):     8.035 24.024 55.050 13.518 11.55 33.546 19.549 63.062 19.549 13.924 0 34.59-2.966 60.808-1
Action.c(140):     1.344 0.379 1.795 0.751 3.65 1.283 5.353h57.051z",\n
Action.c(140):             "M2147.488 800.309c-7.035 1.516-16.025 3.544-29.556 3.544-14.010 0-34.011-2.028-49
Action.c(140):     .544-19.057-15.014-16.962-15.014-34.517-14.535-56.539l1.017-135.66h-32.043l0.027-42.33 33.
Action.c(140):     027-0.213v-46.565l58.055-18v64.565h55.555v42.543h-56.559l-0.984 108.125c0 27.030 0 37.562 
Action.c(140):     5.984 46.565 4.522 6.476 14.037 13.498 30.547 13.498 11.025 0 22.508-3.045 33.041-6.503l-3
Action.c(140):     4.031 46.027z",\n
Action.c(140):             "M2005.504 797.776h-58.548v-125.161c-0.505-39.025-0.505-58.534-17.009-72.591-6.51-
Action.c(140):     5.492-17.534-10.533-34.078-10.533-16.005 0-29.756 4.315-46.133 15.287v192.997h-59.558v-247
Action.c(140):     .043h59.558v46.279l-13.871-28.253c0 0 21.597-11.158 34.158-15.599 10.479-3.71 31.365-8.664
Action.c(140):      49.391-8.664 15.047 0 41.572 1.995 62.065 20.48 23.047 21.078 23.532 46.532 24.024 68.056
Action.c(140):     v164.744z",\n
Action.c(140):             "M2219.533 570.016h6.629c4.202 0 7.348-0.632 7.348-5.193 0-4.043-4.302-4.668-7.713
Action.c(140):     -4.668h-6.264v9.861zM2212.093 554.336h14.163c9.409 0 14.695 2.952 14.695 11.104 0 6.909-4.
Action.c(140):     295 9.588-9.861 10.034l10.041 16.397h-7.8l-9.136-16.038h-4.661v16.038h-7.441v-37.536zM2225
Action.c(140):     .451 599.579c13.877 0 25.261-11.104 25.261-26.431 0-15.234-11.384-26.252-25.261-26.252-14.
Action.c(140):     070 0-25.274 11.018-25.274 26.252 0 15.327 11.204 26.431 25.274 26.431zM2225.451 539.728c1
Action.c(140):     8.179 
Action.c(140): t=21347ms: 10043-byte DECODED response body for "https://stage.peapod.com/shop/images/icons/PeapodIcons.json" (RelFrameId=1, Internal ID=13)
Action.c(140):     0 34.41 13.079 34.41 33.42 0 20.433-16.231 33.606-34.41 33.606-18.193 0-34.417-13.172-34.4
Action.c(140):     17-33.606 0-20.34 16.224-33.42 34.417-33.42z",\n
Action.c(140):             "M889.464 640.406c-1.416-0.153-2.859-0.246-4.329-0.246h-243.845l295.623-295.544c0.
Action.c(140):     027-0.013 0.040-0.040 0.066-0.040 9.662-9.648 14.988-22.481 14.988-36.139 0.013-13.638-5.3
Action.c(140):     13-26.478-14.974-36.126-5.22-5.173-11.171-9.017-17.82-11.55-0.638-0.246-1.27-0.446-1.902-0
Action.c(140):     .658-88.197-30.281-187.665-7.341-253.553 58.587-4.189 4.169-8.179 8.498-12.009 12.926l-0.0
Action.c(140):     13-277.398v-0.12c-0.013-29.762-24.263-53.973-54.026-53.973-7.587 0-14.921 1.543-21.856 4.5
Action.c(140):     95-0.625 0.299-1.237 0.598-1.849 0.911-0.166 0.086-0.339 0.173-0.519 0.259-0.153 0.066-0.2
Action.c(140):     99 0.146-0.439 0.233-105.465 51.872-173.535 161.041-173.535 278.641 0 16.118 1.33 32.070 3
Action.c(140):     .81 47.742l-205.392-205.392c-0.033-0.027-0.053-0.066-0.086-0.093-22.674-22.648-59.538-22.6
Action.c(140):     48-82.199 0.027-5.752 5.725-10.167 12.507-13.099 20.101-0.286 0.745-0.519 1.47-0.751 2.221
Action.c(140):      0.093-0.286 0.153-0.559 0.259-0.858-24.35 70.264-28.752 145.82-12.753 218.558 16.45 74.75
Action.c(140):     2 53.9 143.008 108.245 197.373 31.026 30.999 66.587 56.506 105.286 75.756h-239.317c-35.002
Action.c(140):      0-63.475 28.466-63.475 63.468 0 8.897 1.809 17.501 5.393 25.62 0.299 0.705 0.658 1.363 1.
Action.c(140):     011 2.055-0.12-0.246-0.266-0.459-0.379-0.692 42.024 86.601 107.188 159.804 188.436 211.755
Action.c(140):      83.522 53.374 180.271 81.594 279.825 81.594 99.527 0 196.269-28.207 279.785-81.594 81.262
Action.c(140):     -51.925 146.432-125.141 188.443-211.729-0.412 0.831-0.858 1.662-1.31 2.494 0.725-1.283 1.4
Action.c(140):     03-2.633 1.988-3.963 3.584-8.152 5.413-16.75 5.413-25.553 0-33.519-26.152-61.001-59.139-63
Action.c(140):     .249zM916.892 259.97c0.126 0.047 0.253 0.093 0.379 0.133 0.219 0.073 0.446 0.126 0.672 0.2
Action.c(140):     06-0.352-0.133-0.718-0.206-1.051-0.339z",\n
Action.c(140):             "M43.68 712.391c-1.177-2.66-1.842-5.612-1.842-8.724 0-11.949 9.688-21.61 21.637-21
Action.c(140):     .61l821.58-0.027c11.975 0 21.69 9.662 21.69 21.624 0 3.079-0.685 6.038-1.855 8.684l-0.027 
Action.c(140):     0.053c-77.505 159.678-241.192 269.758-430.579 269.758-189.407 0-353.114-110.093-430.605-26
Action.c(140):     9.758z",\n
Action.c(140):             "M141.551 162.244c0.791-2.055 1.995-3.976 3.644-5.612 6.377-6.377 16.67-6.363 23.0
Action.c(140):     20 0l0.033 0.027 437.029 437.075c6.35 6.35 6.377 16.657 0.027 23.020-1.622 1.649-3.584 2.8
Action.c(140):     46-5.605 3.637l-0.027 0.013c-126.158 43.726-271.806 15.207-372.57-85.57-100.778-100.738-12
Action.c(140):     9.297-246.412-85.551-372.59z",\n
Action.c(140):             "M592.763 43.021c1.489-0.685 3.165-1.051 4.907-1.051 6.729 0 12.168 5.452 12.182 1
Action.c(140):     2.155h-0.013l0.027 461.319-0.013-0.040c0 6.676-5.439 12.155-12.182 12.155-1.729 0-3.391-0.
Action.c(140):     386-4.894-1.064h-0.013c-89.653-43.507-151.426-135.427-151.426-241.73 0-106.376 61.799-198.
Action.c(140):     264 151.426-241.744z",\n
Action.c(140):             "M904.239 299.839c1.144 0.446 2.247 1.13 3.185 2.081 3.597 3.597 3.584 9.415 0 13.
Action.c(140):     019h-0.027l-247.416 247.442c-3.624 3.584-9.442 3.597-13.026 0.027-0.938-0.951-1.609-2.055-
Action.c(140):     2.055-3.198l-0.013-0.040c-24.775-71.414-8.611-153.853 48.434-210.911 57.012-57.031 139.49-
Action.c(140):     73.156 210.917-48.421z"\n
Action.c(140):           ],\n
Action.c(140):           "attrs": [\n
Action.c(140):             {\n
Action.c(140):               "fill": "rgb(106, 34, 106)"\n
Action.c(140):             },\n
Action.c(140):             {\n
Action.c(140):               "fill": "rgb(106, 34, 106)"\n
Action.c(140):             },\n
Action.c(140):             {\n
Action.c(140):               "fill": "rgb(106, 34, 106)"\n
Action.c(140):             },\n
Action.c(140):             {\n
Action.c(140):               "fill": "rgb(106, 34, 106)"\n
Action.c(140):             },\n
Action.c(140):             {\n
Action.c(140):               "fill": "rgb(106, 34, 106)"\n
Action.c(140):             },\n
Action.c(140):             {\n
Action.c(140):               "fill": "rgb(106, 34, 106)"\n
Action.c(140):             },\n
Action.c(140):             {\n
Action.c(140):               "fill": "rgb(255, 255, 254)"\n
Action.c(140):             },\n
Action.c(140):             {\n
Action.c(140):               "fill": "rgb(242, 178, 41)"\n
Action.c(140):             },\n
Action.c(140):             {\n
Action.c(140):               "fill": "rgb(218, 50, 42)"\n
Action.c(140):             },\n
Action.c(140):             {\n
Action.c(140):               "fill": "rgb(106, 34, 106)"\n
Action.c(140):             },\n
Action.c(140):             {\n
Action.c(140):               "fill": "rgb(132, 191, 65)"\n
Action.c(140):             }\n
Action.c(140):           ],\n
Action.c(140):           "width": 2261,\n
Action.c(140):           "isMulticolor": true,\n
Action.c(140):           "grid": 32,\n
Action.c(140):           "tags": [\n
Action.c(140):             "giant-landover-logo"\n
Action.c(140):           ],\n
Action.c(140):           "defaultCode": 59665\n
Action.c(140):         },\n
Action.c(140):         {\n
Action.c(140):           "paths": [\n
Action.c(140):             "M1073.318 736.003c25.208 17.089 54.525 29.27 85.138 29.27 44.597 0 61.733-27.475 
Action.c(140):     61.733-49.125 0-31.511-27.488-42.35-49.591-51.366l-20.261-8.132c-18.904-8.538-40.102-17.98
Action.c(140):     -55.881-36.498-8.086-9.429-19.356-26.983-19.356-52.676 0-47.716 39.657-92.333 113.079-92.3
Action.c(140):     33 40.096 0 68.030 12.168 78.402 16.623v53.58c-10.373-8.066-35.162-26.983-74.792-26.983-40
Action.c(140):     .534 0-55.416 24.31-55.416 44.165 0 28.778 28.852 41.406 52.231 50.874l22.561 9.489c18.472
Action.c(140):      8.544 39.211 18.040 53.634 36.478 9.874 12.168 17.993 30.647 17.993 52.683 0 53.66-45.049
Action.c(140):      96.901-119.835 96.901-20.261 0-52.251-3.172-89.64-18v-54.95z",\n
Action.c(140):             "M1408.372 801.639c-6.297 1.423-14.396 3.205-26.571 3.205-12.607 0-30.654-1.782-44
Action.c(140):     .604-17.129-13.538-15.333-13.538-31.112-13.066-50.947l0.938-122.082h-28.871l-0.033-38.327h
Action.c(140):     29.796v-41.844l52.251-16.218v58.062h49.983v38.327h-50.914l-0.864 97.34c0 24.297 0 33.805 5
Action.c(140):     .386 41.904 4.063 5.818 12.62 12.175 27.522 12.175 9.908 0 20.221-2.74 29.689-5.858l-30.64
Action.c(140):      41.392z",\n
Action.c(140):             "M1557.95 609.307c-17.986 0.432-32.416 8.092-42.323 25.208-9.921 16.185-12.168 35.
Action.c(140):     162-12.168 54.099 0 17.568 2.247 38.247 12.647 54.432 10.34 16.271 26.185 23.505 42.33 23.
Action.c(140):     505 37.403 0 54.465-37.888 54.465-79.307 0-41.026-15.287-77.937-54.026-77.937h-0.924zM1557
Action.c(140):     .551 804.844c-73.003 0-110.412-50.914-110.412-114.475 0-66.66 42.37-118.904 113.086-118.90
Action.c(140):     4 64.406 0 108.584 45.023 108.584 114.848 0 65.789-37.855 118.531-111.257 118.531z",\n
Action.c(140):             "M2062.835 604.453c-1.583-17.86-14.742-27.588-30.115-26.212-18.153 1.589-28.366 17
Action.c(140):     .614-26.87 34.351 1.243 13.924 14.429 24.676 25.075 33.925 31.731-11.543 33.034-28.845 31.
Action.c(140):     91-42.064zM2016.322 686.911c-13.984 5.479-30.274 20.3-28.2 43.646 1.735 19.908 18.685 44.7
Action.c(140):     97 57.464 41.392 15.134-1.297 31.013-10.060 47.656-23.1l-76.92-61.939zM2135.904 782.961l-4
Action.c(140):     3.939-34.198c0 0 34.63 12.667 27.854 19.815-6.849 7.201-12.893 14.063-27.176 22.854-20.812
Action.c(140):      12.853-36.924 15.52-56.287 15.819-51.513 0.918-89.354-24.157-93.118-67.458-1.543-17.428 2
Action.c(140):     .959-34.424 11.956-47.842 11.291-15.779 26.405-23.791 36.824-29.31-6.922-6.756-25.886-24.9
Action.c(140):     28-27.794-46.891-3.252-36.665 23.612-64.18 65.489-67.857 39.065-3.458 70.317 19.143 73.309
Action.c(140):      52.962 1.184 13.625-2.454 28.067-10.659 40.009-10.579 15.413-19.024 22.448-31.83 28.838l1
Action.c(140):     01.017 80.743-25.647 32.515z",\n
Action.c(140):             "M2173.267 734.102c25.241 17.109 54.558 29.264 85.158 29.264 44.624 0 61.726-27.48
Action.c(140):     2 61.726-49.105 0-31.545-27.468-42.376-49.571-51.36l-20.261-8.119c-18.917-8.564-40.076-18.
Action.c(140):     033-55.868-36.432-8.119-9.482-19.39-27.129-19.39-52.756 0-47.729 39.677-92.326 113.119-92.
Action.c(140):     326 40.116 0 67.983 12.142 78.376 16.623v53.614c-10.393-8.119-35.142-27.003-74.805-27.003-
Action.c(140):     40.534 0-55.389 24.317-55.389 44.118 0 28.818 28.805 41.479 52.244 50.947l22.508 9.442c18.
Action.c(140):     472 8.531 39.271 18.013 53.654 36.512 9.888 12.155 18.033 30.64 18.033 52.663 0 53.627-45.
Action.c(140):     089 96.901-119.894 96.901-20.221 0-52.197-3.172-89.64-18.040v-54.944z",\n
Action.c(140):             "M2603.148 799.418h-52.689v-112.64c-0.446-35.135-0.446-52.689-15.307-65.337-5.865-
Action.c(140):     4.954-15.779-9.482-30.667-9.482-14.402 0-26.777 3.89-41.525 13.758v173.701h-53.6v-318.085h
Action.c(140):     53.6v137.389l-12.474-25.42c0 0 19.436-10.047 30.733-14.043 9.429-3.338 28.233-7.793 44.444
Action.c(140):     -7.793 13.551 0 37.423 1.789 55.861 18.439 20.753 18.964 21.178 41.871 21.624 61.234v148.2
Action.c(140):     81z",\n
Action.c(140):             "M2744.912 609.307c-18.013 0.432-32.442 8.092-42.323 25.208-9.894 16.185-12.128 35
Action.c(140):     .162-12.128 54.099 0 17.568 2.234 38.247 12.541 54.432 10.393 16.271 26.185 23.505 42.343 
Action.c(140):     23.505 37.409 0 54.565-37.888 54.565-79.307 0-41.026-15.36-77.937-54.046-77.937h-0.951zM27
Action.c(140):     44.46 804.844c-72.95 0-110.393-50.914-110.393-114.475 0-66.66 42.363-118.904 113.125-118.9
Action.c(140):     04 64.432 0 108.531 45.023 108.531 114.848 0 65.789-37.802 118.531-111.264 118.531z",\n
Action.c(140):             "M2941.932 750.772c5.366 3.584 20.294 13.518 43.68 13.518 43.234 0 64.446-35.627 6
Action.c(140):     4.446-79.333 0-22.954-6.29-41-15.32-52.271-8.551-10.792-24.33-22.063-49.125-22.063-15.294 
Action.c(140):     0-30.168 4.063-43.68 10.818v129.33zM2940.396 587.596c5.732-2.819 22.255-8.87 27.116-10.666
Action.c(140):      3.956-1.43 17.634-5.466 34.789-5.466 65.337 0 103.158 45.455 103.158 112.155 0 72.983-44.
Action.c(140):     584 121.224-108.118 121.224-26.558 0-43.713-8.584-55.409-14.462v103.198h-53.148v-316.762h5
Action.c(140):     3.148v37.349c0 0-7.261-23.791-1.536-26.571z",\n
Action.c(140):             "M1755.056 750.772c5.399 3.584 20.214 13.518 43.666 13.518 43.247 0 64.426-35.627 
Action.c(140):     64.426-79.333 0-22.954-6.31-41-15.28-52.271-8.598-10.792-24.363-22.063-49.145-22.063-15.29
Action.c(140):     4 0-30.148 4.063-43.666 10.818v129.33zM1753.494 587.596c5.758-2.819 22.242-8.87 27.116-10.
Action.c(140):     666 3.943-1.43 17.667-5.466 34.803-5.466 65.323 0 103.171 45.455 103.171 112.155 0 72.983-
Action.c(140):     44.61 121.224-108.118 121.224-26.577 0-43.693-8.584-55.409-14.462v103.198h-53.195v-316.762
Action.c(140):     h53.195v37.349c0 0-7.288-23.791-1.563-26.571z",\n
Action.c(140):             "M3140.768 592.357h6.596c4.189 0 7.308-0.618 7.308-5.173 0-4.010-4.269-4.635-7.653
Action.c(140):     -4.635h-6.25v9.808zM3133.374 576.758h14.077c9.362 0 14.615 2.946 14.615 11.045 0 6.869-4.2
Action.c(140):     69 9.542-9.801 9.987l9.987 16.318h-7.753l-9.083-15.952h-4.648v15.952h-7.394v-37.349zM3146.
Action.c(140):     652 621.767c13.817 0 25.128-11.051 25.128-26.292 0-15.154-11.311-26.119-25.128-26.119-13.9
Action.c(140):     84 0-25.121 10.965-25.121 26.119 0 15.24 11.138 26.292 25.121 26.292zM3146.652 562.229c18.
Action.c(140):     1 0 34.231 13.019 34.231 33.247 0 20.327-16.131 33.433-34.231 33.433s-34.224-13.106-34.224
Action.c(140):     -33.433c0-20.227 16.125-33.247 34.224-33.247z",\n
Action.c(140):             "M916.892 259.976c0.060 0.020 0.12 0.040 0.18 0.060 0.286 0.106 0.585 0.173 0.878 
Action.c(140):     0.273-0.352-0.133-0.718-0.199-1.057-0.332zM889.47 640.406c-1.416-0.146-2.866-0.239-4.329-0
Action.c(140):     .239h-243.852l295.623-295.544c0.027-0.013 0.040-0.040 0.073-0.040 9.662-9.655 14.988-22.48
Action.c(140):     1 14.988-36.139 0.013-13.644-5.319-26.484-14.974-36.133-5.22-5.173-11.178-9.017-17.827-11.
Action.c(140):     55-0.698-0.273-1.396-0.492-2.101-0.725-88.157-30.168-187.512-7.221-253.354 58.661-4.189 4.
Action.c(140):     169-8.179 8.498-12.009 12.926l-0.013-277.404v-0.113c-0.013-29.769-24.257-53.979-54.026-53.
Action.c(140):     979-7.587 0-14.928 1.549-21.863 4.601-0.559 0.266-1.117 0.545-1.676 0.825-0.219 0.113-0.44
Action.c(140):     6 0.226-0.678 0.339-0.166 0.073-0.306 0.146-0.452 0.233-105.465 51.878-173.528 161.047-173
Action.c(140):     .528 278.648 0 16.111 1.33 32.070 3.803 47.742l-205.385-205.398c-0.033-0.027-0.053-0.066-0
Action.c(140):     .086-0.086-22.674-22.648-59.538-22.648-82.199 0.020-5.752 5.732-10.167 12.514-13.099 20.10
Action.c(140):     1-0.286 0.745-0.519 1.47-0.751 2.221 0.093-0.286 0.153-0.559 0.259-0.858-24.35 70.264-28.7
Action.c(140):     52 145.82-12.753 218.558 16.45 74.759 53.9 143.0
Action.c(140): t=21370ms: 3821-byte ENCODED response body received for "https://stage.peapod.com/shop/images/icons/PeapodIcons.json" (RelFrameId=1, Internal ID=13)
Action.c(140): t=21370ms: 10526-byte DECODED response body for "https://stage.peapod.com/shop/images/icons/PeapodIcons.json" (RelFrameId=1, Internal ID=13)
Action.c(140):     14 108.245 197.373 31.026 31.006 66.587 56.506 105.286 75.763h-239.317c-35.002 0-63.475 28
Action.c(140):     .459-63.475 63.461 0 8.903 1.809 17.501 5.393 25.62 0.299 0.711 0.658 1.37 1.011 2.061-0.1
Action.c(140):     2-0.246-0.266-0.459-0.379-0.698 42.024 86.601 107.188 159.81 188.436 211.762 83.522 53.374
Action.c(140):      180.271 81.588 279.818 81.588 99.541 0 196.282-28.2 279.791-81.588 81.268-51.925 146.432-
Action.c(140):     125.141 188.443-211.729-0.406 0.831-0.851 1.662-1.31 2.487 0.725-1.277 1.403-2.626 1.995-3
Action.c(140):     .963 3.577-8.152 5.413-16.743 5.413-25.553 0-33.519-26.159-60.994-59.139-63.249zM573.965 5
Action.c(140):     .632c0.060-0.027 0.113-0.053 0.166-0.080 0.12-0.060 0.239-0.12 0.359-0.18-0.166 0.066-0.33
Action.c(140):     9 0.166-0.525 0.259z",\n
Action.c(140):             "M43.68 712.391c-1.177-2.653-1.842-5.612-1.842-8.724 0-11.942 9.688-21.604 21.637-
Action.c(140):     21.604l821.587-0.027c11.969 0 21.684 9.662 21.684 21.617 0 3.085-0.685 6.044-1.855 8.691l-
Action.c(140):     0.027 0.047c-77.505 159.684-241.185 269.764-430.585 269.764s-353.107-110.093-430.599-269.7
Action.c(140):     64z",\n
Action.c(140):             "M141.551 162.244c0.791-2.055 1.995-3.976 3.644-5.612 6.377-6.377 16.67-6.363 23.0
Action.c(140):     20 0l0.033 0.027 437.029 437.075c6.35 6.35 6.383 16.663 0.033 23.027-1.629 1.649-3.584 2.8
Action.c(140):     39-5.619 3.637l-0.027 0.013c-126.145 43.719-271.799 15.207-372.563-85.57-100.778-100.744-1
Action.c(140):     29.297-246.418-85.551-372.596z",\n
Action.c(140):             "M592.763 43.021c1.496-0.685 3.165-1.051 4.907-1.051 6.729 0 12.168 5.452 12.175 1
Action.c(140):     2.155h-0.007l0.027 461.325-0.020-0.040c0 6.669-5.433 12.148-12.168 12.148-1.742 0-3.391-0.
Action.c(140):     379-4.907-1.057-89.653-43.507-151.432-135.427-151.432-241.73 0-106.383 61.806-198.264 151.
Action.c(140):     426-241.75z",\n
Action.c(140):             "M904.239 299.839c1.15 0.452 2.247 1.13 3.192 2.081 3.597 3.604 3.584 9.415 0 13.0
Action.c(140):     26h-0.027l-247.416 247.442c-3.624 3.584-9.442 3.597-13.026 0.020-0.938-0.944-1.609-2.055-2
Action.c(140):     .055-3.192l-0.013-0.040c-24.782-71.421-8.611-153.853 48.434-210.911 57.012-57.038 139.483-
Action.c(140):     73.156 210.911-48.427z"\n
Action.c(140):           ],\n
Action.c(140):           "attrs": [\n
Action.c(140):             {\n
Action.c(140):               "fill": "rgb(106, 34, 106)"\n
Action.c(140):             },\n
Action.c(140):             {\n
Action.c(140):               "fill": "rgb(106, 34, 106)"\n
Action.c(140):             },\n
Action.c(140):             {\n
Action.c(140):               "fill": "rgb(106, 34, 106)"\n
Action.c(140):             },\n
Action.c(140):             {\n
Action.c(140):               "fill": "rgb(106, 34, 106)"\n
Action.c(140):             },\n
Action.c(140):             {\n
Action.c(140):               "fill": "rgb(106, 34, 106)"\n
Action.c(140):             },\n
Action.c(140):             {\n
Action.c(140):               "fill": "rgb(106, 34, 106)"\n
Action.c(140):             },\n
Action.c(140):             {\n
Action.c(140):               "fill": "rgb(106, 34, 106)"\n
Action.c(140):             },\n
Action.c(140):             {\n
Action.c(140):               "fill": "rgb(106, 34, 106)"\n
Action.c(140):             },\n
Action.c(140):             {\n
Action.c(140):               "fill": "rgb(106, 34, 106)"\n
Action.c(140):             },\n
Action.c(140):             {\n
Action.c(140):               "fill": "rgb(106, 34, 106)"\n
Action.c(140):             },\n
Action.c(140):             {\n
Action.c(140):               "fill": "rgb(255, 255, 254)"\n
Action.c(140):             },\n
Action.c(140):             {\n
Action.c(140):               "fill": "rgb(242, 178, 41)"\n
Action.c(140):             },\n
Action.c(140):             {\n
Action.c(140):               "fill": "rgb(218, 50, 42)"\n
Action.c(140):             },\n
Action.c(140):             {\n
Action.c(140):               "fill": "rgb(106, 34, 106)"\n
Action.c(140):             },\n
Action.c(140):             {\n
Action.c(140):               "fill": "rgb(132, 191, 65)"\n
Action.c(140):             }\n
Action.c(140):           ],\n
Action.c(140):           "width": 3185,\n
Action.c(140):           "isMulticolor": true,\n
Action.c(140):           "grid": 32,\n
Action.c(140):           "tags": [\n
Action.c(140):             "sns-logo"\n
Action.c(140):           ],\n
Action.c(140):           "defaultCode": 59676\n
Action.c(140):         },\n
Action.c(140):         {\n
Action.c(140):           "paths": [\n
Action.c(140):             "M1494.954 687.178c-37.317 19.288-78.539 29.622-120.21 29.622-103.111 0-171.544-66
Action.c(140):     .91-171.544-164.819 0-92.94 68.882-167.981 179.866-167.981 33.348 0 63.625 6.33 95.225 17.
Action.c(140):     099v54.798c-15.369-8.985-46.939-27.378-91.285-27.378-71.493 0-123.713 50.288-123.713 122.5
Action.c(140):     91 0 68.264 45.616 123.050 117.145 123.050 32.468 0 50.914-9.438 60.111-14.39l1.311-72.721
Action.c(140):     h-79.402l25.894-43.57h109.247l-2.646 143.699z",\n
Action.c(140):             "M1538.449 716.8h71.893v-228.778h-71.893v228.778zM1612.8 411.734c0 16.651-17.792 2
Action.c(140):     7.758-38.735 27.758-20.233 0-38.065-11.549-38.065-27.758 0-16.16 17.832-27.734 38.065-27.7
Action.c(140):     34 20.274 0 38.735 10.677 38.735 27.734z",\n
Action.c(140):             "M1664.564 639.886c0-13.422 7.806-26.443 26.087-31.885 5.229-1.682 14.358-3.358 34
Action.c(140):     .367-3.358 4.362 0 9.141 0.434 13.913 0.869v54.496c-7.835 3.353-22.615 9.618-38.255 9.618-
Action.c(140):     26.994 0-36.112-15.087-36.112-29.74zM1792 698.982c-2.617-9.228-3.484-12.147-3.484-54.084v-
Action.c(140):     83.429c-0.428-17.633-0.428-38.584-18.246-55.777-18.714-17.983-45.685-19.292-61.349-19.292-
Action.c(140):     20.003 0-40.468 4.21-52.619 6.739l-26.532 43.591c18.709-7.14 39.994-14.681 63.932-14.681 3
Action.c(140):     8.706 0 45.229 19.71 45.229 51.154-11.319-1.264-16.964-1.682-27.381-1.682-19.587 0-40.046 
Action.c(140):     2.946-56.548 10.047-22.626 9.245-42.201 28.977-42.201 59.948 0 26.421 13.913 40.233 20.875
Action.c(140):      46.109 11.746 9.674 29.149 16.374 54.797 16.374 12.099 0 30.056-2.484 52.838-9.501 0.329 
Action.c(140):     1.504 0.653 3.058 1.115 4.483h49.574z",\n
Action.c(140):             "M2158.606 700.865c-6.242 1.341-14.218 3.135-26.224 3.135-12.43 0-30.176-1.794-43.
Action.c(140):     958-16.856-13.321-15.004-13.321-30.531-12.897-50.010l0.903-119.994h-28.43l0.024-37.442 29.
Action.c(140):     303-0.188v-41.188l51.509-15.921v57.109h49.291v37.63h-50.182l-0.873 95.639c0 23.908 0 33.22
Action.c(140):     5 5.31 41.188 4.012 5.729 12.454 11.939 27.103 11.939 9.782 0 19.97-2.694 29.315-5.752l-30
Action.c(140):     .194 40.712z",\n
Action.c(140):             "M2009.6 704h-48.725v-107.529c-0.421-33.527-0.421-50.288-14.155-62.365-5.418-4.719
Action.c(140):     -14.593-9.049-28.361-9.049-13.32 0-24.764 3.708-38.393 13.133v165.809h-49.566v-212.242h49.
Action.c(140):     566v39.76l-11.543-24.273c0 0 17.974-9.586 28.427-13.402 8.721-3.188 26.103-7.444 41.105-7.
Action.c(140):     444 12.523 0 34.597 1.714 51.652 17.595 19.18 18.109 19.584 39.977 19.993 58.469v141.536z"
Action.c(140):     ,\n
Action.c(140):             "M2216.37 505.889h5.855c3.712 0 6.49-0.561 6.49-4.609 0-3.588-3.8-4.143-6.813-4.14
Action.c(140):     3h-5.532v8.752zM2209.798 491.974h12.509c8.31 0 12.979 2.62 12.979 9.855 0 6.131-3.794 8.51
Action.c(140):     -8.71 8.905l8.868 14.553h-6.889l-8.069-14.234h-4.117v14.234h-6.572v-33.313zM2221.597 532.1
Action.c(140):     26c12.257 0 22.311-9.855 22.311-23.458 0-13.52-10.054-23.298-22.311-23.298-12.427 0-22.323
Action.c(140):      9.778-22.323 23.298 0 13.602 9.896 23.458 22.323 23.458zM2221.597 479.008c16.057 0 30.392
Action.c(140):      11.608 30.392 29.66 0 18.135-14.336 29.825-30.392 29.825-16.068 0-30.398-11.69-30.398-29.
Action.c(140):     825 0-18.052 14.33-29.66 30.398-29.66z",\n
Action.c(140):             "M1041.606 568.36c-1.251-0.136-2.525-0.218-3.823-0.218h-215.372l261.105-262.295c0.
Action.c(140):     023-0.012 0.035-0.035 0.059-0.035 8.533-8.563 13.238-19.952 13.238-32.074 0.012-12.104-4.6
Action.c(140):     92-23.499-13.226-32.062-4.61-4.591-9.867-8.002-15.739-10.251-0.564-0.218-1.122-0.395-1.68-
Action.c(140):     0.584-77.899-26.875-165.752-6.515-223.947 51.996-3.7 3.7-7.224 7.542-10.607 11.472l-0.012-
Action.c(140):     246.19v-0.106c-0.012-26.414-21.43-47.901-47.718-47.901-6.701 0-13.179 1.369-19.304 4.078-0
Action.c(140):     .552 0.266-1.092 0.531-1.633 0.808-0.147 0.077-0.3 0.153-0.458 0.23-0.135 0.059-0.264 0.13
Action.c(140):     -0.388 0.207-93.151 46.036-153.272 142.924-153.272 247.294 0 14.305 1.175 28.462 3.365 42.
Action.c(140):     371l-181.409-182.285c-0.029-0.024-0.047-0.059-0.076-0.083-20.027-20.1-52.586-20.1-72.601 0
Action.c(140):     .024-5.080 5.081-8.98 11.1-11.57 17.84-0.253 0.661-0.458 1.304-0.664 1.971 0.082-0.254 0.1
Action.c(140):     35-0.496 0.229-0.761-21.507 62.359-25.395 129.415-11.264 193.97 14.53 66.342 47.606 126.91
Action.c(140):     9 95.606 175.168 27.403 27.512 58.812 50.149 92.992 67.233h-211.373c-30.915 0-56.063 25.26
Action.c(140):     3-56.063 56.328 0 7.896 1.597 15.532 4.763 22.738 0.264 0.626 0.581 1.21 0.893 1.824-0.106
Action.c(140):     -0.218-0.235-0.407-0.335-0.614 37.117 76.859 94.672 141.826 166.433 187.933 73.77 47.37 15
Action.c(140):     9.221 72.415 247.151 72.415 87.906 0 173.352-25.033 247.116-72.415 71.773-46.083 129.334-1
Action.c(140):     11.062 166.439-187.909-0.364 0.738-0.758 1.475-1.157 2.213 0.64-1.139 1.239-2.337 1.756-3.
Action.c(140):     517 3.166-7.235 4.781-14.865 4.781-22.679 0-29.748-23.098-54.139-52.234-56.133zM1065.832 2
Action.c(140):     30.723c0.112 0.041 0.223 0.083 0.335 0.118 0.194 0.065 0.393 0.112 0.593 0.183-0.311-0.118
Action.c(140):     -0.634-0.183-0.928-0.301z",\n
Action.c(140):             "M296.008 642.899c-1.028-2.496-1.608-5.266-1.608-8.185 0-11.211 8.459-20.276 18.89
Action.c(140):     2-20.276l717.369-0.025c10.456 0 18.939 9.065 18.939 20.289 0 2.889-0.598 5.665-1.62 8.148l
Action.c(140):     -0.023 0.050c-67.674 149.818-210.598 253.101-375.963 253.101-165.382 0-308.324-103.296-375
Action.c(140):     .986-253.101z",\n
Action.c(140):             "M388.379 124.458c0.684-1.831 1.725-3.543 3.152-5.001 5.515-5.682 14.418-5.67 19.9
Action.c(140):     11 0l0.029 0.024 377.999 389.467c5.492 5.658 5.515 14.842 0.023 20.513-1.403 1.469-3.1 2.5
Action.c(140):     36-4.848 3.241l-0.023 0.012c-109.118 38.963-235.093 13.551-322.247-76.25-87.166-89.765-111
Action.c(140):     .833-219.572-73.995-332.006z",\n
Action.c(140):             "M802.314 39.314c1.471-0.596 3.125-0.914 4.845-0.914 6.644 0 12.015 4.743 12.028 1
Action.c(140):     0.573h-0.013l0.026 401.288-0.013-0.035c0 5.807-5.37 10.573-12.028 10.573-1.707 0-3.348-0.3
Action.c(140):     35-4.832-0.925h-0.013c-88.521-37.845-149.514-117.804-149.514-210.275 0-92.534 61.019-172.4
Action.c(140):     64 149.514-210.286z",\n
Action.c(140):             "M1044.429 278.678c1.006 0.392 1.977 0.994 2.802 1.831 3.164 3.164 3.153 8.282 0 1
Action.c(140):     1.453h-0.023l-217.637 217.667c-3.188 3.153-8.306 3.164-11.458 0.023-0.825-0.836-1.415-1.80
Action.c(140):     7-1.807-2.813l-0.012-0.035c-21.794-62.82-7.575-135.339 42.604-185.531 50.15-50.169 122.701
Action.c(140):     -64.353 185.532-42.594z",\n
Action.c(140):             "M2661.286 598.932c4.783-1.040 8.686-3.927 11.123-7.762 2.413-3.794 3.386-8.51 2.3
Action.c(140):     54-13.253-1.040-4.767-3.91-8.652-7.721-11.081-3.802-2.438-8.535-3.427-13.286-2.388-19.751 
Action.c(140):     4.326-40.025-1.589-54.235-15.799-11.115-11.115-17.23-25.882-17.229-41.589l0-99.834c-0-15.7
Action.c(140):     24 6.123-30.5 17.229-41.606 22.937-22.937 60.258-22.937 83.195-0 11.115 11.115 17.23 25.88
Action.c(140):     2 17.229 41.589l0.008 47.363c-0 4.991 2.071 9.493 5.391 12.712 3.178 3.062 7.488 4.942 12.
Action.c(140):     255 4.934 4.876 0 9.293-1.972 12.479-5.158 3.195-3.195 5.175-7.604 5.158-12.479l-0.008-47.
Action.c(140):     363c0.017-25.142-9.775-48.778-27.553-66.557-36.697-36.697-96.415-36.697-133.112-0-17.779 1
Action.c(140):     7.779-27.571 41.414-27.562 66.564v99.834c-0.017 25.124 9.784 48.769 27.562 66.548 22.754 2
Action.c(140):     2.754 55.166 32.221 86.722 25.325zM2707.675 739.996c17.779-17.779 27.571-41.414 27.562-66.
Action.c(140):     564l0-99.834c0.017-25.125-9.784-48.769-27.554-66.539-22.754-22.754-55.175-32.229-86.73-25.
Action.c(140):     333-4.775 1.049-8.677 3.935-11.115 7.77-2.421 3.785-3.394 8.502-2.363 13.245 1.048 4.775 3
Action.c(140):     .918 8.661 7.729 11.090 3.802 2.438 8.536 3.428 13.278 2.379 19.751-4.31 40.034 1.597 54.2
Action.c(140):     43 15.807 11.115 11.115 17.23 25.882 17.23 41.589l0 99.834c-0.009 15.716-6.132 30.491-17.2
Action.c(140):     38 41.598-22.937 22.937-60.258 22.937-83.186 0.008-11.115-11.115-17.23-25.882-17.23-41.589
Action.c(140):     v-47.355c0-4.991-2.071-9.493-5.391-12.712-3.178-3.062-7.488-4.942-12.255-4.933-4.876 0-9.2
Action.c(140):     84 1.98-12.479 5.175s-5.175 7.604-5.166 12.471l0.008 47.363c-0.025 25.117 9.775 48.761 27.
Action.c(140):     554 66.539 36.689 36.689 96.406 36.689 133.103-0.008z",\n
Action.c(140):             "M3284.093 551.036c-20.764 0-36.496-5.801-36.496-20.030v-115.478c0-20.076 5.081-25
Action.c(140):     .862 32.534-25.862 34.759 0 63.949 33.236 63.949 79.112 0 42.716-25.083 82.257-60.004 82.2
Action.c(140):     57h0.016zM3288.038 374.415c-30.862 0-53.851 1.603-69.582 1.603h-12.923c-33.103 0-51.010-1.
Action.c(140):     603-54.386-1.603-8.962 0-13.507 2.595-13.507 7.328 0 9.511 11.251 6.336 29.239 9.511 15.13
Action.c(140):     1 2.611 16.803 7.359 16.803 24.259v237.871c0 25.343 0 32.671-20.764 36.411-14.579 2.595-26
Action.c(140):     .917-1.038-26.917 8.977 0 5.252 5.049 8.427 14.595 8.427 9.53 0 31.398-3.725 63.949-3.725 
Action.c(140):     35.343 0 57.195 3.725 66.157 3.725 9.562 0 14.611-3.175 14.611-8.427 0-10-12.355-6.382-26.
Action.c(140):     316-8.977-21.381-4.214-21.381-11.618-21.381-36.946v-79.204c0-
Action.c(140): t=21397ms: 4229-byte ENCODED response body received for "https://stage.peapod.com/shop/images/icons/PeapodIcons.json" (RelFrameId=1, Internal ID=13)
Action.c(140): t=21398ms: 10611-byte DECODED response body for "https://stage.peapod.com/shop/images/icons/PeapodIcons.json" (RelFrameId=1, Internal ID=13)
Action.c(140):     6.916 1.721-11.175 6.721-10.733 3.831 0.351 23.118 12.717 64.338 6.305 49.289-7.664 91.613
Action.c(140):     -45.587 91.613-97.799 0-63.265-41.48-97.020-122.231-97.020l-0.016 0.015z",\n
Action.c(140):             "M3474.707 559.502l1.43-9.014c6.978-29.148 15.62-63.497 64.607-63.497 38.917 0 43.
Action.c(140):     579 30.058 43.579 49.873 0 31.286-15.651 28.638-58.049 28.638h-43.564c-5.315 0-8.020-1.627
Action.c(140):     -8.020-4.419v-1.611l0.016 0.032zM3477.411 582.619h143.435c16.132 0 22.582-2.218 22.582-12.
Action.c(140):     109 0-45.182-37.145-99.043-103.198-99.043-77.289 0-129.945 52.92-129.945 131.797 0 79.308 
Action.c(140):     48.351 131.67 122.407 131.67 38.699 0 67.731-12.652 91.899-34.732 11.796-10.434 17.236-19.
Action.c(140):     257 17.236-24.777 0-4.371-1.616-6.079-5.44-6.079-4.258 0-26.825 32.036-76.777 32.036-56.86
Action.c(140):     8 0-89.738-48.804-89.738-105.218v-4.675c0-7.77 1.057-8.823 7.538-8.823v-0.048z",\n
Action.c(140):             "M3787.404 651.012c0 27.563-23.183 48.556-45.893 48.556-24.969 0-30.097-20.625-30.
Action.c(140):     097-43.871 0-23.774 18.543-48.875 43.863-59.348l22.115-8.857c3.129-1.663 5.8-2.206 6.822-2
Action.c(140):     .206 1.603 0 3.19 2.206 3.19 6.667v59.060zM3890.27 695.763c0-5.020-2.686-8.33-7.402-8.33-7
Action.c(140):     .89 0-15.827 12.135-25.854 12.135-13.171 0-16.3-12.71-16.3-36.437v-128.128c0-45.87-10.577-
Action.c(140):     63.536-63.811-63.536-70.678 0-119.761 44.191-119.761 77.366 0 5.5 5.311 9.913 12.698 9.913
Action.c(140):      25.839 0 34.263-13.814 44.779-33.703 12.164-23.231 23.259-36.405 45.923-36.405 21.626 0 2
Action.c(140):     6.358 12.679 26.358 44.127v23.79c0 7.738-0.534 10.52-7.387 13.222l-16.865 7.195c-67.55 27.
Action.c(140):     627-104.423 51.897-104.423 98.342 0 27.036 12.774 59.619 46.412 59.619 23.717 0 43.222-12.
Action.c(140):     726 65.886-28.699l14.239-9.993h3.678c9.493 24.382 25.366 38.691 44.886 38.691 25.808 0 56.
Action.c(140):     958-28.699 56.958-39.203l-0.015 0.032z",\n
Action.c(140):             "M4035.24 706.941c-35.454 0-55.074-17.254-55.074-50.638v-100.277c0-36.083 17.396-5
Action.c(140):     3.352 55.074-53.352 53.386 0 89.85 38.828 89.85 100.792 0 60.887-36.464 103.475-89.85 103.
Action.c(140):     475zM4070.631 466.030c-29.461 0-52.85 9.688-76.302 30.763l-7.097 6.427c-2.129 2.153-3.817 
Action.c(140):     2.699-4.889 2.699-1.64 0-2.792-1.076-2.792-3.744v-26.458c0-7.55-2.145-11.326-7.003-11.326-
Action.c(140):     6.009 0-18.516 15.101-47.992 29.64-17.979 9.188-31.007 9.688-31.007 18.299 0 8.642 10.898 
Action.c(140):     5.429 19.052 8.658 8.706 3.791 10.93 9.75 10.93 24.274v243.672c0 14.492-2.792 19.297-14.21
Action.c(140):      23.088-14.715 4.867-25.55 0-25.55 11.903 0 4.82 3.769 8.081 11.403 8.081 9.274 0 28.893-3
Action.c(140):     .822 56.635-3.822 23.421 0 44.144 3.822 61.587 3.822 9.258 0 13.69-3.822 13.69-8.081 0-11.
Action.c(140):     903-12.57-7.036-30.565-11.903-13.595-3.791-16.323-8.065-16.323-23.088v-76.612l3.832-1.607c
Action.c(140):     18.5 8.096 37.583 12.355 58.812 12.355 82.264 0 138.946-57.096 138.946-135.205 0-71.713-48
Action.c(140):     .45-121.836-111.125-121.836h-0.032z",\n
Action.c(140):             "M4692.404 631.086c0 36.757-2.773 51.959-42.006 51.959-59.224 0-95.294-37.274-95.2
Action.c(140):     94-98.674 0-67.784 37.691-112.401 84.496-112.401 46.322 0 52.804 25.706 52.804 78.775v80.3
Action.c(140):     4zM4775.825 661.018c-3.786 0-10.751 9.987-20.442 9.987-5.407 0-8.632-6.826-8.632-21.024v-2
Action.c(140):     71.485c0-13.681 2.213-25.751 2.213-35.709 0-6.856-2.213-9.987-8.149-9.987-4.316 0-18.853 1
Action.c(140):     0.459-48.987 18.88-18.837 5.26-30.632 5.777-30.632 13.666 0 5.214 9.13 4.758 19.897 9.455 
Action.c(140):     9.084 4.18 10.252 7.403 10.252 20.461v61.977c0 5.245-2.228 7.92-4.924 7.92h-1.574l-8.616-2
Action.c(140):     .675c-10.237-3.132-26.41-5.777-45.232-5.777-78.030 0-137.285 55.653-137.285 129.214 0 71.4
Action.c(140):     32 52.726 121.278 123.308 121.278 45.185 0 69.382-23.623 73.137-23.623 5.438 0 6.482 22.60
Action.c(140):     5 16.189 22.605 5.407 0 24.229-11.021 58.694-20.461 10.221-2.691 16.672-3.709 16.672-15.79
Action.c(140):     4 0-5.245-3.21-8.939-5.921-8.939l0.031 0.030z",\n
Action.c(140):             "M4835.871 358.885h-8.892v-9.152h9.877c2.307 0 3.979 0.438 5.055 1.279 1.063 0.83 
Action.c(140):     1.607 1.913 1.607 3.216 0 0.899-0.272 1.741-0.843 2.49-0.557 0.795-1.348 1.303-2.385 1.637
Action.c(140):     -1.089 0.369-2.567 0.542-4.433 0.542l0.013-0.012zM4841.51 363.127c-0.57-0.45-1.374-0.899-2
Action.c(140):     .502-1.395 3.046-0.346 5.185-1.187 6.637-2.559 1.465-1.326 2.139-2.985 2.139-4.956 0-1.533
Action.c(140):     -0.415-2.916-1.27-4.184-0.868-1.279-2.035-2.156-3.487-2.64-1.413-0.496-3.578-0.726-6.352-0
Action.c(140):     .726h-13.818v27.733h4.122v-12.368h4.809c1.024 0 1.841 0.069 2.281 0.161 0.687 0.138 1.296 
Action.c(140):     0.38 1.893 0.749 0.609 0.323 1.309 0.922 2.074 1.81 0.778 0.865 1.789 2.167 2.994 3.815l4.
Action.c(140):     148 5.833h5.107l-5.366-7.562c-1.076-1.51-2.23-2.743-3.409-3.735v0.023z",\n
Action.c(140):             "M4836.61 383.751c-12.652 0-22.988-10.424-22.988-23.217 0-12.819 10.348-23.204 22.
Action.c(140):     988-23.204 12.652 0 22.949 10.398 22.949 23.204 0 12.793-10.297 23.217-22.949 23.217zM4836
Action.c(140):     .61 332.8c-15.149 0-27.467 12.429-27.467 27.733s12.318 27.733 27.467 27.733c15.124 0 27.39
Action.c(140):     -12.429 27.39-27.733s-12.279-27.733-27.39-27.733z",\n
Action.c(140):             "M4480 596.251c0 76.624-61.411 138.683-137.167 138.683s-137.119-62.042-137.119-138
Action.c(140):     .683c0-76.561 61.348-138.651 137.119-138.651 75.755 0 137.167 62.090 137.167 138.651z"\n
Action.c(140):           ],\n
Action.c(140):           "attrs": [\n
Action.c(140):             {\n
Action.c(140):               "fill": "rgb(106, 34, 106)"\n
Action.c(140):             },\n
Action.c(140):             {\n
Action.c(140):               "fill": "rgb(106, 34, 106)"\n
Action.c(140):             },\n
Action.c(140):             {\n
Action.c(140):               "fill": "rgb(106, 34, 106)"\n
Action.c(140):             },\n
Action.c(140):             {\n
Action.c(140):               "fill": "rgb(106, 34, 106)"\n
Action.c(140):             },\n
Action.c(140):             {\n
Action.c(140):               "fill": "rgb(106, 34, 106)"\n
Action.c(140):             },\n
Action.c(140):             {\n
Action.c(140):               "fill": "rgb(106, 34, 106)"\n
Action.c(140):             },\n
Action.c(140):             {\n
Action.c(140):               "fill": "rgb(255, 255, 254)"\n
Action.c(140):             },\n
Action.c(140):             {\n
Action.c(140):               "fill": "rgb(242, 178, 41)"\n
Action.c(140):             },\n
Action.c(140):             {\n
Action.c(140):               "fill": "rgb(218, 50, 42)"\n
Action.c(140):             },\n
Action.c(140):             {\n
Action.c(140):               "fill": "rgb(106, 34, 106)"\n
Action.c(140):             },\n
Action.c(140):             {\n
Action.c(140):               "fill": "rgb(132, 191, 65)"\n
Action.c(140):             },\n
Action.c(140):             {\n
Action.c(140):               "fill": "rgb(189, 189, 189)"\n
Action.c(140):             },\n
Action.c(140):             {\n
Action.c(140):               "fill": "rgb(51, 51, 51)"\n
Action.c(140):             },\n
Action.c(140):             {\n
Action.c(140):               "fill": "rgb(51, 51, 51)"\n
Action.c(140):             },\n
Action.c(140):             {\n
Action.c(140):               "fill": "rgb(54, 54, 54)"\n
Action.c(140):             },\n
Action.c(140):             {\n
Action.c(140):               "fill": "rgb(51, 51, 51)"\n
Action.c(140):             },\n
Action.c(140):             {\n
Action.c(140):               "fill": "rgb(51, 51, 51)"\n
Action.c(140):             },\n
Action.c(140):             {\n
Action.c(140):               "fill": "rgb(54, 54, 54)"\n
Action.c(140):             },\n
Action.c(140):             {\n
Action.c(140):               "fill": "rgb(51, 51, 51)"\n
Action.c(140):             },\n
Action.c(140):             {\n
Action.c(140):               "fill": "rgb(94, 160, 0)"\n
Action.c(140):             }\n
Action.c(140):           ],\n
Action.c(140):           "width": 5005,\n
Action.c(140):           "isMulticolor": true,\n
Action.c(140):           "grid": 32,\n
Action.c(140):           "tags": [\n
Action.c(140):             "peapod-giant-landover-link-logo"\n
Action.c(140):           ],\n
Action.c(140):           "defaultCode": 59691\n
Action.c(140):         },\n
Action.c(140):         {\n
Action.c(140):           "paths": [\n
Action.c(140):             "M692.288 504.455l42.084-0.063v42.133l-42.084-42.070zM543.995 579.239h-76.432c-2.6
Action.c(140):     27-10.589-1.493-25.691 3.086-38.54 8.429-18.22 27.151-35.967 38.162-35.967l35.184-0.054v74
Action.c(140):     .561zM2171.673 369.747l-56.199-59.030h-481.532l-0.036 128.006-37.064-56.189-1.457-1.224c-9
Action.c(140):     .329-7.837-18.181-16.63-26.746-25.145-16.634-16.531-33.835-33.626-56.676-46.118-11.335-5.8
Action.c(140):     08-25.729-8.998-40.537-8.998-18.37 0-35.13 4.79-47.311 13.511-24.074 13.493-43.461 44.661-
Action.c(140):     46.241 74.552-1.727 18.488-1.898 28.443-1.277 34.171v197.009l-109.16-226.729-56.811-58.771
Action.c(140):     c-18.253-21.214-45.458-33.867-72.869-33.867-14.385 0-28.41 3.592-40.609 10.383-31.694 14.3
Action.c(140):     96-44.171 43.544-55.183 69.271-4.237 9.883-8.232 19.221-13.143 27.773l-87.012 195.302 0.06
Action.c(140):     3-231.733-60.599-61.693h-146.899v55.536l-52.601-52.596h-226.678c-50.154 0.188-80.381 15.89
Action.c(140):     7-112.885 41.185-59.114 45.993-86.742 132.197-67.175 209.617 18.766 74.284 82.756 129.963 
Action.c(140):     110.078 153.732l2.438 2.127c27.034 23.582 89.045 47.834 113.883 48.048l236.574-0.232-0.036
Action.c(140):     -52.57 52.988 52.587 150.588 0.045v-9.686l11.092 9.847 134.799-0.161c5.641-0.009 16.859-0.
Action.c(140):     018 18.712-10.044 1.475-3.467 5.83-13.064 10.912-24.127l34.564 34.323h286.062l-0.144-1.617
Action.c(140):     h132.227v-136.057l48.463 72.702 40.483 50.595c7.125 8.909 11.623 14.521 17.48 14.521 0.9 0
Action.c(140):      1.826-0.125 2.798-0.402 18.226-0.063 134.116 0.063 134.116 0.063l13.188 0.009-0.162-266.5
Action.c(140):     39h32.072v209.59l55.471 56.984 146.108-0.098-0.009-264.331 111.895 0.17v-133.698z",\n
Action.c(140):             "M2137.6 729.609c0 21.199-17.192 38.391-38.391 38.391-21.208 0-38.409-17.192-38.40
Action.c(140):     9-38.391 0-21.218 17.201-38.409 38.409-38.409 21.199 0 38.391 17.192 38.391 38.409z",\n
Action.c(140):             "M2099.208 699.814c-16.426 0-29.779 13.362-29.779 29.79 0 16.42 13.353 29.774 29.7
Action.c(140):     79 29.774 16.418 0 29.77-13.354 29.77-29.774 0-16.428-13.353-29.79-29.77-29.79zM2099.208 7
Action.c(140):     68c-21.182 0-38.408-17.228-38.408-38.396 0-21.185 17.226-38.404 38.408-38.404 21.166 0 38.
Action.c(140):     392 17.219 38.392 38.404 0 21.168-17.226 38.396-38.392 38.396z",\n
Action.c(140):             "M2099.005 720.9v-11.412h7.513c3.839 0 7.932 0.839 7.932 5.429 0 5.66-4.166 5.982-
Action.c(140):     8.85 5.982h-6.595zM2099.005 725.657h6.34l9.605 16.002h6.185l-10.351-16.26c5.348-0.664 9.42
Action.c(140):     4-3.54 9.424-10.158 0-7.273-4.248-10.472-12.844-10.472h-13.872v36.89h5.512v-16.002zM2105.7
Action.c(140):      755.2c17.192 0 31.9-13.541 31.9-32.069 0-18.362-14.708-31.931-31.9-31.931-17.401 0-32.1 1
Action.c(140):     3.569-32.1 31.931 0 18.528 14.699 32.069 32.1 32.069zM2079.958 723.131c0-15.163 11.27-26.5
Action.c(140):     75 25.742-26.575 14.272 0 25.533 11.412 25.533 26.575 0 15.403-11.261 26.741-25.533 26.741
Action.c(140):     -14.472 0-25.742-11.338-25.742-26.741z",\n
Action.c(140):             "M1185.53 586.899l-12.463-24.841-11.137 24.841h23.601zM1200.6 351.282l55.391 56.03
Action.c(140):     6 132.751 269.685v-248.108c-0.045 0-1.066-7.964 1.228-32.083 2.276-23.971 18.431-51.58 40.
Action.c(140):     069-63.043 19.336-14.005 53.428-14.327 74.404-3.821 32.122 17.19 53.097 45.209 80.631 67.8
Action.c(140):     13l59.933 88.877 0.045-154.618h460.831l48.509 49.83v112.395l-111.436-0.165v257.508l-126.85
Action.c(140):     6 0.078-47.685-47.916v-211.742h-58.177l0.17 259.614c0 0-136.228-0.113-136.183-0.035 0.009 
Action.c(140):     0.035-46.986-57.351-46.986-57.351l-72.325-106.11v162.112h-116.686l-21.629-18.792c0.332 6.6
Action.c(140):     85 4.91 13.056 5.564 20.376h-265.153l-43.922-42.667c0 0-20.16 42.51-19.667 42.51s-135.036 
Action.c(140):     0.157-135.036 0.157l-29.165-25.311v25.155l-131.434-0.044-48.68-47.237v-372.845h127.671l52.
Action.c(140):     765 52.537-0.081 280.895 111.194-244.286c18.682-31.831 24.577-72.905 62.604-89.468 32.122-
Action.c(140):     17.826 73.741-6.998 97.341 20.063z",\n
Action.c(140):             "M727.315 382.486v112.708l-215.999 0.322c-19.255-0.078-41.297 23.884-50.149 42.98-
Action.c(140):     5.564 14.971-7.858 35.66-1.962 50.631 0 0 1.676 4.491 4.256 4.456h96.042v-84.385h117.331l4
Action.c(140):     9.495 48.403 0.161 194.021-222.387 0.209c-20.232-0.165-79.314-21.821-104.877-43.624-25.572
Action.c(140):     -21.812-89.743-74.706-108.004-145.348-19.99-77.379 12.499-153.173 62.281-191.044 33.268-25
Action.c(140):     .311 60.31-37.253 104.384-37.41h220.264l49.164 48.081z",\n
Action.c(140):             "M1197.607 367.494l14.393 30.203 144.538 316.438c0.983 2.035-0.858 2.245-4.577 2.3
Action.c(140):     27h-235.456v-103.475h81.102l-61.479-147.11-98.436 250.922h-116.092c0 0 140.381-332.544 154
Action.c(140):     .515-351.815 15.296-23.277 45.95-36.554 72.77-30.878 19.614 4.006 38.915 16.023 48.722 33.
Action.c(140):     388z",\n
Action.c(140):             "M1532.406 369.367l118.564 181.761 0.036-208.256h448.194v104.962h-112.35v268.966h-
Action.c(140):     112.833l-0.161-272.651h-120.683c0.322 89.881 0.322 272.321 0.322 272.321h-119.7l-135.936-2
Action.c(140):     11.245 0.045 211.245h-102.694l-0.009-295.461c0.009-18.409 7.77-53.192 29.272-71.647 16.496
Action.c(140):     -14.164 44.722-23.057 73.261-10.69 12.759 6.042 27.475 17.611 34.672 30.694z",\n
Action.c(140):             "M678.4 447.539h-207.008c-26.659 0-61.14 37.809-65.79 72.953-4.478 30.92 23.135 95
Action.c(140):     .788 59.813 95.833h106.828v-87.874h104.83v188.348l-226.946-0.335c-62.802-5.629-1
Action.c(140): t=21429ms: 12273-byte ENCODED response body received for "https://stage.peapod.com/shop/images/icons/PeapodIcons.json" (RelFrameId=1, Internal ID=13)
Action.c(140): t=21429ms: 12288-byte DECODED response body for "https://stage.peapod.com/shop/images/icons/PeapodIcons.json" (RelFrameId=1, Internal ID=13)
Action.c(140):     25.267-60.68-145.532-124.351-21.264-65.321-10.637-143.904 44.853-198.954 39.876-37.8 79.07
Action.c(140):     9-48.986 128.592-47.418h200.195l0.163 101.798z",\n
Action.c(140):             "M755.2 704h115.2v-371.2h-115.2z",\n
Action.c(140):             "M2661.286 598.932c4.783-1.040 8.686-3.927 11.123-7.762 2.413-3.794 3.386-8.51 2.3
Action.c(140):     54-13.253-1.040-4.767-3.91-8.652-7.721-11.081-3.802-2.438-8.535-3.427-13.286-2.388-19.751 
Action.c(140):     4.326-40.025-1.589-54.235-15.799-11.115-11.115-17.23-25.882-17.229-41.589l0-99.834c-0-15.7
Action.c(140):     24 6.123-30.5 17.229-41.606 22.937-22.937 60.258-22.937 83.195-0 11.115 11.115 17.23 25.88
Action.c(140):     2 17.229 41.589l0.008 47.363c-0 4.991 2.071 9.493 5.391 12.712 3.178 3.062 7.488 4.942 12.
Action.c(140):     255 4.934 4.876 0 9.293-1.972 12.479-5.158 3.195-3.195 5.175-7.604 5.158-12.479l-0.008-47.
Action.c(140):     363c0.017-25.142-9.775-48.778-27.553-66.557-36.697-36.697-96.415-36.697-133.112-0-17.779 1
Action.c(140):     7.779-27.571 41.414-27.562 66.564v99.834c-0.017 25.124 9.784 48.769 27.562 66.548 22.754 2
Action.c(140):     2.754 55.166 32.221 86.722 25.325zM2707.675 739.996c17.779-17.779 27.571-41.414 27.562-66.
Action.c(140):     564l0-99.834c0.017-25.125-9.784-48.769-27.554-66.539-22.754-22.754-55.175-32.229-86.73-25.
Action.c(140):     333-4.775 1.049-8.677 3.935-11.115 7.77-2.421 3.785-3.394 8.502-2.363 13.245 1.048 4.775 3
Action.c(140):     .918 8.661 7.729 11.090 3.802 2.438 8.536 3.428 13.278 2.379 19.751-4.31 40.034 1.597 54.2
Action.c(140):     43 15.807 11.115 11.115 17.23 25.882 17.23 41.589l0 99.834c-0.009 15.716-6.132 30.491-17.2
Action.c(140):     38 41.598-22.937 22.937-60.258 22.937-83.186 0.008-11.115-11.115-17.23-25.882-17.23-41.589
Action.c(140):     v-47.355c0-4.991-2.071-9.493-5.391-12.712-3.178-3.062-7.488-4.942-12.255-4.933-4.876 0-9.2
Action.c(140):     84 1.98-12.479 5.175s-5.175 7.604-5.166 12.471l0.008 47.363c-0.025 25.117 9.775 48.761 27.
Action.c(140):     554 66.539 36.689 36.689 96.406 36.689 133.103-0.008z",\n
Action.c(140):             "M3258.493 551.036c-20.764 0-36.496-5.801-36.496-20.030v-115.478c0-20.076 5.081-25
Action.c(140):     .862 32.534-25.862 34.759 0 63.949 33.236 63.949 79.112 0 42.716-25.083 82.257-60.004 82.2
Action.c(140):     57h0.016zM3262.438 374.415c-30.862 0-53.851 1.603-69.582 1.603h-12.923c-33.103 0-51.010-1.
Action.c(140):     603-54.386-1.603-8.962 0-13.507 2.595-13.507 7.328 0 9.511 11.251 6.336 29.239 9.511 15.13
Action.c(140):     1 2.611 16.803 7.359 16.803 24.259v237.871c0 25.343 0 32.671-20.764 36.411-14.579 2.595-26
Action.c(140):     .917-1.038-26.917 8.977 0 5.252 5.049 8.427 14.595 8.427 9.53 0 31.398-3.725 63.949-3.725 
Action.c(140):     35.343 0 57.195 3.725 66.157 3.725 9.562 0 14.611-3.175 14.611-8.427 0-10-12.355-6.382-26.
Action.c(140):     316-8.977-21.381-4.214-21.381-11.618-21.381-36.946v-79.204c0-6.916 1.721-11.175 6.721-10.7
Action.c(140):     33 3.831 0.351 23.118 12.717 64.338 6.305 49.289-7.664 91.613-45.587 91.613-97.799 0-63.26
Action.c(140):     5-41.48-97.020-122.231-97.020l-0.016 0.015z",\n
Action.c(140):             "M3449.107 559.502l1.43-9.014c6.978-29.148 15.62-63.497 64.607-63.497 38.917 0 43.
Action.c(140):     579 30.058 43.579 49.873 0 31.286-15.651 28.638-58.049 28.638h-43.564c-5.315 0-8.020-1.627
Action.c(140):     -8.020-4.419v-1.611l0.016 0.032zM3451.811 582.619h143.435c16.132 0 22.582-2.218 22.582-12.
Action.c(140):     109 0-45.182-37.145-99.043-103.198-99.043-77.289 0-129.945 52.92-129.945 131.797 0 79.308 
Action.c(140):     48.351 131.67 122.407 131.67 38.699 0 67.731-12.652 91.899-34.732 11.796-10.434 17.236-19.
Action.c(140):     257 17.236-24.777 0-4.371-1.616-6.079-5.44-6.079-4.258 0-26.825 32.036-76.777 32.036-56.86
Action.c(140):     8 0-89.738-48.804-89.738-105.218v-4.675c0-7.77 1.057-8.823 7.538-8.823v-0.048z",\n
Action.c(140):             "M3761.804 651.012c0 27.563-23.183 48.556-45.893 48.556-24.969 0-30.097-20.625-30.
Action.c(140):     097-43.871 0-23.774 18.543-48.875 43.863-59.348l22.115-8.857c3.129-1.663 5.8-2.206 6.822-2
Action.c(140):     .206 1.603 0 3.19 2.206 3.19 6.667v59.060zM3864.67 695.763c0-5.020-2.686-8.33-7.402-8.33-7
Action.c(140):     .89 0-15.827 12.135-25.854 12.135-13.171 0-16.3-12.71-16.3-36.437v-128.128c0-45.87-10.577-
Action.c(140):     63.536-63.811-63.536-70.678 0-119.761 44.191-119.761 77.366 0 5.5 5.311 9.913 12.698 9.913
Action.c(140):      25.839 0 34.263-13.814 44.779-33.703 12.164-23.231 23.259-36.405 45.923-36.405 21.626 0 2
Action.c(140):     6.358 12.679 26.358 44.127v23.79c0 7.738-0.534 10.52-7.387 13.222l-16.865 7.195c-67.55 27.
Action.c(140):     627-104.423 51.897-104.423 98.342 0 27.036 12.774 59.619 46.412 59.619 23.717 0 43.222-12.
Action.c(140):     726 65.886-28.699l14.239-9.993h3.678c9.493 24.382 25.366 38.691 44.886 38.691 25.808 0 56.
Action.c(140):     958-28.699 56.958-39.203l-0.015 0.032z",\n
Action.c(140):             "M4009.64 706.941c-35.454 0-55.074-17.254-55.074-50.638v-100.277c0-36.083 17.396-5
Action.c(140):     3.352 55.074-53.352 53.386 0 89.85 38.828 89.85 100.792 0 60.887-36.464 103.475-89.85 103.
Action.c(140):     475zM4045.031 466.030c-29.461 0-52.85 9.688-76.302 30.763l-7.097 6.427c-2.129 2.153-3.817 
Action.c(140):     2.699-4.889 2.699-1.64 0-2.792-1.076-2.792-3.744v-26.458c0-7.55-2.145-11.326-7.003-11.326-
Action.c(140):     6.009 0-18.516 15.101-47.992 29.64-17.979 9.188-31.007 9.688-31.007 18.299 0 8.642 10.898 
Action.c(140):     5.429 19.052 8.658 8.706 3.791 10.93 9.75 10.93 24.274v243.672c0 14.492-2.792 19.297-14.21
Action.c(140):      23.088-14.715 4.867-25.55 0-25.55 11.903 0 4.82 3.769 8.081 11.403 8.081 9.274 0 28.893-3
Action.c(140):     .822 56.635-3.822 23.421 0 44.144 3.822 61.587 3.822 9.258 0 13.69-3.822 13.69-8.081 0-11.
Action.c(140):     903-12.57-7.036-30.565-11.903-13.595-3.791-16.323-8.065-16.323-23.088v-76.612l3.832-1.607c
Action.c(140):     18.5 8.096 37.583 12.355 58.812 12.355 82.264 0 138.946-57.096 138.946-135.205 0-71.713-48
Action.c(140):     .45-121.836-111.125-121.836h-0.032z",\n
Action.c(140):             "M4666.804 631.086c0 36.757-2.773 51.959-42.006 51.959-59.224 0-95.294-37.274-95.2
Action.c(140):     94-98.674 0-67.784 37.691-112.401 84.496-112.401 46.322 0 52.804 25.706 52.804 78.775v80.3
Action.c(140):     4zM4750.225 661.018c-3.786 0-10.751 9.987-20.442 9.987-5.407 0-8.632-6.826-8.632-21.024v-2
Action.c(140):     71.485c0-13.681 2.213-25.751 2.213-35.709 0-6.856-2.213-9.987-8.149-9.987-4.316 0-18.853 1
Action.c(140):     0.459-48.987 18.88-18.837 5.26-30.632 5.777-30.632 13.666 0 5.214 9.13 4.758 19.897 9.455 
Action.c(140):     9.084 4.18 10.252 7.403 10.252 20.461v61.977c0 5.245-2.228 7.92-4.924 7.92h-1.574l-8.616-2
Action.c(140):     .675c-10.237-3.132-26.41-5.777-45.232-5.777-78.030 0-137.285 55.653-137.285 129.214 0 71.4
Action.c(140):     32 52.726 121.278 123.308 121.278 45.185 0 69.382-23.623 73.137-23.623 5.438 0 6.482 22.60
Action.c(140):     5 16.189 22.605 5.407 0 24.229-11.021 58.694-20.461 10.221-2.691 16.672-3.709 16.672-15.79
Action.c(140):     4 0-5.245-3.21-8.939-5.921-8.939l0.031 0.030z",\n
Action.c(140):             "M4810.271 358.885h-8.892v-9.152h9.877c2.307 0 3.979 0.438 5.055 1.279 1.063 0.83 
Action.c(140):     1.607 1.913 1.607 3.216 0 0.899-0.272 1.741-0.843 2.49-0.557 0.795-1.348 1.303-2.385 1.637
Action.c(140):     -1.089 0.369-2.567 0.542-4.433 0.542l0.013-0.012zM4815.91 363.127c-0.57-0.45-1.374-0.899-2
Action.c(140):     .502-1.395 3.046-0.346 5.185-1.187 6.637-2.559 1.465-1.326 2.139-2.985 2.139-4.956 0-1.533
Action.c(140):     -0.415-2.916-1.27-4.184-0.868-1.279-2.035-2.156-3.487-2.64-1.413-0.496-3.578-0.726-6.352-0
Action.c(140):     .726h-13.818v27.733h4.122v-12.368h4.809c1.024 0 1.841 0.069 2.281 0.161 0.687 0.138 1.296 
Action.c(140):     0.38 1.893 0.749 0.609 0.323 1.309 0.922 2.074 1.81 0.778 0.865 1.789 2.167 2.994 3.815l4.
Action.c(140):     148 5.833h5.107l-5.366-7.562c-1.076-1.51-2.23-2.743-3.409-3.735v0.023z",\n
Action.c(140):             "M4811.010 383.751c-12.652 0-22.988-10.424-22.988-23.217 0-12.819 10.348-23.204 22
Action.c(140):     .988-23.204 12.652 0 22.949 10.398 22.949 23.204 0 12.793-10.297 23.217-22.949 23.217zM481
Action.c(140):     1.010 332.8c-15.149 0-27.467 12.429-27.467 27.733s12.318 27.733 27.467 27.733c15.124 0 27.
Action.c(140):     39-12.429 27.39-27.733s-12.279-27.733-27.39-27.733z",\n
Action.c(140):             "M4454.4 596.251c0 76.624-61.411 138.683-137.167 138.683s-137.119-62.042-137.119-1
Action.c(140):     38.683c0-76.561 61.348-138.651 137.119-138.651 75.755 0 137.167 62.090 137.167 138.651z"\n
Action.c(140):           ],\n
Action.c(140):           "attrs": [\n
Action.c(140):             {\n
Action.c(140):               "fill": "rgb(255, 255, 254)"\n
Action.c(140):             },\n
Action.c(140):             {\n
Action.c(140):               "fill": "rgb(255, 255, 254)"\n
Action.c(140):             },\n
Action.c(140):             {\n
Action.c(140):               "fill": "rgb(255, 255, 254)"\n
Action.c(140):             },\n
Action.c(140):             {\n
Action.c(140):               "fill": "rgb(26, 25, 25)"\n
Action.c(140):             },\n
Action.c(140):             {\n
Action.c(140):               "fill": "rgb(26, 25, 25)"\n
Action.c(140):             },\n
Action.c(140):             {\n
Action.c(140):               "fill": "rgb(26, 25, 25)"\n
Action.c(140):             },\n
Action.c(140):             {\n
Action.c(140):               "fill": "rgb(215, 35, 49)"\n
Action.c(140):             },\n
Action.c(140):             {\n
Action.c(140):               "fill": "rgb(215, 35, 49)"\n
Action.c(140):             },\n
Action.c(140):             {\n
Action.c(140):               "fill": "rgb(215, 35, 49)"\n
Action.c(140):             },\n
Action.c(140):             {\n
Action.c(140):               "fill": "rgb(215, 35, 49)"\n
Action.c(140):             },\n
Action.c(140):             {\n
Action.c(140):               "fill": "rgb(189, 189, 189)"\n
Action.c(140):             },\n
Action.c(140):             {\n
Action.c(140):               "fill": "rgb(51, 51, 51)"\n
Action.c(140):             },\n
Action.c(140):             {\n
Action.c(140):               "fill": "rgb(51, 51, 51)"\n
Action.c(140):             },\n
Action.c(140):             {\n
Action.c(140):               "fill": "rgb(54, 54, 54)"\n
Action.c(140):             },\n
Action.c(140):             {\n
Action.c(140):               "fill": "rgb(51, 51, 51)"\n
Action.c(140):             },\n
Action.c(140):             {\n
Action.c(140):               "fill": "rgb(51, 51, 51)"\n
Action.c(140):             },\n
Action.c(140):             {\n
Action.c(140):               "fill": "rgb(54, 54, 54)"\n
Action.c(140):             },\n
Action.c(140):             {\n
Action.c(140):               "fill": "rgb(51, 51, 51)"\n
Action.c(140):             },\n
Action.c(140):             {\n
Action.c(140):               "fill": "rgb(94, 160, 0)"\n
Action.c(140):             }\n
Action.c(140):           ],\n
Action.c(140):           "width": 5005,\n
Action.c(140):           "isMulticolor": true,\n
Action.c(140):           "grid": 32,\n
Action.c(140):           "tags": [\n
Action.c(140):             "peapod-giant-carlisle-link-logo"\n
Action.c(140):           ],\n
Action.c(140):           "defaultCode": 59711\n
Action.c(140):         },\n
Action.c(140):         {\n
Action.c(140):           "paths": [\n
Action.c(140):             "M857.6 635.254c18.484 13.105 39.981 22.448 62.429 22.448 32.701 0 45.266-21.071 4
Action.c(140):     5.266-37.674 0-24.166-20.156-32.478-36.363-39.393l-14.856-6.237c-13.862-6.548-29.406-13.78
Action.c(140):     9-40.976-27.991-5.929-7.231-14.193-20.693-14.193-40.397 0-36.593 29.079-70.81 82.917-70.81
Action.c(140):      29.401 0 49.884 9.332 57.49 12.748v41.091c-7.606-6.186-25.783-20.693-54.842-20.693-29.722
Action.c(140):      0-40.634 18.643-40.634 33.87 0 22.070 21.156 31.754 38.299 39.015l16.543 7.277c13.545 6.5
Action.c(140):     53 28.752 13.835 39.328 27.975 7.24 9.332 13.194 23.503 13.194 40.403 0 41.152-33.033 74.3
Action.c(140):     14-87.87 74.314-14.856 0-38.313-2.432-65.73-13.804v-42.141z",\n
Action.c(140):             "M1114.49 675.966c-5.078 1.081-11.61 2.434-21.428 2.434-10.167 0-24.721-1.353-35.9
Action.c(140):     71-13.007-10.918-11.644-10.918-23.626-10.537-38.689l0.756-92.707h-23.283l-0.027-29.105h24.
Action.c(140):     029v-31.776l42.138-12.316v44.092h40.309v29.105h-41.060l-0.697 73.919c0 18.451 0 25.671 4.3
Action.c(140):     44 31.821 3.276 4.418 10.178 9.246 22.195 9.246 7.99 0 16.307-2.080 23.943-4.449l-24.71 31
Action.c(140):     .433z",\n
Action.c(140):             "M1222.383 528.257c-13.502 0.332-24.333 6.214-31.771 19.356-7.447 12.427-9.134 26.
Action.c(140):     999-9.134 41.54 0 13.489 1.687 29.368 9.494 41.795 7.762 12.494 19.656 18.049 31.776 18.04
Action.c(140):     9 28.077 0 40.885-29.092 40.885-60.896 0-31.502-11.475-59.844-40.556-59.844h-0.694zM1222.0
Action.c(140):     83 678.4c-54.801 0-82.883-39.094-82.883-87.9 0-51.185 31.806-91.3 84.89-91.3 48.347 0 81.5
Action.c(140):     1 34.571 81.51 88.186 0 50.516-28.416 91.014-83.517 91.014z",\n
Action.c(140):             "M1588.86 518.472c-1.205-14.083-11.221-21.754-22.923-20.668-13.817 1.253-21.592 13
Action.c(140):     .889-20.453 27.086 0.946 10.979 10.983 19.457 19.086 26.75 24.153-9.102 25.145-22.744 24.2
Action.c(140):     89-33.168zM1553.456 583.492c-10.644 4.32-23.044 16.007-21.465 34.416 1.321 15.698 14.222 3
Action.c(140):     5.323 43.74 32.638 11.52-1.022 23.606-7.933 36.274-18.214l-58.549-48.839zM1644.479 659.228
Action.c(140):     l-33.445-26.965c0 0 26.359 9.988 21.202 15.624-5.213 5.678-9.814 11.089-20.686 18.020-15.8
Action.c(140):     42 10.135-28.105 12.237-42.844 12.473-39.21 0.724-68.014-19.048-70.879-53.191-1.174-13.742
Action.c(140):      2.252-27.143 9.1-37.724 8.594-12.442 20.098-18.76 28.030-23.111-5.269-5.327-19.704-19.656
Action.c(140):     -21.156-36.974-2.475-28.91 17.973-50.606 49.849-53.506 29.735-2.726 53.523 15.095 55.801 4
Action.c(140):     1.761 0.901 10.743-1.868 22.131-8.113 31.548-8.053 12.153-14.48 17.701-24.228 22.739l76.89
Action.c(140):     1 63.667-19.521 25.639z",\n
Action.c(140):             "M1676.8 635.23c18.503 13.12 39.994 22.442 62.426 22.442 32.712 0 45.248-21.075 45
Action.c(140):     .248-37.658 0-24.191-20.136-32.498-36.338-39.387l-14.852-6.226c-13.867-6.568-29.378-13.829
Action.c(140):     -40.954-27.939-5.952-7.272-14.214-20.805-14.214-40.458 0-36.603 29.085-70.804 82.922-70.80
Action.c(140):     4 29.407 0 49.835 9.311 57.454 12.748v41.116c-7.619-6.226-25.761-20.708-54.836-20.708-29.7
Action.c(140):     14 0-40.603 18.648-40.603 33.834 0 22.1 21.116 31.809 38.298 39.071l16.5 7.241c13.541 6.54
Action.c(140):     2 28.788 13.814 39.331 28 7.248 9.322 13.219 23.498 13.219 40.386 0 41.126-33.053 74.312-8
Action.c(140):     7.889 74.312-14.823 0-38.264-2.432-65.711-13.834v-42.135z",\n
Action.c(140):             "M1996.8 678.4h-38.282v-86.122c-0.324-26.863-0.324-40.285-11.121-49.955-4.261-3.78
Action.c(140):     8-11.464-7.25-22.281-7.25-10.464 0-19.455 2.974-30.171 10.519v132.808h-38.944v-243.2h38.94
Action.c(140):     4v105.044l-9.063-19.436c0 0 14.122-7.682 22.33-10.737 6.851-2.552 20.513-5.958 32.292-5.95
Action.c(140):     8 9.846 0 27.19 1.368 40.587 14.098 15.078 14.499 15.387 32.014 15.711 46.818v113.372z",\n
Action.c(140):             "M2118.412 528.257c-13.523 0.332-24.355 6.214-31.772 19.356-7.428 12.427-9.105 26.
Action.c(140):     999-9.105 41.54 0 13.489 1.677 29.368 9.414 41.795 7.802 12.494 19.658 18.049 31.787 18.04
Action.c(140):     9 28.084 0 40.962-29.092 40.962-60.896 0-31.502-11.531-59.844-40.573-59.844h-0.714zM2118.0
Action.c(140):     73 678.4c-54.764 0-82.873-39.094-82.873-87.9 0-51.185 31.802-91.3 84.925-91.3 48.37 0 81.4
Action.c(140):     75 34.571 81.475 88.186 0 50.516-28.378 91.014-83.527 91.014z",\n
Action.c(140):             "M2268.016 634.578c4.121 2.706 15.585 10.206 33.545 10.206 33.202 0 49.492-26.899 
Action.c(140):     49.492-59.898 0-17.33-4.831-30.955-11.765-39.465-6.567-8.148-18.685-16.657-37.727-16.657-1
Action.c(140):     1.745 0-23.168 3.067-33.545 8.168v97.645zM2266.837 511.379c4.402-2.129 17.091-6.697 20.824
Action.c(140):     -8.053 3.038-1.079 13.542-4.127 26.717-4.127 50.176 0 79.222 34.319 79.222 
Action.c(140): t=21457ms: 12288-byte DECODED response body for "https://stage.peapod.com/shop/images/icons/PeapodIcons.json" (RelFrameId=1, Internal ID=13)
Action.c(140):     84.678 0 55.103-34.239 91.526-83.031 91.526-20.395 0-33.57-6.481-42.552-10.919v77.916h-40.
Action.c(140):     816v-239.159h40.816v28.199c0 0-5.576-17.963-1.18-20.061z",\n
Action.c(140):             "M1372.043 634.578c4.146 2.706 15.52 10.206 33.527 10.206 33.205 0 49.466-26.899 4
Action.c(140):     9.466-59.898 0-17.33-4.845-30.955-11.732-39.465-6.601-8.148-18.706-16.657-37.734-16.657-11
Action.c(140):     .742 0-23.148 3.067-33.527 8.168v97.645zM1370.843 511.379c4.421-2.129 17.078-6.697 20.82-8
Action.c(140):     .053 3.027-1.079 13.565-4.127 26.722-4.127 50.155 0 79.215 34.319 79.215 84.678 0 55.103-3
Action.c(140):     4.252 91.526-83.014 91.526-20.406 0-33.548-6.481-42.543-10.919v77.916h-40.843v-239.159h40.
Action.c(140):     843v28.199c0 0-5.596-17.963-1.2-20.061z",\n
Action.c(140):             "M2411.529 515.673h4.957c3.148 0 5.492-0.472 5.492-3.945 0-3.057-3.208-3.534-5.752
Action.c(140):     -3.534h-4.697v7.478zM2405.973 503.778h10.579c7.036 0 10.984 2.246 10.984 8.421 0 5.237-3.2
Action.c(140):     08 7.276-7.366 7.615l7.506 12.442h-5.827l-6.826-12.163h-3.493v12.163h-5.557v-28.479zM2415.
Action.c(140):     952 538.098c10.384 0 18.884-8.427 18.884-20.047 0-11.555-8.5-19.915-18.884-19.915-10.509 0
Action.c(140):     -18.879 8.361-18.879 19.915 0 11.621 8.37 20.047 18.879 20.047zM2415.952 492.7c13.602 0 25
Action.c(140):     .725 9.927 25.725 25.351 0 15.499-12.123 25.493-25.725 25.493s-25.72-9.993-25.72-25.493c0-
Action.c(140):     15.423 12.118-25.351 25.72-25.351z",\n
Action.c(140):             "M740.257 262.232c0.045 0.015 0.090 0.030 0.135 0.046 0.215 0.081 0.44 0.132 0.66 
Action.c(140):     0.208-0.265-0.101-0.54-0.152-0.795-0.254zM719.649 552.309c-1.064-0.112-2.154-0.183-3.253-0
Action.c(140):     .183h-183.258l222.165-225.352c0.020-0.010 0.030-0.030 0.055-0.030 7.261-7.362 11.263-17.14
Action.c(140):     2 11.263-27.556 0.010-10.404-3.998-20.194-11.253-27.551-3.923-3.945-8.4-6.875-13.397-8.807
Action.c(140):     -0.525-0.208-1.049-0.375-1.579-0.553-66.251-23.003-140.918-5.506-190.399 44.729-3.148 3.17
Action.c(140):     9-6.146 6.48-9.025 9.856l-0.010-211.521v-0.086c-0.010-22.699-18.229-41.159-40.601-41.159-5
Action.c(140):     .702 0-11.218 1.181-16.43 3.509-0.42 0.203-0.84 0.416-1.259 0.629-0.165 0.086-0.335 0.172-
Action.c(140):     0.51 0.259-0.125 0.056-0.23 0.112-0.34 0.177-79.259 39.557-130.409 122.799-130.409 212.469
Action.c(140):      0 12.285 0.999 24.453 2.858 36.404l-154.35-156.616c-0.025-0.020-0.040-0.051-0.065-0.066-1
Action.c(140):     7.040-17.269-44.744-17.269-61.774 0.015-4.322 4.37-7.641 9.542-9.844 15.327-0.215 0.568-0.
Action.c(140):     39 1.12-0.565 1.693 0.070-0.218 0.115-0.426 0.195-0.654-18.299 53.576-21.607 111.188-9.584
Action.c(140):      166.65 12.363 57.003 40.506 109.048 81.347 150.497 23.316 23.642 50.041 43.086 79.124 57.
Action.c(140):     769h-179.85c-26.305 0-47.702 21.7-47.702 48.389 0 6.789 1.359 13.345 4.053 19.535 0.225 0.
Action.c(140):     543 0.495 1.044 0.76 1.572-0.090-0.188-0.2-0.35-0.285-0.532 31.582 66.033 80.553 121.856 1
Action.c(140):     41.612 161.468 62.768 40.698 135.476 62.21 210.287 62.21 74.806 0 147.509-21.502 210.267-6
Action.c(140):     2.21 61.074-39.593 110.046-95.42 141.617-161.443-0.305 0.634-0.64 1.268-0.984 1.896 0.545-
Action.c(140):     0.973 1.054-2.003 1.499-3.022 2.688-6.216 4.068-12.767 4.068-19.485 0-25.559-19.659-46.508
Action.c(140):     -44.444-48.227zM482.543 68.294c0.045-0.020 0.085-0.041 0.125-0.061 0.090-0.046 0.18-0.091 
Action.c(140):     0.27-0.137-0.125 0.051-0.255 0.127-0.395 0.198z",\n
Action.c(140):             "M90.963 610.821c-0.871-1.923-1.363-4.069-1.363-6.325 0-8.658 7.169-15.663 16.011-
Action.c(140):     15.663l607.944-0.019c8.856 0 16.045 7.005 16.045 15.672 0 2.237-0.507 4.382-1.373 6.301l-0
Action.c(140):     .020 0.034c-57.351 115.771-178.468 195.579-318.617 195.579s-261.286-79.818-318.627-195.579
Action.c(140):     z",\n
Action.c(140):             "M155.897 199.896c0.601-1.562 1.516-3.022 2.77-4.265 4.847-4.847 12.671-4.836 17.4
Action.c(140):     97 0l0.025 0.020 332.179 332.19c4.827 4.826 4.852 12.665 0.025 17.501-1.238 1.253-2.724 2.
Action.c(140):     158-4.271 2.764l-0.020 0.010c-95.881 33.228-206.59 11.558-283.18-65.036-76.599-76.569-98.2
Action.c(140):     76-187.285-65.026-283.184z",\n
Action.c(140):             "M499.011 103.203c1.136-0.524 2.404-0.803 3.727-0.803 5.111 0 9.242 4.168 9.247 9.
Action.c(140):     292h-0.005l0.020 352.652-0.015-0.030c0 5.098-4.126 9.287-9.242 9.287-1.323 0-2.576-0.29-3.
Action.c(140):     727-0.808-68.093-33.258-115.016-103.525-115.016-184.787 0-81.323 46.943-151.559 115.011-18
Action.c(140):     4.802z",\n
Action.c(140):             "M725.241 290.436c0.852 0.356 1.665 0.89 2.364 1.638 2.665 2.837 2.655 7.411 0 10.
Action.c(140):     252h-0.020l-183.272 194.752c-2.684 2.821-6.994 2.831-9.649 0.016-0.694-0.743-1.192-1.617-1
Action.c(140):     .522-2.512l-0.010-0.031c-18.357-56.212-6.378-121.092 35.877-166 42.231-44.893 103.321-57.5
Action.c(140):     78 156.231-38.115z",\n
Action.c(140):             "M2827.686 598.932c4.783-1.040 8.686-3.927 11.123-7.762 2.413-3.794 3.386-8.51 2.3
Action.c(140):     54-13.253-1.040-4.767-3.91-8.652-7.721-11.081-3.802-2.438-8.535-3.427-13.286-2.388-19.751 
Action.c(140):     4.326-40.025-1.589-54.235-15.799-11.115-11.115-17.23-25.882-17.229-41.589l0-99.834c-0-15.7
Action.c(140):     24 6.123-30.5 17.229-41.606 22.937-22.937 60.258-22.937 83.195-0 11.115 11.115 17.23 25.88
Action.c(140):     2 17.229 41.589l0.008 47.363c-0 4.991 2.071 9.493 5.391 12.712 3.178 3.062 7.488 4.942 12.
Action.c(140):     255 4.934 4.876 0 9.293-1.972 12.479-5.158 3.195-3.195 5.175-7.604 5.158-12.479l-0.008-47.
Action.c(140):     363c0.017-25.142-9.775-48.778-27.553-66.557-36.697-36.697-96.415-36.697-133.112-0-17.779 1
Action.c(140):     7.779-27.571 41.414-27.562 66.564v99.834c-0.017 25.124 9.784 48.769 27.562 66.548 22.754 2
Action.c(140):     2.754 55.166 32.221 86.722 25.325zM2874.075 739.996c17.779-17.779 27.571-41.414 27.562-66.
Action.c(140):     564l0-99.834c0.017-25.125-9.784-48.769-27.554-66.539-22.754-22.754-55.175-32.229-86.73-25.
Action.c(140):     333-4.775 1.049-8.677 3.935-11.115 7.77-2.421 3.785-3.394 8.502-2.363 13.245 1.048 4.775 3
Action.c(140):     .918 8.661 7.729 11.090 3.802 2.438 8.536 3.428 13.278 2.379 19.751-4.31 40.034 1.597 54.2
Action.c(140):     43 15.807 11.115 11.115 17.23 25.882 17.23 41.589l0 99.834c-0.009 15.716-6.132 30.491-17.2
Action.c(140):     38 41.598-22.937 22.937-60.258 22.937-83.186 0.008-11.115-11.115-17.23-25.882-17.23-41.589
Action.c(140):     v-47.355c0-4.991-2.071-9.493-5.391-12.712-3.178-3.062-7.488-4.942-12.255-4.933-4.876 0-9.2
Action.c(140):     84 1.98-12.479 5.175s-5.175 7.604-5.166 12.471l0.008 47.363c-0.025 25.117 9.775 48.761 27.
Action.c(140):     554 66.539 36.689 36.689 96.406 36.689 133.103-0.008z",\n
Action.c(140):             "M3373.693 551.036c-20.764 0-36.496-5.801-36.496-20.030v-115.478c0-20.076 5.081-25
Action.c(140):     .862 32.534-25.862 34.759 0 63.949 33.236 63.949 79.112 0 42.716-25.083 82.257-60.004 82.2
Action.c(140):     57h0.016zM3377.638 374.415c-30.862 0-53.851 1.603-69.582 1.603h-12.923c-33.103 0-51.010-1.
Action.c(140):     603-54.386-1.603-8.962 0-13.507 2.595-13.507 7.328 0 9.511 11.251 6.336 29.239 9.511 15.13
Action.c(140):     1 2.611 16.803 7.359 16.803 24.259v237.871c0 25.343 0 32.671-20.764 36.411-14.579 2.595-26
Action.c(140):     .917-1.038-26.917 8.977 0 5.252 5.049 8.427 14.595 8.427 9.53 0 31.398-3.725 63.949-3.725 
Action.c(140):     35.343 0 57.195 3.725 66.157 3.725 9.562 0 14.611-3.175 14.611-8.427 0-10-12.355-6.382-26.
Action.c(140):     316-8.977-21.381-4.214-21.381-11.618-21.381-36.946v-79.204c0-6.916 1.721-11.175 6.721-10.7
Action.c(140):     33 3.831 0.351 23.118 12.717 64.338 6.305 49.289-7.664 91.613-45.587 91.613-97.799 0-63.26
Action.c(140):     5-41.48-97.020-122.231-97.020l-0.016 0.015z",\n
Action.c(140):             "M3564.307 559.502l1.43-9.014c6.978-29.148 15.62-63.497 64.607-63.497 38.917 0 43.
Action.c(140):     579 30.058 43.579 49.873 0 31.286-15.651 28.638-58.049 28.638h-43.564c-5.315 0-8.020-1.627
Action.c(140):     -8.020-4.419v-1.611l0.016 0.032zM3567.011 582.619h143.435c16.132 0 22.582-2.218 22.582-12.
Action.c(140):     109 0-45.182-37.145-99.043-103.198-99.043-77.289 0-129.945 52.92-129.945 131.797 0 79.308 
Action.c(140):     48.351 131.67 122.407 131.67 38.699 0 67.731-12.652 91.899-34.732 11.796-10.434 17.236-19.
Action.c(140):     257 17.236-24.777 0-4.371-1.616-6.079-5.44-6.079-4.258 0-26.825 32.036-76.777 32.036-56.86
Action.c(140):     8 0-89.738-48.804-89.738-105.218v-4.675c0-7.77 1.057-8.823 7.538-8.823v-0.048z",\n
Action.c(140):             "M3877.004 651.012c0 27.563-23.183 48.556-45.893 48.556-24.969 0-30.097-20.625-30.
Action.c(140):     097-43.871 0-23.774 18.543-48.875 43.863-59.348l22.115-8.857c3.129-1.663 5.8-2.206 6.822-2
Action.c(140):     .206 1.603 0 3.19 2.206 3.19 6.667v59.060zM3979.87 695.763c0-5.020-2.686-8.33-7.402-8.33-7
Action.c(140):     .89 0-15.827 12.135-25.854 12.135-13.171 0-16.3-12.71-16.3-36.437v-128.128c0-45.87-10.577-
Action.c(140):     63.536-63.811-63.536-70.678 0-119.761 44.191-119.761 77.366 0 5.5 5.311 9.913 12.698 9.913
Action.c(140):      25.839 0 34.263-13.814 44.779-33.703 12.164-23.231 23.259-36.405 45.923-36.405 21.626 0 2
Action.c(140):     6.358 12.679 26.358 44.127v23.79c0 7.738-0.534 10.52-7.387 13.222l-16.865 7.195c-67.55 27.
Action.c(140):     627-104.423 51.897-104.423 98.342 0 27.036 12.774 59.619 46.412 59.619 23.717 0 43.222-12.
Action.c(140):     726 65.886-28.699l14.239-9.993h3.678c9.493 24.382 25.366 38.691 44.886 38.691 25.808 0 56.
Action.c(140):     958-28.699 56.958-39.203l-0.015 0.032z",\n
Action.c(140):             "M4124.84 706.941c-35.454 0-55.074-17.254-55.074-50.638v-100.277c0-36.083 17.396-5
Action.c(140):     3.352 55.074-53.352 53.386 0 89.85 38.828 89.85 100.792 0 60.887-36.464 103.475-89.85 103.
Action.c(140):     475zM4160.231 466.030c-29.461 0-52.85 9.688-76.302 30.763l-7.097 6.427c-2.129 2.153-3.817 
Action.c(140):     2.699-4.889 2.699-1.64 0-2.792-1.076-2.792-3.744v-26.458c0-7.55-2.145-11.326-7.003-11.326-
Action.c(140):     6.009 0-18.516 15.101-47.992 29.64-17.979 9.188-31.007 9.688-31.007 18.299 0 8.642 10.898 
Action.c(140):     5.429 19.052 8.658 8.706 3.791 10.93 9.75 10.93 24.274v243.672c0 14.492-2.792 19.297-14.21
Action.c(140):      23.088-14.715 4.867-25.55 0-25.55 11.903 0 4.82 3.769 8.081 11.403 8.081 9.274 0 28.893-3
Action.c(140):     .822 56.635-3.822 23.421 0 44.144 3.822 61.587 3.822 9.258 0 13.69-3.822 13.69-8.081 0-11.
Action.c(140):     903-12.57-7.036-30.565-11.903-13.595-3.791-16.323-8.065-16.323-23.088v-76.612l3.832-1.607c
Action.c(140):     18.5 8.096 37.583 12.355 58.812 12.355 82.264 0 138.946-57.096 138.946-135.205 0-71.713-48
Action.c(140):     .45-121.836-111.125-121.836h-0.032z",\n
Action.c(140):             "M4782.004 631.086c0 36.757-2.773 51.959-42.006 51.959-59.224 0-95.294-37.274-95.2
Action.c(140):     94-98.674 0-67.784 37.691-112.401 84.496-112.401 46.322 0 52.804 25.706 52.804 78.775v80.3
Action.c(140):     4zM4865.425 661.018c-3.786 0-10.751 9.987-20.442 9.987-5.407 0-8.632-6.826-8.632-21.024v-2
Action.c(140):     71.485c0-13.681 2.213-25.751 2.213-35.709 0-6.856-2.213-9.987-8.149-9.987-4.316 0-18.853 1
Action.c(140):     0.459-48.987 18.88-18.837 5.26-30.632 5.777-30.632 13.666 0 5.214 9.13 4.758 19.897 9.455 
Action.c(140):     9.084 4.18 10.252 7.403 10.252 20.461v61.977c0 5.245-2.228 7.92-4.924 7.92h-1.574l-8.616-2
Action.c(140):     .675c-10.237-3.132-26.41-5.777-45.232-5.777-78.030 0-137.285 55.653-137.285 129.214 0 71.4
Action.c(140):     32 52.726 121.278 123.308 121.278 45.185 0 69.382-23.623 73.137-23.623 5.438 0 6.482 22.60
Action.c(140):     5 16.189 22.605 5.407 0 24.229-11.021 58.694-20.461 10.221-2.691 16.672-3.709 16.672-15.79
Action.c(140):     4 0-5.245-3.21-8.939-5.921-8.939l0.031 0.030z",\n
Action.c(140):             "M4925.471 358.885h-8.892v-9.152h9.877c2.307 0 3.979 0.438 5.055 1.279 1.063 0.83 
Action.c(140):     1.607 1.913 1.607 3.216 0 0.899-0.272 1.741-0.843 2.49-0.557 0.795-1.348 1.303-2.385 1.637
Action.c(140):     -1.089 0.369-2.567 0.542-4.433 0.542l0.013-0.012zM4931.11 363.127c-0.57-0.45-1.374-0.899-2
Action.c(140):     .502-1.395 3.046-0.346 5.185-1.187 6.637-2.559 1.465-1.326 2.139-2.985 2.139-4.956 0-1.533
Action.c(140):     -0.415-2.916-1.27-4.184-0.868-1.279-2.035-2.156-3.487-2.64-1.413-0.496-3.578-0.726-6.352-0
Action.c(140):     .726h-13.818v27.733h4.122v-12.368h4.809c1.024 0 1.841 0.069 2.281 0.161 0.687 0.138 1.296 
Action.c(140):     0.38 1.893 0.749 0.609 0.323 1.309 0.922 2.074 1.81 0.778 0.865 1.789 2.167 2.994 3.815l4.
Action.c(140):     148 5.833h5.107l-5.366-7.562c-1.076-1.51-2.23-2.743-3.409-3.735v0.023z",\n
Action.c(140):             "M4926.21 383.751c-12.652 0-22.988-10.424-22.988-23.217 0-12.819 10.348-23.204 22.
Action.c(140):     988-23.204 12.652 0 22.949 10.398 22.949 23.204 0 12.793-10.297 23.217-22.949 23.217zM4926
Action.c(140):     .21 332.8c-15.149 0-27.467 12.429-27.467 27.733s12.318 27.733 27.467 27.733c15.124 0 27.39
Action.c(140):     -12.429 27.39-27.733s-12.279-27.733-27.39-27.733z",\n
Action.c(140):             "M4569.6 596.251c0 76.624-61.411 138.683-137.167 138.683s-137.119-62.042-137.119-1
Action.c(140):     38.683c0-76.561 61.348-138.651 137.119-138.651 75.755 0 137.167 62.090 137.167 138.651z"\n
Action.c(140):           ],\n
Action.c(140):           "attrs": [\n
Action.c(140):             {\n
Action.c(140):               "fill": "rgb(106, 34, 106)"\n
Action.c(140):             },\n
Action.c(140):             {\n
Action.c(140):               "fill": "rgb(106, 34, 106)"\n
Action.c(140):             },\n
Action.c(140):             {\n
Action.c(140):               "fill": "rgb(106, 34, 106)"\n
Action.c(140):             },\n
Action.c(140):             {\n
Action.c(140):               "fill": "rgb(106, 34, 106)"\n
Action.c(140):             },\n
Action.c(140):             {\n
Action.c(140):               "fill": "rgb(106, 34, 106)"\n
Action.c(140):             },\n
Action.c(140):             {\n
Action.c(140):               "fill": "rgb(106, 34, 106)"\n
Action.c(140):             },\n
Action.c(140):             {\n
Action.c(140):               "fill": "rgb(106, 34, 106)"\n
Action.c(140):             },\n
Action.c(140):             {\n
Action.c(140):               "fill": "rgb(106, 34, 106)"\n
Action.c(140):             },\n
Action.c(140):             {\n
Action.c(140):               "fill": "rgb(106, 34, 106)"\n
Action.c(140):             },\n
Action.c(140):             {\n
Action.c(140):               "fill": "rgb(106, 34, 106)"\n
Action.c(140):             },\n
Action.c(140):             {\n
Action.c(140):               "fill": "rgb(255, 255, 254)"\n
Action.c(140):             },\n
Action.c(140):             {\n
Action.c(140):               "fill": "rgb(242, 178, 41)"\n
Action.c(140):             },\n
Action.c(140):             {\n
Action.c(140):               "fill": "rgb(218, 50, 42)"\n
Action.c(140):             },\n
Action.c(140):             {\n
Action.c(140):               "fill": "rgb(106, 34, 106)"\n
Action.c(140):             },\n
Action.c(140):             {\n
Action.c(140):               "fill": "rgb(132, 191, 65)"\n
Action.c(140):             },\n
Action.c(140):             {\n
Action.c(140):               "fill": "rgb(189, 189, 189)"\n
Action.c(140):             },\n
Action.c(140):             {\n
Action.c(140):               "fill": "rgb(51, 51, 51)"\n
Action.c(140):             },\n
Action.c(140):             {\n
Action.c(140):               "fill": "rgb(51, 51, 51)"\n
Action.c(140):             },\n
Action.c(140):             {\n
Action.c(140):               "fill": "rgb(54, 54, 54)"\n
Action.c(140):             },\n
Action.c(140):             {\n
Action.c(140):               "fill": "rgb(51, 51, 51)"\n
Action.c(140):             },\n
Action.c(140):             {\n
Action.c(140):               "fill": "rgb(51, 51, 51)"\n
Action.c(140):             },\n
Action.c(140):             {\n
Action.c(140):               "fill": "rgb(54, 54, 54)"\n
Action.c(140):             },\n
Action.c(140):             {\n
Action.c(140):               "fill": "rgb(51, 51, 51)"\n
Action.c(140):             },\n
Action.c(140):             {\n
Action.c(140):               "fill": "rgb(94, 160, 0)"\n
Action.c(140):             }\n
Action.c(140):           ]
Action.c(140): t=21506ms: 12288-byte DECODED response body for "https://stage.peapod.com/shop/images/icons/PeapodIcons.json" (RelFrameId=1, Internal ID=13)
Action.c(140):     ,\n
Action.c(140):           "width": 5005,\n
Action.c(140):           "isMulticolor": true,\n
Action.c(140):           "grid": 32,\n
Action.c(140):           "tags": [\n
Action.c(140):             "peapod-stopnshop-link-logo"\n
Action.c(140):           ],\n
Action.c(140):           "defaultCode": 59730\n
Action.c(140):         },\n
Action.c(140):         {\n
Action.c(140):           "paths": [\n
Action.c(140):             "M996.942 502.561c-31.043-18.458-19.087-10.697-48.033-32.721-6.083-4.615-14.053-8.
Action.c(140):     81-17.619-15.312-26.638-48.872-52.857-74.461-78.447-123.962-6.922-13.214-15.941-18.668-30.
Action.c(140):     833-18.248-42.16 0.629-83.9 0-126.060 0-4.824 0-9.649-0.629-15.941-0.839 0-32.302 0.21-157
Action.c(140):     .732 0-188.565-0.21-18.248-8.18-26.219-26.429-26.219-14.263 0-28.736 0-42.999 0-50.55 0-10
Action.c(140):     1.1 0-151.859 0-111.797 0-223.803 0-335.6 0-18.878 0-26.429 7.761-26.429 27.268 0 43.418 0
Action.c(140):      142.001 0 185.419 0 4.824 0 9.649 0 16.151-20.765 0-3.985-0.21-23.073 0-11.117 0.21-18.24
Action.c(140):     8 5.873-20.765 16.78-2.517 10.488 1.049 19.507 11.117 24.331 4.824 2.517 10.697 2.937 16.1
Action.c(140):     51 2.937 60.408 0.21 84.529 0 145.147 0 4.405 0 9.229-0.21 13.424-1.678 10.488-3.566 15.73
Action.c(140):     1-11.536 14.473-22.443-0.839-10.488-6.922-17.829-18.039-19.507-4.824-0.839-10.068-0.629-15
Action.c(140):     .102-0.629-26.009 0-51.599 0-78.027 0 0-43.628 0-141.162 0-183.741 105.714 0 211.218 0 316
Action.c(140):     .723 0 50.55 0 101.1 0 151.859 0 7.971 0 16.151 0 24.121 0 0 290.923 0 531.717 0 548.497-7
Action.c(140):     .971 0-16.151 0-24.121 0-50.55 0-101.1 0-151.859 0-105.504 0-211.009 0-316.513 0 0-49.291 
Action.c(140):     0-110.119 0-159.83 5.873 0 11.117 0 15.941 0 24.751 0 113.894 0.21 138.855-0.21 12.375-0.2
Action.c(140):     1 19.507-8.39 20.556-20.346 0.839-12.375-5.663-20.346-17.619-23.282-3.566-0.839-7.341-0.83
Action.c(140):     9-11.117-0.839-92.080 0-158.152 0-250.442 0-17.619 0.21-27.897 8.39-28.107 21.814-0 14.892
Action.c(140):      10.278 23.282 28.526 23.282 44.257 0-1.888 0 42.37 0 4.824 0 9.649 0 15.731 0 0 6.502 0 1
Action.c(140):     1.117 0 15.731 0 49.921 0 111.377 0 161.298 0 21.395 6.712 28.316 27.897 28.316 26.429 0 5
Action.c(140):     2.857 0 78.027 0-8.18 18.878-15.312 36.916-23.492 54.745-1.259 2.937-6.712 5.663-10.278 5.
Action.c(140):     873-15.941 0.629-32.092 0-48.243 0.21-14.263 0.21-23.492 8.81-23.702 21.604-0.21 13.214 9.
Action.c(140):     229 22.234 24.331 22.443 14.892 0.21 29.365 0.629 44.257-0.21 9.439-0.629 13.005 2.727 15.
Action.c(140):     731 12.166 26.429 94.807 144.937 125.011 213.526 54.745 17.829-18.039 28.526-40.272 34.609
Action.c(140):     -65.862 9.858 0 19.717 0 29.575 0v0c83.271 0 166.332 0 249.183 0.21 24.331 67.959 63.974 1
Action.c(140):     02.568 119.767 104.456 27.268 1.049 52.438-5.454 75.091-19.926 31.043-19.926 49.082-48.872
Action.c(140):      57.262-84.949 14.892 0-6.922 0.21 6.922 0 30.833-0.21 49.921-19.717 49.921-50.55 0.21-80.
Action.c(140):     754 0-178.497 0.21-259.251-0.21-15.102-7.761-21.395-20.556-29.155zM302.25 901.716c-45.306-
Action.c(140):     0.629-80.964-37.336-80.964-83.69 0.21-45.516 36.916-82.222 82.851-82.012 44.467 0.21 79.91
Action.c(140):     5 36.916 82.012 80.334 1.888 41.74-33.35 86.207-83.9 85.368zM706.438 796.421c-31.882 0-63.
Action.c(140):     974 0-96.066 0-50.76 0-101.309 0-151.859 0-8.81 0-17.829 0-26.638 0-9.649-20.556-18.878-39
Action.c(140):     .853-28.107-59.569 18.248 0 36.497 0 54.745 0 50.55 0 101.1 0 151.859 0 41.321 0 82.642 0 
Action.c(140):     123.753 0-9.229 19.717-18.458 39.014-27.687 59.569zM834.176 901.925c-46.355-0.21-81.803-36
Action.c(140):     .916-81.803-84.529 0-44.887 36.916-81.593 82.012-81.593 46.145 0 82.642 37.336 82.642 83.9
Action.c(140):     -0.21 45.516-37.336 82.222-82.851 82.222zM972.192 795.582c-15.941 0 4.195 0-9.858 0-9.229-
Action.c(140):     19.926-18.039-39.223-27.268-58.73 22.653 0 11.327 0 37.126 0 0 19.717 0 38.804 0 58.73zM97
Action.c(140):     2.611 690.497c-109.49 0-181.644 0-290.294-0.21 0-113.055 0-219.189 0-334.132 5.034 0 10.27
Action.c(140):     8 0 15.731 0 33.98 0 68.379 0.629 102.358-0.21 11.536-0.21 18.039 2.937 23.492 13.844 23.7
Action.c(140):     02 46.355 48.872 68.379 72.783 114.524 6.293 11.956 15.731 15.731 26.638 23.702 29.994 22.
Action.c(140):     024 10.068 7.341 40.482 29.365 3.356 2.307 8.39 6.502 8.39 10.068 0.839 41.321 0.42 100.05
Action.c(140):     1 0.42 143.050z"\n
Action.c(140):           ],\n
Action.c(140):           "grid": 32,\n
Action.c(140):           "tags": [\n
Action.c(140):             "icon_truck"\n
Action.c(140):           ],\n
Action.c(140):           "defaultCode": 59754\n
Action.c(140):         },\n
Action.c(140):         {\n
Action.c(140):           "paths": [\n
Action.c(140):             "M400.262 734.529c-4.728 20.444-13.345 38.097-27.543 52.519-54.663 55.954-149.143 
Action.c(140):     31.852-170.241-43.684-2.145-7.536-4.955-10.118-12.477-9.687-11.831 0.646-23.456 0.437-35.2
Action.c(140):     88 0.209-12.054-0.209-19.582-7.31-19.375-17.862 0.209-10.118 7.536-16.998 18.936-17.217 12
Action.c(140):     .916-0.209 25.833 0.209 38.517-0.209 2.791-0.209 7.105-2.373 8.181-4.728 6.459-14.208 12.2
Action.c(140):     71-28.623 18.729-43.684-20.021 0-41.1 0-62.205 0-16.792 0-22.164-5.599-22.164-22.605 0-39.
Action.c(140):     808 0-79.411 0-119.227 0-3.664 0-7.31 0-12.477-4.728 0-8.602 0-12.477 0-35.288 0-70.595 0-
Action.c(140):     105.89 0-14.636 0-22.81-6.664-22.605-18.083 0.209-10.763 8.395-17.217 22.38-17.438 73.598 
Action.c(140):     0 147.207 0 220.592 0 3.018 0 6.018 0 8.827 0.646 9.472 2.373 14.636 8.602 13.99 18.508-0.
Action.c(140):     854 9.472-6.459 15.926-16.352 16.146-19.798 0.437-39.808 0.209-59.623 0.209-3.875 0-7.956 
Action.c(140):     0-12.699 0 0 39.602 0 78.559 0 117.936 171.092 0 341.979 0 513.717 0 0-122.455 0-244.278 0
Action.c(140):     -367.166-171.092 0-342.193 0-513.944 0 0 33.998 0 67.579 0 102.447 21.089 0 41.539 0 62.20
Action.c(140):     5 0 4.082 0 8.181-0.209 12.054 0.437 8.827 1.292 13.769 7.105 14.415 15.5 0.854 8.602-3.22
Action.c(140):     9 15.061-11.625 17.862-3.436 1.082-7.31 1.292-10.763 1.292-48.205 0-96.41 0.209-144.626 0-
Action.c(140):     4.309 0-9.041-0.437-12.916-2.373-7.956-3.875-10.763-10.979-8.827-19.375 1.938-8.602 7.749-
Action.c(140):     13.123 16.571-13.345 15.28-0.209 30.77 0 47.352 0 0-5.167 0-9.041 0-12.916 0-34.643 0-69.0
Action.c(140):     77 0-103.738 0-15.5 6.018-21.735 21.089-21.735 181.426 0 362.646 0 544.071 0 14.636 0 20.8
Action.c(140):     74 6.245 21.089 20.874 0.209 24.542 0 49.069 0 74.89 4.955 0.209 8.827 0.646 12.699 0.646 
Action.c(140):     33.58 0 66.934 0.437 100.511 0 11.831-0.209 18.936 4.082 24.542 14.636 20.444 39.388 41.32
Action.c(140):     4 78.765 62.623 117.721 2.791 5.167 8.395 10.118 13.99 12.271 21.959 9.248 44.33 17.862 66
Action.c(140):     .722 26.040 11.185 4.082 16.146 11.185 15.926 23.25-0.209 64.351 0 128.7-0.209 193.051 0 2
Action.c(140):     4.542-15.28 40.033-39.808 40.248-10.979 0.209-21.959 0-33.79 0-6.459 28.834-20.874 51.873-
Action.c(140):     45.621 67.786-18.083 11.625-38.097 16.792-59.83 15.926-44.552-1.5-76.182-29.062-95.557-83.
Action.c(140):     286-113.641-0.209-227.92-0.209-343.271-0.209zM983.074 614.015c0-34.225 0.209-67.368-0.209-
Action.c(140):     100.511 0-2.791-3.664-6.664-6.664-7.956-20.021-8.181-40.248-16.146-60.686-23.456-10.118-3.
Action.c(140):     664-16.352-9.472-21.313-18.936-19.153-36.806-39.163-73.177-58.104-110.192-4.309-8.602-9.47
Action.c(140):     2-11.185-18.729-10.979-27.125 0.646-54.456 0.209-81.567 0.209-4.309 0-8.395 0-12.477 0 0 9
Action.c(140):     1.682 0 181.426 0 271.61 86.729 0.209 172.606 0.209 259.772 0.209zM764.628 650.817c-128.05
Action.c(140):     4 0-256.756 0-384.372 0 7.31 15.707 14.636 31.207 22.38 47.559 112.774 0 227.046 0 339.835
Action.c(140):      0 7.536-16.352 14.854-31.852 22.164-47.559zM910.327 717.103c0-37.225-29.062-66.934-65.849
Action.c(140):     -66.934-35.933 0-65.432 29.269-65.432 64.996 0 37.871 28.188 67.14 65.203 67.368 36.373 0.
Action.c(140):     209 66.078-29.062 66.078-65.432zM234.765 715.59c0 37.019 28.416 66.288 64.559 66.722 40.24
Action.c(140):     8 0.646 68.431-34.871 66.934-68.013-1.728-34.643-29.915-63.914-65.432-64.141-36.579-0.209-
Action.c(140):     66.078 29.062-66.078 65.432zM982.638 651.034c-20.444 0-39.808 0-57.892 0 7.31 15.707 14.41
Action.c(140):     5 30.998 21.735 46.913 11.185 0 23.456 0 36.161 0 0-16.146 0-31.416 0-46.913z"\n
Action.c(140):           ],\n
Action.c(140):           "grid": 32,\n
Action.c(140):           "tags": [\n
Action.c(140):             "truck"\n
Action.c(140):           ],\n
Action.c(140):           "defaultCode": 59755\n
Action.c(140):         },\n
Action.c(140):         {\n
Action.c(140):           "paths": [\n
Action.c(140):             "M6097.455 816.977c-20.841 0-37.514-16.673-37.514-37.514s16.673-37.514 37.514-37.5
Action.c(140):     14c20.841 0 37.514 16.673 37.514 37.514 0 20.147-16.673 37.514-37.514 37.514zM6097.455 746
Action.c(140):     .811c-18.062 0-31.957 14.589-31.957 31.957s13.894 31.957 31.957 31.957c17.368 0 31.957-14.
Action.c(140):     589 31.957-31.957s-14.589-31.957-31.957-31.957zM6107.181 800.999l-11.115-17.368h-7.642v17.
Action.c(140):     368h-6.252v-43.767h17.368c6.947 0 13.894 4.863 13.894 13.199 0 9.726-8.336 12.505-11.115 1
Action.c(140):     2.505l11.81 17.368h-6.947zM6100.234 762.79h-11.81v15.284h11.81c3.474 0 7.642-2.779 7.642-7
Action.c(140):     .642 0.695-4.863-3.474-7.642-7.642-7.642z",\n
Action.c(140):             "M300.114 83.365c-61.134 0-106.29 3.474-136.858 3.474h-25.704c-65.303 0-100.733-3.
Action.c(140):     474-106.985-3.474-17.368 0-26.399 5.558-26.399 15.284 0 20.147 22.231 13.199 57.661 20.147
Action.c(140):      29.872 5.558 33.346 15.284 33.346 50.714v498.801c0 52.798 0 68.776-40.988 76.418-28.483 5
Action.c(140):     .558-52.798-2.084-52.798 18.757 0 11.115 9.726 17.368 28.483 17.368s61.829-7.642 125.742-7
Action.c(140):     .642c69.471 0 112.543 7.642 130.605 7.642 18.757 0 28.483-6.947 28.483-17.368 0-20.841-24.
Action.c(140):     315-13.199-52.103-18.757-42.377-9.031-42.377-24.315-42.377-77.807v-166.035c0-14.589 3.474-
Action.c(140):     23.62 13.199-22.231 7.642 0.695 45.851 26.399 127.132 13.199 97.259-15.978 180.624-95.87 1
Action.c(140):     80.624-204.939 0-132.689-81.976-203.55-241.064-203.55v0zM292.472 453.645c-40.988 0-72.25-1
Action.c(140):     2.505-72.25-41.682v-242.453c0-42.377 9.726-54.187 63.913-54.187 68.776 0 125.742 69.471 12
Action.c(140):     5.742 166.035 0.695 88.923-48.63 172.288-117.406 172.288v0z",\n
Action.c(140):             "M686.372 496.022h295.251c33.346 0 46.545-4.168 46.545-24.315 0-90.312-76.418-198.
Action.c(140):     687-212.581-198.687-159.088 0-267.463 106.29-267.463 264.684 0 159.088 99.343 263.989 252.
Action.c(140):     179 263.989 79.891 0 139.636-25.704 188.961-69.471 24.315-20.841 35.43-38.904 35.43-50.019
Action.c(140):      0-9.031-3.474-12.505-11.115-12.505-9.031 0-55.577 64.608-158.393 64.608-117.406 0-184.792
Action.c(140):     -97.954-184.792-211.191v-9.031c0-15.284 2.084-17.368 15.978-18.062v0zM680.814 450.171l2.77
Action.c(140):     9-18.062c14.589-58.355 31.957-127.132 133.384-127.132 79.891 0 89.617 60.44 89.617 100.038
Action.c(140):      0 62.524-31.957 57.661-119.49 57.661h-89.617c-11.115 0-16.673-3.474-16.673-9.031l0-3.474z
Action.c(140):     ",\n
Action.c(140):             "M1574.904 721.107c0-9.726-5.558-16.673-15.284-16.673-16.673 0-33.346 24.315-54.18
Action.c(140):     7 24.315-27.788 0-34.041-25.704-34.041-72.944v-256.347c0-91.701-22.231-127.132-134.079-127
Action.c(140):     .132-147.973 0-251.484 88.228-251.484 154.92 0 11.115 11.115 20.147 26.399 20.147 54.187 0
Action.c(140):      71.555-27.788 93.786-67.387 25.704-46.545 48.63-72.944 96.564-72.944 45.156 0 55.577 25.7
Action.c(140):     04 55.577 88.228v47.935c0 15.284-1.389 20.841-15.284 26.399l-35.43 14.589c-141.72 55.577-2
Action.c(140):     18.833 104.206-218.833 196.602 0 54.187 27.094 119.49 97.259 119.49 50.019 0 90.312-25.704
Action.c(140):      138.247-57.661l29.872-20.147h7.642c20.147 48.63 53.493 77.807 94.48 77.807 53.493-0.695 1
Action.c(140):     18.795-58.355 118.795-79.197v0zM1358.849 631.49c0 54.882-48.63 97.259-96.564 97.259-52.103
Action.c(140):      0-63.218-40.988-63.218-87.533 0-47.935 38.904-97.954 91.701-118.795l46.545-18.062c6.252-3
Action.c(140):     .474 12.505-4.168 14.589-4.168 3.474 0 6.947 4.168 6.947 13.199v118.1h0z",\n
Action.c(140):             "M1930.594 273.020c-59.745 0-106.985 20.147-154.92 63.218l-14.589 13.199c-4.168 4.
Action.c(140):     168-7.642 5.558-9.726 5.558-3.474 0-5.558-2.084-5.558-7.642v-54.187c0-15.284-4.168-22.925-
Action.c(140):     13.894-22.925-12.505 0-37.514 31.262-97.259 61.134-36.82 18.757-63.218 20.147-63.218 37.51
Action.c(140):     4s22.231 11.115 38.904 18.062c17.368 7.642 22.231 20.147 22.231 50.019v500.19c0 29.872-5.5
Action.c(140):     58 39.598-29.178 47.24-29.872 9.726-52.103 0-52.103 24.315 0 9.726 7.642 16.673 22.925 16.
Action.c(140):     673 18.757 0 58.355-7.642 115.322-7.642 47.24 0 89.617 7.642 125.047 7.642 18.757 0 27.788
Action.c(140):     -7.642 27.788-16.673 0-24.315-25.704-14.589-61.829-24.315-27.788-7.642-33.346-16.673-33.34
Action.c(140):     6-47.24v-157.004l7.642-3.474c37.514 16.673 76.418 25.009 119.49 25.009 166.73 0 282.052-11
Action.c(140):     7.406 282.052-277.189 0-148.668-98.649-251.484-225.78-251.484v0zM1859.039 767.653c-72.25 0
Action.c(140):     -111.848-35.43-111.848-104.206v-205.634c0-74.334 35.43-109.764 111.848-109.764 108.374 0 1
Action.c(140):     82.014 79.891 182.014 207.023 0 125.047-73.639 212.581-182.014 212.581z",\n
Action.c(140):             "M3377.672 703.739c-7.642 0-22.231 20.841-41.682 20.841-11.115 0-17.368-14.589-17.
Action.c(140):     368-44.461v-571.745c0-28.483 4.168-54.187 4.168-75.028 0-14.589-4.168-20.841-16.673-20.841
Action.c(140):     -9.031 0-38.904 22.231-100.733 39.598-38.904 11.115-63.218 12.505-63.218 28.483 0 11.115 1
Action.c(140):     8.757 9.726 40.988 20.147 18.757 9.031 20.841 15.284 20.841 43.072v130.605c0 11.115-4.863 
Action.c(140):     16.673-10.421 16.673h-3.474l-17.368-5.558c-20.841-6.252-54.187-12.505-93.091-12.505-160.47
Action.c(140):     8 0-282.052 117.406-282.052 272.326 0 150.057 108.374 255.653 253.569 255.653 93.091 0 142
Action.c(140):     .415-50.019 150.057-50.019 11.115 0 13.199 47.935 33.346 47.935 11.115 0 50.019-22.925 120
Action.c(140):     .879-43.072 20.841-5.558 34.041-7.642 34.041-33.346 0-11.115-6.252-18.757-11.81-18.757v0zM
Action.c(140):     3206.079 640.521c0 77.113-5.558 109.069-86.144 109.069-121.574 0-195.908-78.502-195.908-20
Action.c(140):     7.718 0-142.415 77.113-236.896 173.677-236.896 95.175 0 108.374 54.187 108.374 166.035v169
Action.c(140):     .509z",\n
Action.c(140):             "M2755.908 527.284c0 154.225-125.047 278.578-278.578 278.578s-278.578-124.353-278.
Action.c(140):     578-278.578c0-153.531 124.353-278.578 278.578-278.578s278.578 125.047 278.578 278.578z",\n
Action.c(140):             "M3457.563 128.521c-35.43 0-63.913-28.483-63.913-63.913s28.483-63.913 63.913-63.91
Action.c(140):     3c35.43 0 63.913 28.483 63.913 63.913 0 34.735-28.483 63.913-63.913 63.913zM3457.563 9.726
Action.c(140):     c-30.567 0-54.187 24.315-54.187 54.187s24.315 54.187 54.187 54.187c29.872 0 54.187-24.315 
Action.c(140):     54.187-54.187s-24.315-54.187-54.187-54.187zM3474.931 100.733l-18.757-29.178h-12.505v29.178
Action.c(140):     h-10.421v-72.944h29.872c12.505 0 23.62 9.031 23.62 22.
Action.c(140): t=21533ms: 12288-byte DECODED response body for "https://stage.peapod.com/shop/images/icons/PeapodIcons.json" (RelFrameId=1, Internal ID=13)
Action.c(140):     231 0 15.978-14.589 21.536-18.757 21.536l19.452 29.178h-12.505zM3462.426 36.82h-19.452v25.
Action.c(140):     704h19.452c6.252 0 13.199-4.863 13.199-12.505 0.695-8.336-6.252-13.199-13.199-13.199z",\n
Action.c(140):             "M5005.373 332.071l17.368 36.125 176.456 378.616c1.389 2.084-1.389 2.779-5.558 2.7
Action.c(140):     79h-287.609v-124.353h98.649l-75.028-175.761-120.185 300.114h-141.026c0 0 171.593-397.373 1
Action.c(140):     88.266-420.993 18.757-27.788 56.271-43.767 88.923-36.82 24.315 4.863 47.935 19.452 59.745 
Action.c(140):     40.293z",\n
Action.c(140):             "M5411.083 334.155l144.499 216.054v-248.011h546.735v125.047h-136.858v320.261h-137.
Action.c(140):     552v-324.429h-147.278c0.695 106.985 0.695 324.429 0.695 324.429h-145.889l-166.035-251.484v
Action.c(140):     251.484h-125.047v-352.217c0-21.536 9.726-63.218 35.43-85.449 20.147-16.673 54.882-27.788 8
Action.c(140):     9.617-12.505 15.284 7.642 32.651 20.841 41.682 36.82z",\n
Action.c(140):             "M4430.155 357.775v141.026l-263.294 0.695c-23.62 0-50.019 29.872-61.134 54.187-6.9
Action.c(140):     47 18.757-9.726 44.461-2.084 63.218 0 0 2.084 5.558 4.863 5.558h116.711v-106.29h143.11l60.
Action.c(140):     44 60.44v243.148h-270.936c-24.315 0-96.564-27.094-127.826-54.882-31.262-27.094-109.069-93.
Action.c(140):     786-131.3-182.014-24.315-97.259 15.284-191.739 75.723-239.674 40.293-31.957 73.639-46.545 
Action.c(140):     127.132-47.24h268.157l60.44 61.829z",\n
Action.c(140):             "M4361.379 427.246h-248.706c-31.957 0-73.639 45.156-79.197 87.533-5.558 37.514 27.
Action.c(140):     788 115.322 71.555 115.322h128.521v-105.596h125.742v226.475l-272.326-0.695c-75.723-6.947-1
Action.c(140):     50.752-72.944-175.066-149.362-25.704-78.502-12.505-172.982 54.187-239.674 47.935-45.156 95
Action.c(140):     .175-59.050 154.225-56.966h240.369l0.695 122.963z",\n
Action.c(140):             "M4464.196 302.198h139.636v451.56h-139.636v-451.56z",\n
Action.c(140):             "M5006.068 319.566l67.387 70.166 161.867 338.323v-311.229c0 0-1.389-9.726 1.389-40
Action.c(140):     .293 2.779-29.872 22.231-64.608 48.63-79.197 23.62-17.368 65.303-18.062 90.312-4.863 38.90
Action.c(140):     4 21.536 64.608 56.966 97.954 84.754l72.944 111.153v-193.824h561.324l59.050 62.524v141.026
Action.c(140):     h-135.468v323.039h-154.225l-58.355-59.745v-265.379h-70.86v325.123c0 0-166.035 0-166.035 0s
Action.c(140):     -56.966-72.25-56.966-72.25l-88.228-132.689v203.55h-142.415l-26.399-23.62c0.695 8.336 6.252
Action.c(140):      16.673 6.947 25.704h-323.039l-53.493-53.493c0 0-24.315 53.493-23.62 53.493s-164.646 0-164
Action.c(140):     .646 0l-35.43-31.957v31.262h-159.783l-59.050-59.050v-467.539h155.615l63.913 65.997v352.217
Action.c(140):     l135.468-306.366c22.925-39.598 29.872-91.701 76.418-111.848 38.904-22.925 89.617-9.031 118
Action.c(140):     .795 25.009zM4987.311 614.817l-15.284-31.262-13.199 31.262h28.483z",\n
Action.c(140):             "M4429.46 358.469v141.72h-262.6c-23.62 0-50.019 29.872-61.134 54.187-6.947 18.757-
Action.c(140):     9.726 44.461-2.084 63.218 0 0 2.084 5.558 4.863 5.558h116.711v-105.596h143.11l60.44 60.44v
Action.c(140):     243.148h-270.936c-24.315 0-96.564-27.094-127.826-54.882-31.262-27.094-109.069-93.786-131.3
Action.c(140):     -182.014-24.315-97.259 15.284-191.739 75.723-239.674 40.293-31.957 73.639-46.545 127.132-4
Action.c(140):     6.545h268.157l59.745 60.44z",\n
Action.c(140):             "M5005.373 332.765l17.368 36.125 176.456 378.616c1.389 2.084-1.389 2.779-5.558 2.7
Action.c(140):     79h-287.609v-123.658h99.343l-75.028-175.761-120.185 299.419h-141.72c0 0 171.593-397.373 18
Action.c(140):     8.961-420.993 18.757-27.788 56.271-43.767 88.923-36.82 23.62 5.558 46.545 19.452 59.050 40
Action.c(140):     .293z",\n
Action.c(140):             "M5410.388 334.849l144.499 216.054v-248.011h546.735v125.047h-136.858v320.261h-137.
Action.c(140):     552v-324.429h-147.278c0.695 106.985 0.695 324.429 0.695 324.429h-145.889l-166.035-251.484v
Action.c(140):     251.484h-125.047v-351.522c0-22.231 9.726-63.218 35.43-85.449 20.147-16.673 54.882-27.094 8
Action.c(140):     9.617-12.505 15.284 6.947 33.346 20.841 41.682 36.125z",\n
Action.c(140):             "M4360.684 428.635h-248.706c-31.957 0-73.639 45.851-79.197 87.533-5.558 37.514 27.
Action.c(140):     788 115.322 71.555 115.322h128.521v-105.596h125.742v226.475l-272.326-0.695c-75.723-6.947-1
Action.c(140):     50.752-72.944-175.066-149.362-25.704-78.502-12.505-172.982 54.187-239.674 47.935-45.156 95
Action.c(140):     .175-59.050 154.225-56.966h240.369l0.695 122.963z",\n
Action.c(140):             "M4464.196 302.893h139.636v451.56h-139.636v-451.56z",\n
Action.c(140):             "M3514.529 539.788h34.735v77.113h0.695c6.252-15.284 20.841-25.009 39.598-25.009 26
Action.c(140):     .399 0 53.493 11.81 53.493 88.923 0 59.745-15.978 93.786-56.966 93.786-25.009 0-33.346-14.
Action.c(140):     589-38.209-25.704h-0.695v21.536h-32.651l-0-230.643zM3577.053 746.811c24.315 0 29.178-25.00
Action.c(140):     9 29.178-63.913 0-46.545-6.947-63.218-27.094-63.218-27.094 0-31.957 23.62-31.957 65.303 0.
Action.c(140):     695 37.514 5.558 61.829 29.872 61.829z",\n
Action.c(140):             "M3689.596 596.754l29.872 130.605h0.695l27.788-130.605h36.82l-47.935 179.929c-13.8
Action.c(140):     94 47.24-25.009 53.493-60.44 52.798-4.863 0-9.031-0.695-13.894-1.389v-27.788c4.168 0.695 7
Action.c(140):     .642 1.389 11.115 1.389 11.81 0 19.452-2.779 23.62-13.894l4.863-13.894-49.324-177.845 36.8
Action.c(140):     2 0.695z",\n
Action.c(140):             "M2755.213 527.284c0 154.225-125.047 278.578-278.578 278.578s-278.578-124.353-278.
Action.c(140):     578-278.578c0-153.531 124.353-278.578 278.578-278.578s278.578 125.047 278.578 278.578z"\n
Action.c(140):           ],\n
Action.c(140):           "attrs": [\n
Action.c(140):             {\n
Action.c(140):               "fill": "rgb(51, 51, 51)"\n
Action.c(140):             },\n
Action.c(140):             {\n
Action.c(140):               "fill": "rgb(51, 51, 51)"\n
Action.c(140):             },\n
Action.c(140):             {\n
Action.c(140):               "fill": "rgb(51, 51, 51)"\n
Action.c(140):             },\n
Action.c(140):             {\n
Action.c(140):               "fill": "rgb(54, 54, 54)"\n
Action.c(140):             },\n
Action.c(140):             {\n
Action.c(140):               "fill": "rgb(51, 51, 51)"\n
Action.c(140):             },\n
Action.c(140):             {\n
Action.c(140):               "fill": "rgb(51, 51, 51)"\n
Action.c(140):             },\n
Action.c(140):             {\n
Action.c(140):               "fill": "rgb(94, 160, 0)"\n
Action.c(140):             },\n
Action.c(140):             {\n
Action.c(140):               "fill": "rgb(51, 51, 51)"\n
Action.c(140):             },\n
Action.c(140):             {\n
Action.c(140):               "fill": "rgb(255, 255, 255)"\n
Action.c(140):             },\n
Action.c(140):             {\n
Action.c(140):               "fill": "rgb(255, 255, 255)"\n
Action.c(140):             },\n
Action.c(140):             {\n
Action.c(140):               "fill": "rgb(255, 255, 255)"\n
Action.c(140):             },\n
Action.c(140):             {\n
Action.c(140):               "fill": "rgb(255, 255, 255)"\n
Action.c(140):             },\n
Action.c(140):             {\n
Action.c(140):               "fill": "rgb(255, 255, 255)"\n
Action.c(140):             },\n
Action.c(140):             {\n
Action.c(140):               "fill": "rgb(51, 51, 51)"\n
Action.c(140):             },\n
Action.c(140):             {\n
Action.c(140):               "fill": "rgb(51, 51, 51)"\n
Action.c(140):             },\n
Action.c(140):             {\n
Action.c(140):               "fill": "rgb(239, 62, 66)"\n
Action.c(140):             },\n
Action.c(140):             {\n
Action.c(140):               "fill": "rgb(239, 62, 66)"\n
Action.c(140):             },\n
Action.c(140):             {\n
Action.c(140):               "fill": "rgb(239, 62, 66)"\n
Action.c(140):             },\n
Action.c(140):             {\n
Action.c(140):               "fill": "rgb(239, 62, 66)"\n
Action.c(140):             },\n
Action.c(140):             {\n
Action.c(140):               "fill": "rgb(51, 51, 51)"\n
Action.c(140):             },\n
Action.c(140):             {\n
Action.c(140):               "fill": "rgb(51, 51, 51)"\n
Action.c(140):             },\n
Action.c(140):             {\n
Action.c(140):               "fill": "rgb(94, 161, 0)"\n
Action.c(140):             }\n
Action.c(140):           ],\n
Action.c(140):           "isMulticolor": true,\n
Action.c(140):           "width": 6168,\n
Action.c(140):           "grid": 32,\n
Action.c(140):           "tags": [\n
Action.c(140):             "peapod-logo-giant-carlisle"\n
Action.c(140):           ],\n
Action.c(140):           "defaultCode": 59756\n
Action.c(140):         },\n
Action.c(140):         {\n
Action.c(140):           "paths": [\n
Action.c(140):             "M969.676 406.724c59.686 252.769-96.839 506.063-349.607 565.749s-506.063-96.839-56
Action.c(140):     5.749-349.607c-59.686-252.769 96.839-506.063 349.607-565.749s506.063 96.839 565.749 349.60
Action.c(140):     7z",\n
Action.c(140):             "M512 16.119c-274.963 0-498.726 223.763-498.726 498.726s223.763 498.726 498.726 49
Action.c(140):     8.726 498.726-223.763 498.726-498.726-223.763-498.726-498.726-498.726zM512 985.126c-259.79
Action.c(140):     3 0-470.281-211.437-470.281-470.281s210.489-470.281 470.281-470.281 470.281 211.437 470.28
Action.c(140):     1 470.281-210.489 470.281-470.281 470.281z",\n
Action.c(140):             "M738.607 485.452c-4.741 0-9.481 2.844-12.326 6.637-36.030 53.096-112.83 3.793-131
Action.c(140):     .793-8.533 8.533-2.844 17.067-8.533 24.652-16.119 20.859-22.756 24.652-55.941 6.637-74.904
Action.c(140):     -17.067-18.963-48.356-16.119-70.163 6.637-11.378 12.326-17.067 27.496-18.015 41.719-141.27
Action.c(140):     4-66.37-234.193 108.089-234.193 108.089-2.844 5.689 0 13.274 6.637 16.119 6.637 3.793 15.1
Action.c(140):     7 1.896 19.911-4.741 0 0 63.526-91.022 129.896-60.681 0 0-15.17 91.022-35.081 125.156-73.0
Action.c(140):     07 117.57-207.644 57.837-207.644 57.837v0c-1.896-0.948-2.844-0.948-4.741-0.948-7.585 0-14.
Action.c(140):     222 6.637-14.222 14.222 0 3.793 1.896 7.585 3.793 9.481l0.948 0.948c0 0 158.341 121.363 26
Action.c(140):     9.274-2.844 0 0 80.593 18.015 145.067 180.148 1.896 5.689 8.533 10.43 15.17 9.481s12.326-6
Action.c(140):     .637 11.378-14.222c-7.585-205.748-113.778-256-113.778-256l55.941-56.889c125.156 63.526 165
Action.c(140):     .926-59.733 165.926-59.733 0.948-1.896 0.948-3.793 0.948-5.689 0-8.533-6.637-15.17-14.222-
Action.c(140):     15.17z",\n
Action.c(140):             "M609.659 511.052c-28.444-18.015-71.111-56.889-89.126-63.526-119.467-46.459-204.8 
Action.c(140):     106.193-204.8 106.193 78.696-95.763 128-78.696 159.289-61.63 0 0-19.911 73.956-27.496 107.
Action.c(140):     141-5.689 19.911-12.326 31.289-14.222 34.133-30.341 46.459-91.97 110.933-220.919 62.578 16
Action.c(140):     7.822 109.037 242.726 6.637 254.104-8.533 37.926 9.481 101.452 40.77 163.081 191.526-10.43
Action.c(140):     -164.030-69.215-226.607-121.363-254.104l73.956-77.748c107.141 59.733 142.222-19.911 155.49
Action.c(140):     6-48.356-24.652 50.252-99.556 30.341-128 12.326zM610.607 456.059c14.222-16.119 17.067-39.8
Action.c(140):     22 4.741-54.044-12.326-13.274-33.185-11.378-48.356 4.741-14.222 16.119-17.067 39.822-4.741
Action.c(140):      53.096 12.326 14.222 34.133 12.326 48.356-3.793z",\n
Action.c(140):             "M174.459 673.185h1.896c1.896 0 2.844-0.948 2.844-1.896s-0.948-1.896-2.844-1.896c-
Action.c(140):     0.948 0-0.948 0-1.896 0v3.793zM174.459 679.822h-1.896v-12.326c0.948 0 1.896 0 3.793 0s2.84
Action.c(140):     4 0 3.793 0.948c0.948 0.948 0.948 0.948 0.948 2.844s-0.948 2.844-2.844 2.844v0c0.948 0 1.8
Action.c(140):     96 0.948 1.896 2.844s0.948 2.844 0.948 2.844h-1.896c0 0-0.948-1.896-0.948-2.844 0-1.896-0.
Action.c(140):     948-1.896-2.844-1.896h-0.948v4.741zM176.356 664.652c-4.741 0-8.533 3.793-8.533 9.481s3.793
Action.c(140):      9.481 8.533 9.481c4.741 0 8.533-3.793 8.533-9.481 0.948-5.689-3.793-9.481-8.533-9.481v0zM
Action.c(140):     176.356 662.756c5.689 0 11.378 4.741 11.378 11.378s-4.741 11.378-11.378 11.378c-5.689 0-11
Action.c(140):     .378-4.741-11.378-11.378 0.948-6.637 5.689-11.378 11.378-11.378v0zM176.356 662.756z",\n
Action.c(140):             "M746.193 456.059z",\n
Action.c(140):             "M746.193 456.059l68.267 69.215-3.793-97.659 85.333-44.563-91.97-25.6-15.17-96.711
Action.c(140):     -54.044 81.541-93.867-14.222 58.785 75.852-42.667 87.23z",\n
Action.c(140):             "M749.985 442.785l-68.267 26.548 33.185-66.37-45.511-57.837 72.059 11.378 40.77-62
Action.c(140):     .578 11.378 73.007 70.163 19.911-65.422 34.133 2.844 73.956-51.2-52.148zM749.985 442.785z"
Action.c(140):     \n
Action.c(140):           ],\n
Action.c(140):           "attrs": [\n
Action.c(140):             {\n
Action.c(140):               "fill": "rgb(255, 255, 255)"\n
Action.c(140):             },\n
Action.c(140):             {\n
Action.c(140):               "fill": "rgb(153, 153, 153)"\n
Action.c(140):             },\n
Action.c(140):             {\n
Action.c(140):               "fill": "rgb(56, 54, 53)"\n
Action.c(140):             },\n
Action.c(140):             {\n
Action.c(140):               "fill": "rgb(12, 179, 225)"\n
Action.c(140):             },\n
Action.c(140):             {\n
Action.c(140):               "fill": "rgb(56, 54, 53)"\n
Action.c(140):             },\n
Action.c(140):             {\n
Action.c(140):               "fill": "rgb(56, 54, 53)"\n
Action.c(140):             },\n
Action.c(140):             {\n
Action.c(140):               "fill": "rgb(56, 54, 53)"\n
Action.c(140):             },\n
Action.c(140):             {\n
Action.c(140):               "fill": "rgb(255, 205, 46)"\n
Action.c(140):             }\n
Action.c(140):           ],\n
Action.c(140):           "isMulticolor": true,\n
Action.c(140):           "grid": 32,\n
Action.c(140):           "tags": [\n
Action.c(140):             "guiding-stars-1"\n
Action.c(140):           ],\n
Action.c(140):           "defaultCode": 59778\n
Action.c(140):         },\n
Action.c(140):         {\n
Action.c(140):           "paths": [\n
Action.c(140):             "M969.676 406.724c59.686 252.769-96.839 506.063-349.607 565.749s-506.063-96.839-56
Action.c(140):     5.749-349.607c-59.686-252.769 96.839-506.063 349.607-565.749s506.063 96.839 565.749 349.60
Action.c(140):     7z",\n
Action.c(140):             "M512 16.119c-274.963 0-498.726 223.763-498.726 498.726s223.763 498.726 498.726 49
Action.c(140):     8.726 498.726-223.763 498.726-498.726-223.763-498.726-498.726-498.726zM512 985.126c-259.79
Action.c(140):     3 0-470.281-211.437-470.281-470.281s210.489-470.281 470.281-470.281 470.281 211.437 470.28
Action.c(140):     1 470.281-210.489 470.281-470.281 470.281z",\n
Action.c(140):             "M738.607 485.452c-4.741 0-9.481 2.844-12.326 6.637-36.030 53.096-112.83 3.793-131
Action.c(140):     .793-8.533 8.533-2.844 17.067-8.533 24.652-16.119 20.859-22.756 24.652-55.941 6.637-74.904
Action.c(140):     -17.067-18.963-48.356-16.119-70.163 6.637-11.378 12.326-17.067 27.496-18.015 41.719-141.27
Action.c(140):     4-66.37-234.193 108.089-234.193 108.089-2.844 5.689 0 13.274 6.637 16.119 6.637 3.793 15.1
Action.c(140):     7 1.896 19.911-4.741 0 0 63.526-91.022 129.896-60.681 0 0-15.17 91.022-35.081 125.156-73.0
Action.c(140):     07 117.57-207.644 57.837-207.644 57.837v0c-1.896-0.948-2.844-0.948-4.741-0.948-7.585 0-14.
Action.c(140):     222 6.637-14.222 14.222 0 3.793 1.896 7.585 3.793 9.481l0.948 0.948c0 0 158.341 121.363 26
Action.c(140):     9.274-2.844 0 0 80.593 18.015 145.067 180.148 1.896 5.689 8.533 10.43 15.17 9.481s12.326-6
Action.c(140):     .637 11.378-14.222c-7.585-205.748-113.778-256-113.778-256l55.941-56.889c125.156 63.526 165
Action.c(140):     .926-59.733 165.926-59.733 0.948-1.896 0.948-3.793 0.948-5.689 0-8.533-6.637-15.17-14.222-
Action.c(140):     15.17z",\n
Action.c(140):             "M609.659 511.052c-28.444-18.015-71.111-56.889-89.126-63.526-119.467-46.459-204.8 
Action.c(140):     106.193-204.8 106.193 78.696-95.763 128-78.696 159.289-61.63 0 0-19.911 73.956-27.496 107.
Action.c(140):     141-5.689 19.911-12.326 31.289-14.222 34.133-30.341 46.459-91.97 110.933-220.919 62.578 16
Action.c(140):     7.822 109.037 242.726 6.637 254.104-8.533 37.926 9.481 101.452 40.77 163.081 191.526-10.43
Action.c(140):     -164.030-69.215-226.607-121.363-254.104l73.956-77.748c107.141 59.733 142.222-19.911 155.49
Action.c(140):     6-48.356-24.652 50.252-99.556 30.341-128 12.326zM610.607 456.059c14.222-16.119 17.067-39.8
Action.c(140):     22 4.741-54.044-12.326-13.274-33.185-11.378-48.356 4.741-14.222 16.119-17.067 39.822-4.741
Action.c(140):      53.096 12.326 14.222 34.133 12.326 48.356-3.793z",\n
Action.c(140):             "M174.459 673.185h1.896c1.896 0 2.844-0.948 2.844-1.896s-0.948-1.896-2.844-1.896c-
Action.c(140):     0.948 0-0.948 0-1.896 0v3.793zM174.459 679.822h-1.896v-12.326c0.948 0 1.896 0 3.793 0s2.84
Action.c(140):     4 0 3.793 0.948c0.948 0.948 0.948 0.948 0.948 2.844s-0.948 2.844-2.844 2.844v0c0.948 0 1.8
Action.c(140):     96 0.948 1.896 2.844
Action.c(140): t=21588ms: 8016-byte DECODED response body for "https://stage.peapod.com/shop/images/icons/PeapodIcons.json" (RelFrameId=1, Internal ID=13)
Action.c(140):     s0.948 2.844 0.948 2.844h-1.896c0 0-0.948-1.896-0.948-2.844 0-1.896-0.948-1.896-2.844-1.89
Action.c(140):     6h-0.948v4.741zM176.356 664.652c-4.741 0-8.533 3.793-8.533 9.481s3.793 9.481 8.533 9.481c4
Action.c(140):     .741 0 8.533-3.793 8.533-9.481 0.948-5.689-3.793-9.481-8.533-9.481v0zM176.356 662.756c5.68
Action.c(140):     9 0 11.378 4.741 11.378 11.378s-4.741 11.378-11.378 11.378c-5.689 0-11.378-4.741-11.378-11
Action.c(140):     .378 0.948-6.637 5.689-11.378 11.378-11.378v0zM176.356 662.756z",\n
Action.c(140):             "M746.193 456.059z",\n
Action.c(140):             "M746.193 456.059l68.267 69.215-3.793-97.659 85.333-44.563-91.97-25.6-15.17-96.711
Action.c(140):     -54.044 81.541-93.867-14.222 58.785 75.852-42.667 87.23z",\n
Action.c(140):             "M749.985 442.785l-68.267 26.548 33.185-66.37-45.511-57.837 72.059 11.378 40.77-62
Action.c(140):     .578 11.378 73.007 70.163 19.911-65.422 34.133 2.844 73.956-51.2-52.148zM749.985 442.785z"
Action.c(140):     ,\n
Action.c(140):             "M556.563 319.526l77.748 56.889-18.963-95.763 76.8-57.837-94.815-10.43-30.341-92.9
Action.c(140):     19-39.822 89.126-95.763 0.948 71.111 65.422-28.444 92.919 82.489-48.356zM556.563 319.526z"
Action.c(140):     ,\n
Action.c(140):             "M557.511 305.304l-63.526 36.978 21.807-71.111-54.044-50.252 73.007-0.948 30.341-6
Action.c(140):     8.267 22.756 70.163 73.007 7.585-58.785 44.563 15.17 73.007-59.733-41.719zM557.511 305.304
Action.c(140):     z"\n
Action.c(140):           ],\n
Action.c(140):           "attrs": [\n
Action.c(140):             {\n
Action.c(140):               "fill": "rgb(255, 255, 255)"\n
Action.c(140):             },\n
Action.c(140):             {\n
Action.c(140):               "fill": "rgb(153, 153, 153)"\n
Action.c(140):             },\n
Action.c(140):             {\n
Action.c(140):               "fill": "rgb(56, 54, 53)"\n
Action.c(140):             },\n
Action.c(140):             {\n
Action.c(140):               "fill": "rgb(12, 179, 225)"\n
Action.c(140):             },\n
Action.c(140):             {\n
Action.c(140):               "fill": "rgb(56, 54, 53)"\n
Action.c(140):             },\n
Action.c(140):             {\n
Action.c(140):               "fill": "rgb(56, 54, 53)"\n
Action.c(140):             },\n
Action.c(140):             {\n
Action.c(140):               "fill": "rgb(56, 54, 53)"\n
Action.c(140):             },\n
Action.c(140):             {\n
Action.c(140):               "fill": "rgb(255, 205, 46)"\n
Action.c(140):             },\n
Action.c(140):             {\n
Action.c(140):               "fill": "rgb(56, 54, 53)"\n
Action.c(140):             },\n
Action.c(140):             {\n
Action.c(140):               "fill": "rgb(255, 205, 46)"\n
Action.c(140):             }\n
Action.c(140):           ],\n
Action.c(140):           "isMulticolor": true,\n
Action.c(140):           "grid": 32,\n
Action.c(140):           "tags": [\n
Action.c(140):             "guiding-stars-2"\n
Action.c(140):           ],\n
Action.c(140):           "defaultCode": 59786\n
Action.c(140):         },\n
Action.c(140):         {\n
Action.c(140):           "paths": [\n
Action.c(140):             "M969.676 406.724c59.686 252.769-96.839 506.063-349.607 565.749s-506.063-96.839-56
Action.c(140):     5.749-349.607c-59.686-252.769 96.839-506.063 349.607-565.749s506.063 96.839 565.749 349.60
Action.c(140):     7z",\n
Action.c(140):             "M512 16.119c-274.963 0-498.726 223.763-498.726 498.726s223.763 498.726 498.726 49
Action.c(140):     8.726 498.726-223.763 498.726-498.726-223.763-498.726-498.726-498.726zM512 985.126c-259.79
Action.c(140):     3 0-470.281-211.437-470.281-470.281s210.489-470.281 470.281-470.281 470.281 211.437 470.28
Action.c(140):     1 470.281-210.489 470.281-470.281 470.281z",\n
Action.c(140):             "M738.607 485.452c-4.741 0-9.481 2.844-12.326 6.637-36.030 53.096-112.83 3.793-131
Action.c(140):     .793-8.533 8.533-2.844 17.067-8.533 24.652-16.119 20.859-22.756 24.652-55.941 6.637-74.904
Action.c(140):     -17.067-18.963-48.356-16.119-70.163 6.637-11.378 12.326-17.067 27.496-18.015 41.719-141.27
Action.c(140):     4-66.37-234.193 108.089-234.193 108.089-2.844 5.689 0 13.274 6.637 16.119 6.637 3.793 15.1
Action.c(140):     7 1.896 19.911-4.741 0 0 63.526-91.022 129.896-60.681 0 0-15.17 91.022-35.081 125.156-73.0
Action.c(140):     07 117.57-207.644 57.837-207.644 57.837v0c-1.896-0.948-2.844-0.948-4.741-0.948-7.585 0-14.
Action.c(140):     222 6.637-14.222 14.222 0 3.793 1.896 7.585 3.793 9.481l0.948 0.948c0 0 158.341 121.363 26
Action.c(140):     9.274-2.844 0 0 80.593 18.015 145.067 180.148 1.896 5.689 8.533 10.43 15.17 9.481s12.326-6
Action.c(140):     .637 11.378-14.222c-7.585-205.748-113.778-256-113.778-256l55.941-56.889c125.156 63.526 165
Action.c(140):     .926-59.733 165.926-59.733 0.948-1.896 0.948-3.793 0.948-5.689 0-8.533-6.637-15.17-14.222-
Action.c(140):     15.17z",\n
Action.c(140):             "M609.659 511.052c-28.444-18.015-71.111-56.889-89.126-63.526-119.467-46.459-204.8 
Action.c(140):     106.193-204.8 106.193 78.696-95.763 128-78.696 159.289-61.63 0 0-19.911 73.956-27.496 107.
Action.c(140):     141-5.689 19.911-12.326 31.289-14.222 34.133-30.341 46.459-91.97 110.933-220.919 62.578 16
Action.c(140):     7.822 109.037 242.726 6.637 254.104-8.533 37.926 9.481 101.452 40.77 163.081 191.526-10.43
Action.c(140):     -164.030-69.215-226.607-121.363-254.104l73.956-77.748c107.141 59.733 142.222-19.911 155.49
Action.c(140):     6-48.356-24.652 50.252-99.556 30.341-128 12.326zM610.607 456.059c14.222-16.119 17.067-39.8
Action.c(140):     22 4.741-54.044-12.326-13.274-33.185-11.378-48.356 4.741-14.222 16.119-17.067 39.822-4.741
Action.c(140):      53.096 12.326 14.222 34.133 12.326 48.356-3.793z",\n
Action.c(140):             "M174.459 673.185h1.896c1.896 0 2.844-0.948 2.844-1.896s-0.948-1.896-2.844-1.896c-
Action.c(140):     0.948 0-0.948 0-1.896 0v3.793zM174.459 679.822h-1.896v-12.326c0.948 0 1.896 0 3.793 0s2.84
Action.c(140):     4 0 3.793 0.948c0.948 0.948 0.948 0.948 0.948 2.844s-0.948 2.844-2.844 2.844v0c0.948 0 1.8
Action.c(140):     96 0.948 1.896 2.844s0.948 2.844 0.948 2.844h-1.896c0 0-0.948-1.896-0.948-2.844 0-1.896-0.
Action.c(140):     948-1.896-2.844-1.896h-0.948v4.741zM176.356 664.652c-4.741 0-8.533 3.793-8.533 9.481s3.793
Action.c(140):      9.481 8.533 9.481c4.741 0 8.533-3.793 8.533-9.481 0.948-5.689-3.793-9.481-8.533-9.481v0zM
Action.c(140):     176.356 662.756c5.689 0 11.378 4.741 11.378 11.378s-4.741 11.378-11.378 11.378c-5.689 0-11
Action.c(140):     .378-4.741-11.378-11.378 0.948-6.637 5.689-11.378 11.378-11.378v0zM176.356 662.756z",\n
Action.c(140):             "M746.193 456.059z",\n
Action.c(140):             "M360.296 390.637l93.867 23.704-54.044-80.593 49.304-83.437-91.97 26.548-63.526-74
Action.c(140):     .904-2.844 97.659-88.178 36.978 90.074 34.133 8.533 96.711 58.785-76.8zM360.296 390.637z",
Action.c(140):     \n
Action.c(140):             "M355.556 377.363l-44.563 57.837-6.637-73.956-69.215-25.6 67.319-28.444 1.896-73.9
Action.c(140):     56 48.356 56.889 70.163-19.911-37.926 63.526 41.719 61.63-71.111-18.015zM355.556 377.363z"
Action.c(140):     ,\n
Action.c(140):             "M746.193 456.059l68.267 69.215-3.793-97.659 85.333-44.563-91.97-25.6-15.17-96.711
Action.c(140):     -54.044 81.541-93.867-14.222 58.785 75.852-42.667 87.23z",\n
Action.c(140):             "M749.985 442.785l-68.267 26.548 33.185-66.37-45.511-57.837 72.059 11.378 40.77-62
Action.c(140):     .578 11.378 73.007 70.163 19.911-65.422 34.133 2.844 73.956-51.2-52.148zM749.985 442.785z"
Action.c(140):     ,\n
Action.c(140):             "M556.563 319.526l77.748 56.889-18.963-95.763 76.8-57.837-94.815-10.43-30.341-92.9
Action.c(140):     19-39.822 89.126-95.763 0.948 71.111 65.422-28.444 92.919 82.489-48.356zM556.563 319.526z"
Action.c(140):     ,\n
Action.c(140):             "M557.511 305.304l-63.526 36.978 21.807-71.111-54.044-50.252 73.007-0.948 30.341-6
Action.c(140):     8.267 22.756 70.163 73.007 7.585-58.785 44.563 15.17 73.007-59.733-41.719zM557.511 305.304
Action.c(140):     z"\n
Action.c(140):           ],\n
Action.c(140):           "attrs": [\n
Action.c(140):             {\n
Action.c(140):               "fill": "rgb(255, 255, 255)"\n
Action.c(140):             },\n
Action.c(140):             {\n
Action.c(140):               "fill": "rgb(153, 153, 153)"\n
Action.c(140):             },\n
Action.c(140):             {\n
Action.c(140):               "fill": "rgb(56, 54, 53)"\n
Action.c(140):             },\n
Action.c(140):             {\n
Action.c(140):               "fill": "rgb(12, 179, 225)"\n
Action.c(140):             },\n
Action.c(140):             {\n
Action.c(140):               "fill": "rgb(56, 54, 53)"\n
Action.c(140):             },\n
Action.c(140):             {\n
Action.c(140):               "fill": "rgb(56, 54, 53)"\n
Action.c(140):             },\n
Action.c(140):             {\n
Action.c(140):               "fill": "rgb(56, 54, 53)"\n
Action.c(140):             },\n
Action.c(140):             {\n
Action.c(140):               "fill": "rgb(255, 205, 46)"\n
Action.c(140):             },\n
Action.c(140):             {\n
Action.c(140):               "fill": "rgb(56, 54, 53)"\n
Action.c(140):             },\n
Action.c(140):             {\n
Action.c(140):               "fill": "rgb(255, 205, 46)"\n
Action.c(140):             },\n
Action.c(140):             {\n
Action.c(140):               "fill": "rgb(56, 54, 53)"\n
Action.c(140):             },\n
Action.c(140):             {\n
Action.c(140):               "fill": "rgb(255, 205, 46)"\n
Action.c(140):             }\n
Action.c(140):           ],\n
Action.c(140):           "isMulticolor": true,\n
Action.c(140):           "grid": 32,\n
Action.c(140):           "tags": [\n
Action.c(140):             "guiding-stars-3"\n
Action.c(140):           ],\n
Action.c(140):           "defaultCode": 59796\n
Action.c(140):         },\n
Action.c(140):         {\n
Action.c(140):           "paths": [\n
Action.c(140):             "M462.108 195.031c0-45.182-25.295-70.651-69.953-70.651-105.366-0.174-210.731-0.174
Action.c(140):     -316.097 0-43.088 0.174-68.906 25.818-68.906 69.255-0.174 250.156-0.174 500.487 0 750.817 
Action.c(140):     0 44.309 25.993 69.604 71 69.604 102.923 0.174 205.847 0 308.77 0 50.764 0 75.186-24.422 7
Action.c(140):     5.186-75.535 0.174-122.636 0-245.272 0-368.082-0-125.078 0.174-250.156-0-375.409zM236.898 
Action.c(140):     975.853c-24.074-0.174-42.216-18.142-42.042-41.867 0.174-22.852 19.712-42.39 42.565-42.216s
Action.c(140):     42.042 19.712 41.867 42.739c-0.174 23.899-18.142 41.518-42.39 41.344zM427.045 856.183c-128
Action.c(140):     .393 0-255.738 0-385.003 0 0-193.287 0-386.050 0-580.383 128.393 0 255.738 0 385.003 0 0 1
Action.c(140):     92.938 0 385.178 0 580.383z",\n
Action.c(140):             "M144.093 458.794c-14.13 0-27.911 0-41.693 0-7.327 0-13.607-1.919-13.607-10.292 0-
Action.c(140):     8.722 6.455-10.118 13.607-10.118 15.526 0.174 31.051 0.349 46.403 0 8.722-0.174 13.258 3.3
Action.c(140):     14 14.828 12.037 2.268 11.513 5.408 22.678 8.373 35.413 3.314 0 6.978 0 10.641 0 53.381 0 
Action.c(140):     106.587 0 159.967 0 12.037 0 15.351 3.663 14.13 15.875-2.093 19.887-4.012 39.599-6.28 59.4
Action.c(140):     86-1.57 14.13-3.314 15.526-17.445 15.526-42.39 0-84.606 0-126.997 0-3.663 0-7.501 0-12.386
Action.c(140):      0 1.57 6.803 3.489 12.735 4.361 18.666 1.047 6.629 4.361 8.025 10.641 8.025 40.297-0.174 
Action.c(140):     80.42-0.174 120.717-0.174 2.791 0 5.582 0 8.199 0 7.327-0.174 12.735 2.966 12.56 10.292 0 
Action.c(140):     6.978-5.582 9.769-12.211
Action.c(140): t=21629ms: 12280-byte ENCODED response body received for "https://stage.peapod.com/shop/images/icons/PeapodIcons.json" (RelFrameId=1, Internal ID=13)
Action.c(140): t=21629ms: 12288-byte DECODED response body for "https://stage.peapod.com/shop/images/icons/PeapodIcons.json" (RelFrameId=1, Internal ID=13)
Action.c(140):      9.769-47.798 0-95.597 0-143.395 0-9.071 0-12.386-5.233-14.305-13.083-10.99-47.101-22.329-
Action.c(140):     94.201-33.494-141.127-0.523-3.314-1.57-6.629-2.617-10.292zM178.11 506.418c3.14 13.607 6.80
Action.c(140):     3 26.167 8.897 38.902 1.221 8.199 5.233 9.595 12.386 9.595 40.472-0.349 81.118-0.174 121.5
Action.c(140):     89-0.174 2.966 0 5.931-0.349 9.42-0.698 1.744-16.224 3.489-31.749 5.408-47.624-53.032 0-10
Action.c(140):     4.493 0-157.699 0z",\n
Action.c(140):             "M323.772 681.736c-10.99-0.174-20.236-9.595-19.887-20.585 0.349-10.641 9.42-19.364
Action.c(140):      20.061-19.364 11.165 0 20.236 9.42 19.887 20.585-0.349 10.641-9.42 19.538-20.061 19.364z"
Action.c(140):     ,\n
Action.c(140):             "M218.581 662.024c-0.174 10.816-10.292 20.236-20.934 19.712-10.467-0.523-19.538-9.
Action.c(140):     943-19.364-20.41 0.174-10.99 10.118-20.236 20.934-19.712 10.467 0.523 19.538 9.943 19.364 
Action.c(140):     20.41z",\n
Action.c(140):             "M421.288 10.467c-0.174 0-0.174 0.174-0.349 0.349l2.617 21.457c0.349 0.174 0.523 0
Action.c(140):     .349 0.872 0.349 8.373 2.791 17.968 1.57 26.69 3.838 51.462 13.607 85.828 45.705 103.621 9
Action.c(140):     5.945l20.236-5.757c-13.781-59.835-88.27-118.1-153.687-116.181z",\n
Action.c(140):             "M514.268 135.021c-10.467-34.191-46.054-61.58-86.176-65.068l2.791 22.504c31.924 4.
Action.c(140):     361 52.334 22.155 64.894 51.811 0.698 1.57 1.744 2.791 3.14 4.012l15.177-4.361c0.698-3.14 
Action.c(140):     1.047-6.28 0.174-8.897z"\n
Action.c(140):           ],\n
Action.c(140):           "attrs": [\n
Action.c(140):             {\n
Action.c(140):               "fill": "rgb(102, 102, 102)"\n
Action.c(140):             },\n
Action.c(140):             {\n
Action.c(140):               "fill": "rgb(93, 161, 68)"\n
Action.c(140):             },\n
Action.c(140):             {\n
Action.c(140):               "fill": "rgb(93, 161, 68)"\n
Action.c(140):             },\n
Action.c(140):             {\n
Action.c(140):               "fill": "rgb(93, 161, 68)"\n
Action.c(140):             },\n
Action.c(140):             {\n
Action.c(140):               "fill": "rgb(93, 161, 68)"\n
Action.c(140):             },\n
Action.c(140):             {\n
Action.c(140):               "fill": "rgb(93, 161, 68)"\n
Action.c(140):             }\n
Action.c(140):           ],\n
Action.c(140):           "width": 579,\n
Action.c(140):           "isMulticolor": true,\n
Action.c(140):           "grid": 32,\n
Action.c(140):           "tags": [\n
Action.c(140):             "shop_icon"\n
Action.c(140):           ],\n
Action.c(140):           "defaultCode": 59808\n
Action.c(140):         },\n
Action.c(140):         {\n
Action.c(140):           "paths": [\n
Action.c(140):             "M740.272 444.077c-116.93-0.43-233.861 0-350.791 0s-233.861-0.43-350.791 0c-7.308 
Action.c(140):     0-14.616 0-21.495-0.43l35.681-68.783c230.421 0.43 460.413 0.43 690.835 0 12.037 0 24.074 0
Action.c(140):      34.821 1.29v66.633c-12.037 1.29-25.364 1.29-38.26 1.29z",\n
Action.c(140):             "M745.861 320.269c-219.244-0.43-438.059-0.43-657.303 0l36.111-69.212c98.875 0.43 1
Action.c(140):     97.32 0 296.195 0 107.903 0 215.805 0.43 323.708 0 11.607 0 23.214 0 33.531 1.29v66.203c-9
Action.c(140):     .887 1.29-20.635 1.72-32.242 1.72z",\n
Action.c(140):             "M745.861 203.338c-184.423-0.43-368.416-0.43-552.84 0-11.177 0-21.924-0.43-31.382-
Action.c(140):     1.72l35.251-67.493c90.707 0.43 181.414 0 271.691 0 91.997 0 184.423 0.43 276.42 0 11.607 0
Action.c(140):      23.214 0 33.531 1.29v66.633c-10.317 1.29-21.495 1.29-32.672 1.29z",\n
Action.c(140):             "M1827.896 419.573l-188.292-94.146c-25.364-12.897-59.325-42.129-75.661-65.773l-131
Action.c(140):     .117-189.582c-16.336-23.214-23.214-32.672-33.102-39.55-3.869-3.009-27.083-13.757-55.456-13
Action.c(140):     .757h-972.413c-0.43 0-0.86 0-1.29 0v49.867c21.065 0 59.325 0 80.39 0h867.090c28.373 0 64.9
Action.c(140):     14 18.915 81.249 42.559l126.818 184.853c16.336 23.214 37.401 43.849 38.26 45.139s15.476 12
Action.c(140):     .897 40.84 25.793l172.386 85.978c25.364 12.897 46.428 46.428 46.428 74.801v247.617c0 28.37
Action.c(140):     3-23.214 51.587-51.587 51.587h-180.984c-15.046-72.652-79.53-127.678-156.48-127.678s-141.86
Action.c(140):     4 55.026-156.48 127.678h-368.846c-15.046-72.652-79.53-127.678-156.48-127.678s-141.864 55.0
Action.c(140):     26-156.48 127.678h-196.46c-1.72 0-3.439 0-5.159-0.43-0.43 0-0.86 0-1.72 0-1.29 0-2.149-0.4
Action.c(140):     3-3.439-0.43-0.43 0-1.29-0.43-1.72-0.43-0.86-0.43-2.149-0.43-3.009-0.86-0.43 0-1.29-0.43-1
Action.c(140):     .72-0.43-0.86-0.43-1.72-0.43-2.579-0.86-0.43-0.43-1.29-0.43-1.72-0.86-0.86-0.43-1.72-0.86-
Action.c(140):     2.579-1.29-0.43-0.43-1.29-0.43-1.72-0.86-0.86-0.43-1.72-1.29-2.579-1.72-0.43-0.43-0.86-0.4
Action.c(140):     3-1.29-0.86-1.29-0.86-2.579-1.72-3.869-2.579 0 0 0 0 0 0-1.29-0.86-2.149-2.149-3.439-3.009
Action.c(140):     -0.43-0.43-0.86-0.86-0.86-1.29-0.86-0.86-1.29-1.72-2.149-2.149-0.43-0.43-0.86-0.86-1.29-1.
Action.c(140):     29-0.43-0.86-1.29-1.72-1.72-2.149s-0.86-0.86-0.86-1.72c-0.43-0.86-0.86-1.72-1.29-2.579-0.4
Action.c(140):     3-0.43-0.43-1.29-0.86-1.72-0.43-0.86-0.86-1.72-1.29-2.579-0.43-0.43-0.43-1.29-0.86-1.72-0.
Action.c(140):     43-0.86-0.86-2.149-1.29-3.009 0-0.43-0.43-0.86-0.43-1.29-0.43-1.72-0.86-3.009-1.29-4.729v-
Action.c(140):     15.476h46.428v-257.935h-51.157v201.189h-45.998v111.772c0 28.373 23.214 51.587 51.587 51.58
Action.c(140):     7h243.318c9.028 79.53 76.95 141.864 159.060 141.864s150.032-62.334 159.060-141.864h364.118
Action.c(140):     c9.028 79.53 76.95 141.864 159.060 141.864s150.032-62.334 159.060-141.864h228.702c28.373 0
Action.c(140):      51.587-23.214 51.587-51.587v-329.296c0-28.373-20.635-61.904-46.428-74.801zM860.641 875.25
Action.c(140):     8c-8.598 52.017-53.736 91.567-107.903 91.567s-99.305-39.55-107.903-91.567c-0.86-6.018-1.72
Action.c(140):     -12.037-1.72-18.055 0-11.177 1.72-21.924 4.729-32.242 13.757-44.709 55.456-77.38 104.893-7
Action.c(140):     7.38s91.137 32.672 104.893 77.38c3.009 10.317 4.729 21.065 4.729 32.242 0 6.018-0.86 12.03
Action.c(140):     7-1.72 18.055zM1542.448 875.258c-8.598 52.017-53.736 91.567-107.903 91.567s-99.305-39.55-1
Action.c(140):     07.903-91.567c-0.86-6.018-1.72-12.037-1.72-18.055 0-11.177 1.72-21.924 4.729-32.242 13.757
Action.c(140):     -44.709 55.456-77.38 104.893-77.38s91.137 32.672 104.893 77.38c3.009 10.317 4.729 21.065 4
Action.c(140):     .729 32.242 0 6.018-0.43 12.037-1.72 18.055z"\n
Action.c(140):           ],\n
Action.c(140):           "attrs": [\n
Action.c(140):             {\n
Action.c(140):               "fill": "rgb(93, 161, 68)"\n
Action.c(140):             },\n
Action.c(140):             {\n
Action.c(140):               "fill": "rgb(93, 161, 68)"\n
Action.c(140):             },\n
Action.c(140):             {\n
Action.c(140):               "fill": "rgb(93, 161, 68)"\n
Action.c(140):             },\n
Action.c(140):             {\n
Action.c(140):               "fill": "rgb(102, 102, 102)"\n
Action.c(140):             }\n
Action.c(140):           ],\n
Action.c(140):           "width": 1902,\n
Action.c(140):           "isMulticolor": true,\n
Action.c(140):           "grid": 32,\n
Action.c(140):           "tags": [\n
Action.c(140):             "schedule_icon"\n
Action.c(140):           ],\n
Action.c(140):           "defaultCode": 59814\n
Action.c(140):         },\n
Action.c(140):         {\n
Action.c(140):           "paths": [\n
Action.c(140):             "M807.768 389.349h-32.663c29.070-66.307 52.262-134.574 65.327-206.433 5.226-29.724
Action.c(140):      4.9-60.754 5.226-91.131 0-9.799-4.9-20.905-10.452-29.397-11.106-17.312-34.623-18.945-55.8
Action.c(140):     55-5.226-29.070 18.618-50.955 44.749-70.553 72.513-44.749 62.061-80.352 128.367-110.076 19
Action.c(140):     7.941-4.246-17.965-15.025-32.663-33.97-40.829-15.678-6.859-32.663-6.859-48.995-4.246-14.69
Action.c(140):     9 2.286-29.070 6.533-45.076 10.126-0.653-5.879-3.593-13.392-1.307-17.312 4.573-6.859 12.41
Action.c(140):     2-5.226 20.251-2.613 16.332 5.553 33.317 6.859 49.975 2.94 18.945-4.246 35.277-13.065 45.7
Action.c(140):     29-30.050 6.206-10.126 4.9-15.678-6.206-19.925-13.392-5.226-16.332-10.126-28.744-12.085-7.
Action.c(140):     839-1.307-9.146-3.266-24.824-1.633-15.025 4.246-38.216 15.678-49.648 34.95-3.593 5.879-10.
Action.c(140):     126 9.799-15.352 15.025-3.266-3.92-4.573-6.206-6.206-7.839-4.9-4.246-9.472-9.472-15.025-12
Action.c(140):     .412-3.266-1.633-6.859-0.327-12.739 1.633s1.633 8.493 3.593 12.085c2.286 3.92 6.533 6.859 
Action.c(140):     9.472 10.452 5.553 7.186 10.126 15.025 10.779 23.844-16.658-2.94-32.337-6.533-48.015-8.166
Action.c(140):     -0.98 0-1.96 0-2.94-0.327 0-13.392 0-26.784 0.327-40.176 0.327-31.357-3.92-59.448-22.538-8
Action.c(140):     5.252-22.538-30.704-33.317-65-28.091-103.217 1.96-13.719-4.246-20.251-18.945-19.925-65.327
Action.c(140):      0.327-130.981 0.327-196.307 0-13.392 0-19.925 5.553-17.965 18.618 5.226 38.543-5.879 72.1
Action.c(140):     86-29.070 102.89-6.533 8.819-12.085 18.292-16.658 28.417-3.593 8.166-7.186 17.312-7.186 26
Action.c(140):     .131-0.98 60.427-0.98 120.528-0.98 180.629h-45.729c2.286 14.699 3.266 24.498 5.226 34.297 
Action.c(140):     38.543 184.549 77.412 368.771 115.955 553.319 4.246 19.925 10.126 28.744 26.457 28.744h533
Action.c(140):     .068c14.699 0 21.558-7.186 25.478-26.131 38.87-186.508 77.739-373.344 117.589-559.525 3.59
Action.c(140):     3-16.658 3.266-25.804-2.286-30.377l-30.050-0.327zM566.058 238.117c-12.739 23.191-43.116 30
Action.c(140):     .704-73.166 17.965 13.392-27.111 45.729-34.95 73.166-17.965zM666.988 366.484c1.633 0.327 3
Action.c(140):     .593 1.633 4.9 0.98 4.573-1.96 8.819-4.573 13.392-6.859-2.613-4.573-4.246-11.759-8.166-13.
Action.c(140):     392-20.251-7.513-40.829-5.879-60.754 3.266-1.307-0.98-2.613-2.286-3.92-3.266 20.578-39.849
Action.c(140):      39.849-80.679 62.387-119.222 12.085-20.578 32.010-32.010 58.468-26.784 3.92 0.98 9.472-4.
Action.c(140):     573 14.045-7.186-3.266-4.573-6.206-12.085-10.126-13.065-10.779-2.613-22.211-1.96-34.95-2.9
Action.c(140):     4 3.266-5.226 6.859-10.779 10.452-16.332 20.578-29.397 40.503-59.121 69.9-80.352 8.166-5.8
Action.c(140):     79 20.578-11.759 29.724-10.126 12.085 2.286 13.065 17.312 12.739 28.091-0.653 25.804-0.327
Action.c(140):      52.262-5.553 77.086-15.352 73.819-37.89 144.373-67.613 212.313h-150.905c14.372-19.598 38.
Action.c(140):     87-28.091 65.98-22.211zM398.494 296.584c1.96 0.327 4.246 0.653 6.206 0.98 15.025 2.94 29.7
Action.c(140):     24 7.513 44.422 12.085 10.126 2.94 18.945 2.94 29.070-0.98 17.965-7.186 37.236-12.085 56.8
Action.c(140):     34-10.779 30.377 2.286 45.729 18.618 46.709 48.995 0 2.613 0 4.9 0 7.513-0.327 5.879-0.98 
Action.c(140):     11.759-1.96 17.312-2.286 5.879-4.573 11.759-6.859 17.638h-225.378c-3.92-16.332-5.879-33.31
Action.c(140):     7-2.94-50.302 3.92-21.885 14.699-35.93 31.357-40.829 7.186-1.96 14.699-2.613 22.538-1.633z
Action.c(140):     M337.414 130.654c12.739 22.864 24.498 43.442 35.603 64.020 2.613 4.573 3.92 10.452 3.92 15
Action.c(140):     .678 0 23.844 0 48.015 0 71.86-31.030 5.553-50.302 29.724-51.282 66.307-0.327 14.045 0.653
Action.c(140):      27.764 2.94 41.156h-29.397c0-58.468 0-116.935 0.327-175.403 0-8.819 2.94-18.292 6.859-26.
Action.c(140):     131 8.819-18.945 19.598-36.91 31.030-57.488zM138.82 56.181c61.734 0 123.468 0 187.162 0 0 
Action.c(140):     13.719 0 26.131 0 40.176-62.387 0-124.121 0-187.162 0 0-13.065 0-26.131 0-40.176zM130.981 
Action.c(140):     121.181c0.98-1.633 4.573-2.94 6.859-2.94 59.121 0 118.242 0 180.302 0-12.739 23.191-23.844
Action.c(140):      44.422-35.93 65-1.307 2.613-6.206 4.246-9.799 4.246-59.121 0.327-118.568 0.327-181.282 0.
Action.c(140):     327 14.372-23.844 26.784-45.402 39.849-66.633zM84.925 211.333c63.041 0 126.081 0 190.101 0
Action.c(140):      0 59.448 0 118.568 0 178.016h-190.101c0-59.121 0-118.568 0-178.016zM693.772 976.638h-521.
Action.c(140):     309c-0.653-0.327-1.307-0.327-1.633-0.653l-122.488-561.159 766.938 1.307-121.508 560.505z",
Action.c(140):     \n
Action.c(140):             "M568.344 237.463c-27.764-16.985-60.101-9.146-73.166 17.965 30.050 12.739 60.427 5
Action.c(140):     .226 73.166-17.965z",\n
Action.c(140):             "M442.917 566.058c-0.98 0-1.96 0-2.94 0-7.513 0.327-14.699 0.98-21.558 2.286-32.33
Action.c(140):     7 6.533-60.101 26.457-77.412 53.241-6.859 10.779-12.085 22.538-15.352 35.277-2.613 9.799-3
Action.c(140):     .92 19.925-3.92 30.377 0 66.96 54.548 121.508 121.508 121.508s121.508-54.548 121.508-121.5
Action.c(140):     08-54.548-121.181-121.835-121.181z"\n
Action.c(140):           ],\n
Action.c(140):           "attrs": [\n
Action.c(140):             {\n
Action.c(140):               "fill": "rgb(128, 130, 133)"\n
Action.c(140):             },\n
Action.c(140):             {\n
Action.c(140):               "fill": "rgb(93, 161, 68)"\n
Action.c(140):             },\n
Action.c(140):             {\n
Action.c(140):               "fill": "rgb(93, 161, 68)"\n
Action.c(140):             }\n
Action.c(140):           ],\n
Action.c(140):           "width": 872,\n
Action.c(140):           "isMulticolor": true,\n
Action.c(140):           "grid": 32,\n
Action.c(140):           "tags": [\n
Action.c(140):             "deliver_icon"\n
Action.c(140):           ],\n
Action.c(140):           "defaultCode": 59818\n
Action.c(140):         },\n
Action.c(140):         {\n
Action.c(140):           "paths": [\n
Action.c(140):             "M73.31 240.754c-18.274 0-32.511 2.337-45.048-0.85-8.287-2.125-19.762-12.537-19.76
Action.c(140):     2-19.549 0-7.437 9.137-18.274 18.274-22.099 3.187-1.275 10.412-0.85 15.937-0.85 228.004 0 
Action.c(140):     456.008 0 684.012 0 7.225 0 16.149-1.487 21.037 2.125 7.012 5.1 15.512 14.662 15.087 21.88
Action.c(140):     7-0.425 6.8-10.837 15.724-18.487 18.274-9.775 3.187-21.249 0.85-36.336 0.85 0 12.325 0 22.
Action.c(140):     737 0 33.149 0 184.656 0 369.099 0 553.755 0 73.735-34.424 108.371-107.521 108.371-141.095
Action.c(140):      0-282.19 0.212-423.284 0-68.21 0-103.484-35.486-103.484-103.696 0-186.356 0-372.711 0-559
Action.c(140):     .067-0.425-9.775-0.425-19.549-0.425-32.299zM663.188 243.091c-184.443 0-364.637 0-546.317 0
Action.c(140):      0 11.050 0 20.187 0 29.111 0 185.506 0 370.799 0 556.305 0 50.148 14.662 65.023 64.173 65
Action.c(140):     .023 138.332 0 276.877 0 415.21 0 52.911 0 67.148-14.237 67.148-67.998 0-183.593 0-367.187
Action.c(140):      0-550.78-0.212-9.775-0.212-19.549-0.212-31.661z",\n
Action.c(140):             "M385.461 43.136c36.124 0 72.247-0.637 108.371 0.212 43.773 0.85 67.785 25.712 68.
Action.c(140):     422 69.91 0.212 15.299 2.125 31.236-1.062 45.898-1.912 8.075-12.962 19.762-19.762 19.762-7
Action.c(140):     .437 0-19.124-10.837-21.037-18.699-3.612-14.449-1.7-30.386-1.275-45.898 0.425-17.637-6.8-2
Action.c(140):     7.624-25.287-27.624-72.247 0-144.707 0-216.955 0-18.274 0-25.712 9.987-25.287 27.624 0.425
Action.c(140):      14.449 2.55 29.749-1.062 43.136-2.55 8.925-14.024 15.299-21.462 22.949-7.012-7.862-18.487
Action.c(140):     -15.087-19.762-24.012-2.975-18.487-1.912-37.824-0.212-56.735 2.762-31.874 28.261-55.035 62
Action.c(140):     .473-56.098 38.036-1.062 75.86-0.212 113.896-0.212 0-0 0-0 0-0.212z",\n
Action.c(140):             "M258.603 574.366c0 65.235-0.212 130.258 0.212 195.493 0 15.512-0.85 31.449-20.187
Action.c(140):      32.086-20.612 0.637-23.374-15.299-23.374-32.299 0.212-129.408 0.212-258.816 0-388.223 0-1
Action.c(140):     6.149 0.85-33.149 22.099-33.149 22.312 0 21.249 17.637 21.249 33.361 0 64.173 0 128.345 0 
Action.c(140):     192.73z",\n
Action.c(140):             "M556.517 574.154c0 64.173 0 128.133 0 192.305 0 16.787 0.637 35.486-22.312 35.274
Action.c(140):     -21.037-0.212-21.249-17.637-21.249-33.786 0.212-128.983 0.212-258.178 0-387.161 0-16.362 0
Action.c(140):     .85-33.149 22.312-32.511 21.674 0.425 21.249 17.849 21.249 33.786 0 63.96 0 127.92 0 192.0
Action.c(140):     93z",\n
Action.c(140):             "M364.637 573.941c0-64.173 0-128.345 0-192.73 0-15.512-1.062-33.361 21.462-33.149 
Action.c(140):     21.887 0.212 21.887 17.849 21.887 33.574 0 129.408 0 258.603 0 388.011 0 16.574-2.55 32.93
Action.c(140):     6-23.587 32.086-19.762-0.85-19.974-17.212-19.974-32.299 0.212-65.235 0.212-130.258 0.212-1
Action.c(140):     95.493z"\n
Action.c(140):           ],\n
Action.c(140):           "width": 770,\n
Action.c(140):           "grid": 32,\n
Action.c(140):           "tags": [\n
Action.c(140):             "trash-can-closed"\n
Action.c(140):           ],\n
Action.c(140):           "defaultCod
Action.c(140): t=21668ms: 12288-byte DECODED response body for "https://stage.peapod.com/shop/images/icons/PeapodIcons.json" (RelFrameId=1, Internal ID=13)
Action.c(140):     e": 59821\n
Action.c(140):         },\n
Action.c(140):         {\n
Action.c(140):           "paths": [\n
Action.c(140):             "M108.584 1016.138c-30.174-259.878-60.135-518.056-90.309-778.147 245.641 0 489.37 
Action.c(140):     0 735.436 0-28.261 259.665-56.31 518.056-84.572 778.147-186.781 0-372.074 0-560.554 0zM522
Action.c(140):     .731 878.655c-0.212 0-0.425 0-0.637 0 0 4.25 0 8.5 0 12.75-0.212 25.499 12.325 41.861 33.3
Action.c(140):     61 43.561 21.674 1.7 37.611-14.449 39.524-40.799 8.287-107.521 16.362-214.83 24.437-322.35
Action.c(140):     1 5.312-69.060 10.2-138.12 15.299-207.392 1.7-22.524-7.225-39.099-30.174-43.986-19.124-4.0
Action.c(140):     37-33.361 5.312-40.586 23.374-2.762 7.012-3.4 15.087-3.825 22.737-12.325 170.844-24.862 34
Action.c(140):     1.475-37.399 512.106zM254.991 895.017c-3.612-37.611-6.8-70.76-9.987-103.909-13.812-144.707
Action.c(140):     -27.624-289.414-41.436-434.122-1.7-17.849-10.412-30.599-28.899-34.849-26.349-6.162-46.111 
Action.c(140):     12.962-43.561 44.198 6.587 77.56 14.024 155.119 21.462 232.466 9.562 99.659 18.912 199.318
Action.c(140):      29.111 298.764 2.55 25.287 19.337 39.524 39.949 37.399 21.037-2.125 33.999-19.762 33.361-
Action.c(140):     39.949zM421.372 629.614c-0.425 0-0.85 0-1.275 0 0-89.034 0.212-178.281-0.212-267.315 0-27.
Action.c(140):     411-17.212-45.048-39.949-42.711-20.824 2.125-32.936 17.849-32.936 44.411 0 107.096 0.425 2
Action.c(140):     14.192 0.637 321.288 0.212 69.485 0 138.757 0.425 208.242 0.212 27.836 16.574 44.411 40.16
Action.c(140):     1 42.286 21.462-1.912 32.936-16.362 32.936-43.986 0.212-87.334 0.212-174.881 0.212-262.215
Action.c(140):     z",\n
Action.c(140):             "M62.473 230.129c-27.624 0.637-51.211-19.762-53.761-46.111s14.874-49.723 43.136-55
Action.c(140):     .035c41.223-7.65 82.659-14.237 123.883-21.249 9.35-1.487 18.487-4.462 27.836-4.462 22.524-
Action.c(140):     0.212 36.761-10.2 43.986-31.449 7.225-21.462 21.249-31.236 45.048-34.211 54.186-7.012 108.
Action.c(140):     159-16.574 161.707-27.624 23.374-4.887 39.949 3.825 55.46 17.424 18.062 15.724 36.549 20.1
Action.c(140):     87 60.985 14.662 43.986-10.2 89.034-16.362 133.87-23.799 29.536-4.887 54.823 11.687 60.135
Action.c(140):      38.461 5.95 30.174-11.050 55.885-43.348 61.41-217.38 37.399-434.759 74.372-652.351 111.55
Action.c(140):     8-2.337 0-5.1 0.212-6.587 0.425z"\n
Action.c(140):           ],\n
Action.c(140):           "width": 770,\n
Action.c(140):           "grid": 32,\n
Action.c(140):           "tags": [\n
Action.c(140):             "trash-can-open"\n
Action.c(140):           ],\n
Action.c(140):           "defaultCode": 59822\n
Action.c(140):         },\n
Action.c(140):         {\n
Action.c(140):           "paths": [\n
Action.c(140):             "M175.514 841.318c33.997 0 66.355 0 110.387 0-19.251-13.722-29.696-21.299-39.936-2
Action.c(140):     8.672-109.978-78.029-176.333-181.658-186.573-318.054-4.096-54.067 2.048-59.597 55.091-59.5
Action.c(140):     97 214.426-0.205 428.851 0 643.482 0 54.067 0 108.134 0.614 162.202-0.205 32.358-0.614 45.
Action.c(140):     466 13.312 43.827 45.875-6.349 130.048-60.211 234.906-162.816 314.778-9.011 6.963-18.432 1
Action.c(140):     3.312-27.648 19.866-9.011 6.144-18.022 12.288-36.659 24.781 43.418 0 76.39 0 111.206 0 0 2
Action.c(140):     3.142 0 41.574 0 62.259-224.051 0-446.669 0-672.154 0-0.41-18.842-0.41-37.069-0.41-61.030z
Action.c(140):     M124.928 499.712c11.264 184.115 189.85 334.438 392.192 331.162 199.066-3.072 373.76-155.03
Action.c(140):     4 379.29-331.162-257.229 0-514.253 0-771.482 0z",\n
Action.c(140):             "M740.352 941.261c0 19.046 0 35.43 0 55.296-151.757 0-302.899 0-456.499 0 0-17.613
Action.c(140):      0-34.611 0-55.296 150.323 0 301.67 0 456.499 0z",\n
Action.c(140):             "M676.864 52.224c-23.347 41.37-13.926 79.462 2.048 117.76 9.011 21.914 17.613 44.6
Action.c(140):     46 21.504 67.994 8.806 51.61-15.36 72.090-72.294 61.235 25.805-39.117 13.107-77.21-1.843-1
Action.c(140):     15.507-8.192-20.89-17.408-42.189-20.685-64.102-8.192-54.272 10.035-72.090 71.27-67.379z",\n
Action.c(140):             "M534.938 29.696c-23.347 41.37-13.926 79.462 2.048 117.76 9.011 21.914 17.613 44.6
Action.c(140):     46 21.504 67.994 8.806 51.61-15.36 72.090-72.294 61.235 25.805-39.117 13.107-77.21-1.843-1
Action.c(140):     15.507-8.192-20.89-17.408-42.189-20.685-64.102-8.192-54.272 10.035-72.090 71.27-67.379z",\n
Action.c(140):             "M393.626 55.501c-25.395 42.394-11.469 82.125 5.325 122.675 8.192 19.661 15.565 40
Action.c(140):     .346 18.227 61.235 6.963 53.248-11.674 70.246-70.042 63.078 27.238-48.128 7.168-91.75-10.8
Action.c(140):     54-135.987-5.734-13.926-10.035-28.672-12.698-43.418-9.83-56.115 10.24-75.981 70.042-67.584
Action.c(140):     z"\n
Action.c(140):           ],\n
Action.c(140):           "grid": 32,\n
Action.c(140):           "tags": [\n
Action.c(140):             "coffee"\n
Action.c(140):           ],\n
Action.c(140):           "defaultCode": 59823\n
Action.c(140):         },\n
Action.c(140):         {\n
Action.c(140):           "paths": [\n
Action.c(140):             "M14.071 995.019c4.62-54.812 8.61-104.794 13.231-154.776 9.45-103.324 17.431-207.0
Action.c(140):     68 29.611-309.972 17.641-149.526 155.406-236.469 298.422-190.687 4.2 1.26 8.19 2.73 13.231
Action.c(140):      4.2 15.331-21.211 18.691-38.642 1.26-62.792-42.212-58.592-72.663-123.695-83.793-195.518-3
Action.c(140):     .36-21.841 0.63-53.132 16.171-66.153 18.061-15.331 38.011-0.21 53.972 11.55 68.673 50.822 
Action.c(140):     85.473 121.805 77.073 202.028-1.89 17.011-5.46 33.811-8.4 51.452 27.091-18.271 51.662-38.0
Action.c(140):     11 78.753-52.712 37.591-20.371 77.703-22.051 114.034 3.57 11.55 8.19 26.251 25.201 24.571 
Action.c(140):     35.701-1.89 12.6-18.481 29.191-31.501 32.551-49.772 12.18-100.804 19.531-151.206 28.981-14
Action.c(140):     .491 2.73-29.401 4.62-43.472 9.030-19.321 5.88-21.001 15.331-6.72 28.561 118.025 110.884 1
Action.c(140):     07.104 271.961-24.991 365.414-114.664 81.063-229.539 161.916-344.413 242.979-7.14 4.83-14.
Action.c(140):     491 9.030-25.831 16.591zM51.032 932.856c79.173-55.862 154.566-109.204 232.689-164.226-21.6
Action.c(140):     31-15.961-28.561-20.791-48.092-34.651 0-28.981-0.63-13.441-0.21-36.331 19.951 13.441 42.84
Action.c(140):     2 32.551 61.322 42.422 5.67 3.15 15.331 7.35 18.691 4.83 35.911-25.201 75.813-45.782 103.9
Action.c(140):     54-83.163-24.151-14.281-45.362-27.091-67.833-40.532-0.21-16.591 0.21-15.121-0.42-30.031 23
Action.c(140):     .941 13.021 62.162 30.451 85.683 43.262 18.901-38.011 27.301-74.973 20.371-114.034-1.89-10
Action.c(140):     .080-10.080-21.631-18.901-27.511-25.831-17.011-53.342-31.711-81.273-47.882 0.63-24.571 0.8
Action.c(140):     4-16.591 0-35.701 20.791 11.34 55.652 32.551 77.913 44.522-44.942-101.224-200.558-131.255-
Action.c(140):     268.6-54.602 43.472 25.411 102.484 61.112 147.216 87.153-22.891 10.5-9.030 3.57-31.711 14.
Action.c(140):     911-48.512-27.931-139.445-80.433-148.056-80.013s-43.892 85.053-43.472 92.614c0.42 7.56 82.
Action.c(140):     113 49.142 114.244 67.833-23.521 9.24-13.441 4.2-36.751 14.911-28.561-15.961-54.602-30.241
Action.c(140):     -82.743-45.992-4.2 48.092-7.35 91.564-12.39 134.825-1.89 15.751 3.78 23.521 16.801 30.661 
Action.c(140):     31.711 17.221 62.792 36.121 94.924 55.022-22.471 9.24-12.18 4.62-32.131 14.701-33.391-19.1
Action.c(140):     11-49.562-26.881-84.213-46.412-5.25 54.182-10.080 103.534-14.701 153.096-1.050 11.55-1.26 
Action.c(140):     22.891-2.31 40.322zM394.605 266.71c28.981-103.324-11.34-202.028-82.113-220.299 5.88 80.433
Action.c(140):      38.011 149.316 82.113 220.299zM462.438 300.732c27.721-3.99 51.872-6.51 75.813-10.92s47.67
Action.c(140):     2-10.71 74.973-17.011c-43.682-40.322-105.634-27.511-150.786 27.931z",\n
Action.c(140):             "M461.808 234.999c6.3-50.192 16.171-94.084 42.842-132.305 20.371-29.191 46.622-38.
Action.c(140):     852 74.133-29.401 29.821 10.5 40.112 34.861 20.161 59.012-18.061 21.841-40.532 40.532-63.4
Action.c(140):     22 57.542-21.841 16.591-46.832 28.981-73.713 45.152zM582.143 110.674c-37.591-40.952-89.043
Action.c(140):      32.971-91.984 83.793 24.991-22.051 68.043-62.372 91.984-83.793z"\n
Action.c(140):           ],\n
Action.c(140):           "width": 655,\n
Action.c(140):           "grid": 32,\n
Action.c(140):           "tags": [\n
Action.c(140):             "carrot"\n
Action.c(140):           ],\n
Action.c(140):           "defaultCode": 59824\n
Action.c(140):         },\n
Action.c(140):         {\n
Action.c(140):           "paths": [\n
Action.c(140):             "M0 402.366h1024v219.493h-1024v-219.493z"\n
Action.c(140):           ],\n
Action.c(140):           "grid": 32,\n
Action.c(140):           "tags": [\n
Action.c(140):             "minus"\n
Action.c(140):           ],\n
Action.c(140):           "defaultCode": 59825\n
Action.c(140):         },\n
Action.c(140):         {\n
Action.c(140):           "paths": [\n
Action.c(140):             "M1024 402.366h-402.366v-402.366h-219.267v402.366h-402.366v219.267h402.366v402.366
Action.c(140):     h219.267v-402.366h402.366z"\n
Action.c(140):           ],\n
Action.c(140):           "grid": 32,\n
Action.c(140):           "tags": [\n
Action.c(140):             "plus"\n
Action.c(140):           ],\n
Action.c(140):           "defaultCode": 59826\n
Action.c(140):         },\n
Action.c(140):         {\n
Action.c(140):           "paths": [\n
Action.c(140):             "M676.231 676.231l-56.585-170.836-326.43-326.43-114.251 114.251 326.43 326.43 170.
Action.c(140):     836 56.585zM27.626 27.626c-31.563 31.563-31.563 82.687 0 114.251l84.084 84.084 114.251-114
Action.c(140):     .251-84.084-84.084c-31.563-31.563-82.687-31.563-114.251 0zM956.555 194.461h-450.207l63.508
Action.c(140):      63.508h386.699v698.586h-698.586v-386.699l-63.508-63.508v450.207c0 35.056 28.452 63.508 63
Action.c(140):     .508 63.508h698.586c35.056 0 63.508-28.452 63.508-63.508v-698.586c0-35.056-28.452-63.508-6
Action.c(140):     3.508-63.508z"\n
Action.c(140):           ],\n
Action.c(140):           "grid": 32,\n
Action.c(140):           "tags": [\n
Action.c(140):             "icon_pencil-edit"\n
Action.c(140):           ],\n
Action.c(140):           "defaultCode": 59827\n
Action.c(140):         },\n
Action.c(140):         {\n
Action.c(140):           "paths": [\n
Action.c(140):             "M251.182 1024v-1023.783h-81.742c-93.544 0-169.44 75.896-169.44 169.44v684.904c0 9
Action.c(140):     3.49 75.896 169.44 169.44 169.44h81.742z",\n
Action.c(140):             "M1002.022 0.217h218.81v1023.783h-218.81v-1023.783z",\n
Action.c(140):             "M566.675 0.217h160.724v1023.783h-160.724v-1023.783z",\n
Action.c(140):             "M819.103 0.217h91.487v1023.783h-91.487v-1023.783z",\n
Action.c(140):             "M342.236 0.217h136.472v1023.783h-136.472v-1023.783z",\n
Action.c(140):             "M1310.423 0.217v1023.783h68.642c93.76 0 169.71-75.95 169.71-169.656v-684.688c0-93
Action.c(140):     .76-75.95-169.656-169.71-169.656h-68.642v0.217z"\n
Action.c(140):           ],\n
Action.c(140):           "width": 1549,\n
Action.c(140):           "grid": 32,\n
Action.c(140):           "tags": [\n
Action.c(140):             "barcode"\n
Action.c(140):           ],\n
Action.c(140):           "defaultCode": 59828\n
Action.c(140):         },\n
Action.c(140):         {\n
Action.c(140):           "paths": [\n
Action.c(140):             "M967.476 0h-910.962c-0.003-0-0.007-0-0.010-0-31.206 0-56.504 25.298-56.504 56.504
Action.c(140):      0 0.004 0 0.007 0 0.011l-0 910.961c0 31.212 25.302 56.514 56.514 56.514 0 0 0 0 0 0h490.4
Action.c(140):     3v-396.54h-133.446v-154.541h133.446v-113.97c0-132.259 80.762-204.317 198.767-204.317 0.999
Action.c(140):     -0.003 2.182-0.005 3.365-0.005 40.823 0 81.123 2.234 120.787 6.585l-4.898 137.802h-81.837c
Action.c(140):     -64.163 0-76.594 30.494-76.594 75.233v98.672h153.035l-19.896 154.541h-133.119v396.54h260.9
Action.c(140):     23c31.209-0.006 56.508-25.305 56.514-56.513l0-910.962c0-31.212-25.302-56.514-56.514-56.514
Action.c(140):      0 0 0 0 0 0z"\n
Action.c(140):           ],\n
Action.c(140):           "grid": 32,\n
Action.c(140):           "tags": [\n
Action.c(140):             "social-facebook"\n
Action.c(140):           ],\n
Action.c(140):           "defaultCode": 59829\n
Action.c(140):         },\n
Action.c(140):         {\n
Action.c(140):           "paths": [\n
Action.c(140):             "M512 92.252c136.714 0 152.904 0.522 206.848 2.98 34.243 0.421 66.859 6.851 97.016
Action.c(140):      18.281 21.137 8.016 40.801 21.065 56.886 37.612 16.62 16.158 29.67 35.822 37.972 57.815 1
Action.c(140):     1.166 29.313 17.614 61.945 18.044 96.027 2.47 54.17 2.982 70.369 2.982 207.032s-0.522 152.
Action.c(140):     904-2.98 206.848c-0.421 34.243-6.851 66.859-18.281 97.016-16.957 42.834-51.738 77.614-95.3
Action.c(140):     7 94.82-29.37 11.203-62.002 17.652-96.084 18.082-54.17 2.47-70.359 2.982-207.032 2.982s-15
Action.c(140):     2.914-0.522-206.848-2.98c-34.243-0.421-66.859-6.851-97.016-18.281-21.137-8.016-40.801-21.0
Action.c(140):     65-56.886-37.612-16.62-16.158-29.669-35.822-37.972-57.815-11.166-29.313-17.614-61.945-18.0
Action.c(140):     44-96.027-2.459-54.129-2.982-70.318-2.982-207.032s0.522-152.904 2.98-206.848c0.421-34.243 
Action.c(140):     6.851-66.859 18.281-97.016 8.016-21.137 21.065-40.801 37.612-56.886 16.158-16.62 35.822-29
Action.c(140):     .669 57.815-37.972 29.313-11.166 61.945-17.614 96.027-18.044 54.129-2.459 70.318-2.982 207
Action.c(140):     .032-2.982zM512 0c-139.049 0-156.488 0.594-211.098 3.072-44.878 0.93-87.462 9.582-126.858 
Action.c(140):     24.675-32.914 12.71-63.166 32.797-88.075 58.151-25.427 24.981-45.514 55.233-58.509 89.005-
Action.c(140):     14.807 38.538-23.459 81.121-24.382 125.605-2.485 55.005-3.078 72.443-3.078 211.492s0.594 1
Action.c(140):     56.488 3.072 211.098c0.93 44.878 9.582 87.462 24.675 126.858 12.71 32.914 32.797 63.166 58
Action.c(140):     .151 88.075 24.981 25.427 55.233 45.514 89.005 58.509 38.538 14.807 81.121 23.459 125.605 
Action.c(140):     24.382 55.005 2.495 72.443 3.078 211.492 3.078s156.488-0.584 211.098-3.072c44.877-0.926 87
Action.c(140):     .461-9.575 126.858-24.664 66.402-26.322 119.98-79.903 146.547-147.11 14.844-38.594 23.496-
Action.c(140):     81.178 24.419-125.661 2.495-55.005 3.078-72.443 3.078-211.492s-0.594-156.488-3.072-211.098
Action.c(140):     c-0.926-44.877-9.575-87.461-24.664-126.858-12.71-32.914-32.797-63.166-58.151-88.074-24.981
Action.c(140):     -25.427-55.233-45.514-89.005-58.509-38.541-14.808-81.128-23.461-125.616-24.382-55.004-2.48
Action.c(140):     5-72.443-3.078-211.492-3.078v0z",\n
Action.c(140):             "M512 249.078c-145.208 0-262.922 117.714-262.922 262.922s117.714 262.922 262.922 2
Action.c(140):     62.922c145.208 0 262.922-117.714 262.922-262.922s-117.714-262.922-262.922-262.922c0 0 0 0 
Action.c(140):     0 0zM512 682.66c-94.258-0-170.67-76.412-170.67-170.67s76.412-170.67 170.67-170.67c94.258 0
Action.c(140):      170.67 76.412 170.67 170.67 0 0.004-0 0.007-0 0.011 0 94.258-76.412 170.67-170.67 170.67s
Action.c(140):     -170.67-76.412-170.67-170.67c0-94.258 76.412-170.67 170.67-170.67s170.67 76.412 170.67 170
Action.c(140):     .67c0 94.258-76.412 170.67-170.67 170.67z",\n
Action.c(140):             "M846.746 238.694c0 33.932-27.508 61.44-61.44 61.44s-61.44-27.508-61.44-61.44c0-33
Action.c(140):     .932 27.508-61.44 61.44-61.44s61.44 27.508 61.44 61.44z"\n
Action.c(140):           ],\n
Action.c(140):           "grid": 32,\n
Action.c(140):           "tags": [\n
Action.c(140):             "social-instagram"\n
Action.c(140):           ],\n
Action.c(140):           "defaultCode": 59830\n
Action.c(140):         },\n
Action.c(140):         {\n
Action.c(140):           "paths": [\n
Action.c(140):             "M512 0c-282.755 0.020-511.965 229.243-511.965 512 0 215.605 133.267 400.083 321.9
Action.c(140):     21 475.556-1.024-39.291-5.069-101.427 5.233-145.654 9.298-39.936 60.037-254.495 60.037-254
Action.c(140):     .495-9.715-21.739-15.373-47.11-15.373-73.803 0-0.776 0.005-1.552 0.014-2.326-0.001-71.071 
Action.c(140):     41.266-124.227 92.64-124.227 43.684 0 64.778 32.768 64.778 72.12 0 43.93-27.965 109.568-42
Action.c(140):     .404 170.476-12.063 50.964 25.6 92.518 75.776 92.518 91.003 0 160.952-95.949 160.952-234.4
Action.c(140):     96 0-122.583-88.064-208.302-213.862-208.302-145.674 0-231.188 109.271-231.188 222.208 0.07
Action.c(140):     3 43.926 14.354 84.503 38.492 117.394 2.174 2.182 3.748 5.873 3.748 9.932 0 1.495-0.213 2.
Action.c(140):     939-0.612 4.305-3.864 16.060-12.496 50.846-14.196 57.952-2.232 9.37-7.424 11.356-17.121 6.
Action.c(140):     851-63.857-29.737-103.834-123.228-103.834-198.298 0-161.516 117.35-309.832 3
Action.c(140): t=21709ms: 9006-byte DECODED response body for "https://stage.peapod.com/shop/images/icons/PeapodIcons.json" (RelFrameId=1, Internal ID=13)
Action.c(140):     38.299-309.832 177.613 0 315.638 126.566 315.638 295.711 0 176.456-111.258 318.464-265.687
Action.c(140):      318.464-51.876 0-100.659-26.952-117.35-58.788 0 0-25.672 97.761-31.898 121.713-11.561 44.
Action.c(140):     472-42.762 100.219-63.642 134.226 45.279 14.525 97.365 22.897 151.407 22.897 282.798 0 512
Action.c(140):     .051-229.253 512.051-512.051 0-282.729-229.142-511.94-511.845-512.051z"\n
Action.c(140):           ],\n
Action.c(140):           "grid": 32,\n
Action.c(140):           "tags": [\n
Action.c(140):             "social-pinterest"\n
Action.c(140):           ],\n
Action.c(140):           "defaultCode": 59831\n
Action.c(140):         },\n
Action.c(140):         {\n
Action.c(140):           "paths": [\n
Action.c(140):             "M1024 195.789c-35.134 16.006-75.89 27.655-118.631 32.883 41.412-26.112 74.068-66.
Action.c(140):     507 89.913-114.543-37.975 21.704-82.669 39.393-130.282 49.039-41.143-40.321-95.523-65.709-
Action.c(140):     155.833-65.709-116.139 0-210.289 94.149-210.289 210.289 0 16.842 1.98 33.221 5.72 48.918-1
Action.c(140):     75.301-10.454-329.246-93.617-432.462-219.869-18.725 29.21-29.289 65.648-29.289 104.554 0 7
Action.c(140):     2.591 36.776 136.593 92.713 174.39-34.356-0.656-66.981-10.26-95.46-26.344 1.044 1.423 1.04
Action.c(140):     4 2.293 1.044 3.184 0.020 101.321 71.718 185.89 167.145 205.76-15.19 4.913-34.201 7.601-53
Action.c(140):     .841 7.601-14.031 0-27.742-1.372-41.005-3.989 28.979 84.35 106.046 144.35 197.378 146.126-
Action.c(140):     70.71 56.065-161.421 89.931-260.041 89.931-0.234 0-0.468-0-0.703-0.001-0.009 0-0.062 0-0.1
Action.c(140):     15 0-17.607 0-34.966-1.064-52.015-3.131 92.912 59.387 204.104 94.585 323.518 94.585 0.201 
Action.c(140):     0 0.402-0 0.603-0 386.396 0 597.708-320.123 597.708-597.739q0-13.66-0.604-27.177c41.28-30.
Action.c(140):     074 76.063-66.109 103.865-107.249z"\n
Action.c(140):           ],\n
Action.c(140):           "grid": 32,\n
Action.c(140):           "tags": [\n
Action.c(140):             "social-twitter"\n
Action.c(140):           ],\n
Action.c(140):           "defaultCode": 59832\n
Action.c(140):         },\n
Action.c(140):         {\n
Action.c(140):           "paths": [\n
Action.c(140):             "M1013.76 308.972s-10.004-70.564-40.704-101.642c-38.912-40.786-82.586-40.96-102.60
Action.c(140):     5-43.377-143.278-10.353-358.226-10.353-358.226-10.353h-0.451s-214.938 0-358.236 10.363c-20
Action.c(140):     .019 2.386-63.652 2.591-102.605 43.377-30.7 31.068-40.694 101.632-40.694 101.632-6.044 49.
Action.c(140):     239-9.75 106.767-10.236 165.063l-0.004 78.363c0.49 58.965 4.197 116.489 10.955 173.076s9.2
Action.c(140):     79 63.212 39.979 94.29c38.912 40.786 90.112 39.496 112.906 43.766 81.92 7.854 348.16 10.24
Action.c(140):      348.16 10.24s215.173-0.328 358.461-10.68c20.019-2.386 63.662-2.591 102.605-43.377 30.72-3
Action.c(140):     1.078 40.704-101.642 40.704-101.642 6.039-49.233 9.745-106.76 10.236-165.055l0.004-78.309c
Action.c(140):     -0.498-58.978-4.209-116.505-10.966-173.096zM406.282 646.533v-287.744l276.685 144.384z"\n
Action.c(140):           ],\n
Action.c(140):           "grid": 32,\n
Action.c(140):           "tags": [\n
Action.c(140):             "social-youtube"\n
Action.c(140):           ],\n
Action.c(140):           "defaultCode": 59833\n
Action.c(140):         },\n
Action.c(140):         {\n
Action.c(140):           "paths": [\n
Action.c(140):             "M705.272 335.682l-166.146-335.682-166.146 335.682-372.98 54.252 267.868 261.086-6
Action.c(140):     1.033 372.98 332.291-176.318 332.291 176.318-64.424-369.589 267.868-261.086-369.589-57.642
Action.c(140):     z"\n
Action.c(140):           ],\n
Action.c(140):           "width": 1075,\n
Action.c(140):           "grid": 32,\n
Action.c(140):           "tags": [\n
Action.c(140):             "icon_star"\n
Action.c(140):           ],\n
Action.c(140):           "defaultCode": 59834\n
Action.c(140):         },\n
Action.c(140):         {\n
Action.c(140):           "paths": [\n
Action.c(140):             "M832 0h-768c-35.328 0-64 28.672-64 64v896c0 35.328 28.672 64 64 64h768c35.328 0 6
Action.c(140):     4-28.672 64-64v-896c0-35.328-28.672-64-64-64zM64 64h128v896h-128v-896zM832 960h-576v-896h5
Action.c(140):     76v896zM443.584 343.488c-0.032 53.504 43.328 96.928 96.832 96.96s96.928-43.328 96.96-96.83
Action.c(140):     2c0-0.032 0-0.096 0-0.128 0.032-53.504-43.328-96.928-96.832-96.96s-96.928 43.328-96.96 96.
Action.c(140):     832c0 0.032 0 0.096 0 0.128zM542.464 479.104c-87.488 0-158.464 95.168-158.464 212.544s316.
Action.c(140):     992 117.376 316.992 0-70.976-212.544-158.528-212.544zM960 64h64v192h-64v-192zM960 320h64v1
Action.c(140):     92h-64v-192zM960 576h64v192h-64v-192z"\n
Action.c(140):           ],\n
Action.c(140):           "grid": 32,\n
Action.c(140):           "tags": [\n
Action.c(140):             "icon_contacts_alt"\n
Action.c(140):           ],\n
Action.c(140):           "defaultCode": 59835\n
Action.c(140):         },\n
Action.c(140):         {\n
Action.c(140):           "paths": [\n
Action.c(140):             "M300.8 83.2c-60.8 0-108.8 3.2-137.6 3.2h-25.6c-64 0-99.2-3.2-105.6-3.2-19.2 0-25.
Action.c(140):     6 6.4-25.6 16 0 19.2 22.4 12.8 57.6 19.2 28.8 6.4 32 16 32 51.2v499.2c0 54.4 0 67.2-41.6 7
Action.c(140):     6.8-28.8 3.2-54.4-3.2-54.4 16 0 9.6 9.6 19.2 28.8 19.2s60.8-6.4 124.8-6.4c70.4 0 112 6.4 1
Action.c(140):     31.2 6.4s28.8-6.4 28.8-19.2c0-22.4-25.6-12.8-51.2-19.2-41.6-9.6-41.6-25.6-41.6-76.8v-166.4
Action.c(140):     c0-16 3.2-22.4 12.8-22.4 6.4 0 44.8 25.6 128 12.8 96-16 179.2-96 179.2-204.8 0-131.2-83.2-
Action.c(140):     201.6-240-201.6v0zM291.2 454.4c-41.6 0-70.4-12.8-70.4-41.6v-243.2c0-41.6 9.6-54.4 64-54.4 
Action.c(140):     67.2 0 124.8 70.4 124.8 166.4 0 89.6-48 172.8-118.4 172.8v0z",\n
Action.c(140):             "M684.8 496h294.4c32 0 48-3.2 48-25.6 0-89.6-76.8-198.4-211.2-198.4-160 0-268.8 10
Action.c(140):     5.6-268.8 265.6s99.2 265.6 252.8 265.6c80 0 140.8-25.6 188.8-70.4 25.6-22.4 35.2-38.4 35.2
Action.c(140):     -51.2 0-9.6-3.2-12.8-12.8-12.8s-54.4 64-156.8 64c-118.4 0-185.6-99.2-185.6-211.2v-9.6c0-12
Action.c(140):     .8 3.2-16 16-16v0zM678.4 451.2l3.2-19.2c12.8-57.6 32-128 134.4-128 80 0 89.6 60.8 89.6 99.
Action.c(140):     2 0 64-32 57.6-118.4 57.6h-89.6c-12.8 0-19.2-3.2-19.2-9.6v0 0z",\n
Action.c(140):             "M1574.4 720c0-9.6-6.4-16-16-16-16 0-32 25.6-54.4 25.6-28.8 0-35.2-25.6-35.2-73.6v
Action.c(140):     -256c0-92.8-22.4-128-134.4-128-147.2 0-249.6 89.6-249.6 153.6 0 9.6 9.6 19.2 25.6 19.2 54.
Action.c(140):     4 0 70.4-28.8 92.8-67.2 25.6-48 48-73.6 96-73.6 44.8 0 54.4 25.6 54.4 89.6v48c0 16 0 22.4-
Action.c(140):     16 25.6l-35.2 12.8c-140.8 54.4-217.6 102.4-217.6 198.4 0 54.4 25.6 118.4 96 118.4 51.2 0 8
Action.c(140):     9.6-25.6 137.6-57.6l28.8-19.2h6.4c19.2 48 54.4 76.8 92.8 76.8 60.8 3.2 128-54.4 128-76.8v0
Action.c(140):     zM1356.8 630.4c0 54.4-48 96-96 96-51.2 0-64-41.6-64-86.4 0-48 38.4-99.2 92.8-118.4l44.8-19
Action.c(140):     .2c6.4-3.2 12.8-3.2 12.8-3.2 3.2 0 6.4 3.2 6.4 12.8v118.4h3.2z",\n
Action.c(140):             "M1929.6 272c-60.8 0-108.8 19.2-153.6 64l-16 12.8c-3.2 3.2-6.4 6.4-9.6 6.4s-6.4-3.
Action.c(140):     2-6.4-6.4v-54.4c0-16-3.2-22.4-12.8-22.4-12.8 0-38.4 32-96 60.8-35.2 19.2-64 19.2-64 38.4s2
Action.c(140):     2.4 9.6 38.4 19.2c19.2 6.4 22.4 19.2 22.4 51.2v499.2c0 28.8-6.4 38.4-28.8 48-28.8 9.6-51.2
Action.c(140):      0-51.2 25.6 0 9.6 6.4 16 22.4 16 19.2 0 57.6-6.4 115.2-6.4 48 0 89.6 6.4 124.8 6.4 19.2 0
Action.c(140):      28.8-6.4 28.8-16 0-25.6-25.6-16-60.8-25.6-28.8-6.4-32-16-32-48v-156.8l6.4-3.2c38.4 16 76.
Action.c(140):     8 25.6 118.4 25.6 166.4 0 281.6-118.4 281.6-278.4-0-150.4-99.2-256-227.2-256v0zM1859.2 768
Action.c(140):     c-70.4 0-112-35.2-112-102.4v-204.8c0-73.6 35.2-108.8 112-108.8 108.8 0 182.4 80 182.4 208-
Action.c(140):     0 121.6-76.8 208-182.4 208z",\n
Action.c(140):             "M3376 704c-6.4 0-22.4 22.4-41.6 22.4-9.6 0-19.2-12.8-19.2-44.8v-572.8c0-28.8 3.2-
Action.c(140):     54.4 3.2-73.6 0-16-3.2-22.4-16-22.4-9.6 0-38.4 22.4-99.2 38.4-38.4 9.6-64 12.8-64 28.8 0 9
Action.c(140):     .6 19.2 9.6 41.6 19.2 19.2 9.6 22.4 16 22.4 41.6v131.2c0 9.6-3.2 16-9.6 16h-3.2l-19.2-6.4c
Action.c(140):     -22.4-6.4-54.4-12.8-92.8-12.8-160 0-281.6 118.4-281.6 272 0 150.4 108.8 256 252.8 256 92.8
Action.c(140):      0 144-51.2 150.4-51.2 9.6 0 12.8 48 32 48 9.6 0 51.2-22.4 121.6-41.6 22.4-6.4 35.2-6.4 35
Action.c(140):     .2-32-0-9.6-6.4-16-12.8-16v0zM3206.4 640c0 76.8-6.4 108.8-86.4 108.8-121.6 0-195.2-80-195.
Action.c(140):     2-208 0-144 76.8-236.8 172.8-236.8s108.8 54.4 108.8 166.4v169.6z",\n
Action.c(140):             "M2755.2 528c0 153.6-124.8 278.4-278.4 278.4s-278.4-124.8-278.4-278.4c0-153.6 124.
Action.c(140):     8-278.4 278.4-278.4s278.4 124.8 278.4 278.4z",\n
Action.c(140):             "M3456 128c-35.2 0-64-28.8-64-64s28.8-64 64-64c35.2 0 64 28.8 64 64s-28.8 64-64 64
Action.c(140):     zM3456 9.6c-28.8 0-54.4 25.6-54.4 54.4s25.6 54.4 54.4 54.4c28.8 0 54.4-25.6 54.4-54.4s-25.
Action.c(140):     6-54.4-54.4-54.4zM3472 102.4l-19.2-28.8h-12.8v28.8h-9.6v-73.6h28.8c12.8 0 22.4 9.6 22.4 22
Action.c(140):     .4 0 16-16 22.4-19.2 22.4l19.2 28.8h-9.6zM3462.4 35.2h-19.2v28.8h19.2c6.4 0 12.8-6.4 12.8-
Action.c(140):     12.8-0-9.6-6.4-16-12.8-16z"\n
Action.c(140):           ],\n
Action.c(140):           "attrs": [\n
Action.c(140):             {\n
Action.c(140):               "fill": "rgb(51, 51, 51)"\n
Action.c(140):             },\n
Action.c(140):             {\n
Action.c(140):               "fill": "rgb(51, 51, 51)"\n
Action.c(140):             },\n
Action.c(140):             {\n
Action.c(140):               "fill": "rgb(54, 54, 54)"\n
Action.c(140):             },\n
Action.c(140):             {\n
Action.c(140):               "fill": "rgb(51, 51, 51)"\n
Action.c(140):             },\n
Action.c(140):             {\n
Action.c(140):               "fill": "rgb(51, 51, 51)"\n
Action.c(140):             },\n
Action.c(140):             {\n
Action.c(140):               "fill": "rgb(94, 160, 0)"\n
Action.c(140):             },\n
Action.c(140):             {\n
Action.c(140):               "fill": "rgb(51, 51, 51)"\n
Action.c(140):             }\n
Action.c(140):           ],\n
Action.c(140):           "isMulticolor": true,\n
Action.c(140):           "width": 3520,\n
Action.c(140):           "grid": 32,\n
Action.c(140):           "tags": [\n
Action.c(140):             "peapod-logo-2c"\n
Action.c(140):           ],\n
Action.c(140):           "defaultCode": 59648\n
Action.c(140):         },\n
Action.c(140):         {\n
Action.c(140):           "paths": [\n
Action.c(140):             "M3633.096 780.274v-506.74h266.521c96.438 0 145.534 61.37 145.534 129.753 0 63.123
Action.c(140):     -40.329 106.959-87.671 115.726 54.356 8.767 98.192 61.37 98.192 124.493 0 75.397-50.849 13
Action.c(140):     6.767-147.288 136.767h-275.288zM3934.685 420.822c0-31.562-22.795-56.11-59.616-56.11h-135.0
Action.c(140):     14v110.466h135.014c36.822 1.753 59.616-21.041 59.616-54.356zM3945.205 627.726c0-31.562-22.
Action.c(140):     795-59.616-64.877-59.616h-138.521v117.479h138.521c40.329 1.753 64.877-21.041 64.877-57.863
Action.c(140):     z",\n
Action.c(140):             "M4378.301 780.274v-45.589c-24.548 28.055-68.384 56.11-129.753 56.11-80.658 0-119.
Action.c(140):     233-43.836-119.233-115.726v-261.26h96.438v222.685c0 50.849 26.301 68.384 68.384 68.384 36.
Action.c(140):     822 0 66.63-21.041 84.164-42.082v-248.986h96.438v368.219l-96.438-1.753z",\n
Action.c(140):             "M4536.109 732.932l42.082-68.384c26.301 24.548 80.658 50.849 126.247 50.849 42.082
Action.c(140):      0 61.37-17.534 61.37-40.329 0-24.548-33.315-31.562-73.644-40.329-63.123-12.274-143.781-28
Action.c(140):     .055-143.781-115.726 0-61.37 54.356-115.726 150.795-115.726 63.123 0 112.219 21.041 149.04
Action.c(140):     1 50.849l-38.575 66.63c-22.795-22.795-63.123-42.082-108.712-42.082-35.068 0-57.863 15.781-
Action.c(140):     57.863 36.822s28.055 28.055 70.137 35.068c63.123 12.274 147.288 29.808 147.288 120.986 0 6
Action.c(140):     6.63-57.863 117.479-159.562 117.479-64.877-0-126.247-21.041-164.822-56.11z",\n
Action.c(140):             "M4916.603 315.616c0-31.562 26.301-57.863 57.863-57.863s57.863 24.548 57.863 57.86
Action.c(140):     3c0 31.562-26.301 57.863-57.863 57.863s-57.863-26.301-57.863-57.863zM4927.123 780.274v-368
Action.c(140):     .219h96.438v368.219h-96.438z",\n
Action.c(140):             "M5363.726 780.274v-220.932c0-50.849-26.301-68.384-68.384-68.384-38.575 
Action.c(140): t=21748ms: 4093-byte ENCODED response body received for "https://stage.peapod.com/shop/images/icons/PeapodIcons.json" (RelFrameId=1, Internal ID=13)
Action.c(140): t=21748ms: 12288-byte DECODED response body for "https://stage.peapod.com/shop/images/icons/PeapodIcons.json" (RelFrameId=1, Internal ID=13)
Action.c(140):     0-68.384 21.041-84.164 43.836v247.233h-96.438v-368.219h96.438v47.342c22.795-28.055 68.384-
Action.c(140):     57.863 128-57.863 80.658 0 119.233 45.589 119.233 117.479v259.507h-94.685z",\n
Action.c(140):             "M5528.548 596.164c0-106.959 78.904-192.877 189.37-192.877 108.712 0 184.11 82.411
Action.c(140):      184.11 201.644v21.041h-273.534c5.26 45.589 43.836 85.918 105.205 85.918 31.562 0 75.397-1
Action.c(140):     4.027 98.192-36.822l42.082 63.123c-36.822 33.315-94.685 50.849-150.795 50.849-110.466 0-19
Action.c(140):     4.63-73.644-194.63-192.877zM5717.918 480.438c-59.616 0-85.918 45.589-91.178 80.658h180.603
Action.c(140):     c-0-33.315-24.548-80.658-89.425-80.658z",\n
Action.c(140):             "M5937.096 732.932l42.082-68.384c26.301 24.548 80.658 50.849 126.247 50.849 42.082
Action.c(140):      0 61.37-17.534 61.37-40.329 0-24.548-33.315-31.562-73.644-40.329-63.123-12.274-143.781-28
Action.c(140):     .055-143.781-115.726 0-61.37 54.356-115.726 150.795-115.726 63.123 0 112.219 21.041 149.04
Action.c(140):     1 50.849l-38.575 66.63c-22.795-22.795-63.123-42.082-108.712-42.082-35.068 0-57.863 15.781-
Action.c(140):     57.863 36.822s28.055 28.055 70.137 35.068c63.123 12.274 147.288 29.808 147.288 120.986 0 6
Action.c(140):     6.63-57.863 117.479-159.562 117.479-64.877-0-126.247-21.041-164.822-56.11z",\n
Action.c(140):             "M6296.548 732.932l42.082-68.384c26.301 24.548 80.658 50.849 126.247 50.849 42.082
Action.c(140):      0 61.37-17.534 61.37-40.329 0-24.548-33.315-31.562-73.644-40.329-63.123-12.274-143.781-28
Action.c(140):     .055-143.781-115.726 0-61.37 54.356-115.726 150.795-115.726 63.123 0 112.219 21.041 149.04
Action.c(140):     1 50.849l-38.575 66.63c-22.795-22.795-63.123-42.082-108.712-42.082-35.068 0-57.863 15.781-
Action.c(140):     57.863 36.822s28.055 28.055 70.137 35.068c63.123 12.274 147.288 29.808 147.288 120.986 0 6
Action.c(140):     6.63-57.863 117.479-159.562 117.479-64.877-0-126.247-21.041-164.822-56.11z",\n
Action.c(140):             "M6880.438 780.274v-506.74h199.89c159.562 0 270.027 101.699 270.027 254.247s-110.4
Action.c(140):     66 254.247-270.027 254.247l-199.89-1.753zM7239.89 527.781c0-89.425-54.356-159.562-159.562-
Action.c(140):     159.562h-92.932v317.37h92.932c101.699 0 159.562-71.89 159.562-157.808z",\n
Action.c(140):             "M7397.698 596.164c0-106.959 78.904-192.877 189.37-192.877 108.712 0 184.11 82.411
Action.c(140):      184.11 201.644v21.041h-273.534c5.26 45.589 43.836 85.918 105.205 85.918 31.562 0 75.397-1
Action.c(140):     4.027 98.192-36.822l42.082 63.123c-36.822 33.315-94.685 50.849-150.795 50.849-110.466 0-19
Action.c(140):     4.63-73.644-194.63-192.877zM7587.068 480.438c-59.616 0-85.918 45.589-91.178 80.658h180.603
Action.c(140):     c0-33.315-24.548-80.658-89.425-80.658z",\n
Action.c(140):             "M7837.808 780.274v-506.74h96.438v506.74h-96.438z",\n
Action.c(140):             "M8016.657 315.616c0-31.562 26.301-57.863 57.863-57.863s57.863 24.548 57.863 57.86
Action.c(140):     3c0 31.562-26.301 57.863-57.863 57.863s-57.863-26.301-57.863-57.863zM8027.178 780.274v-368
Action.c(140):     .219h96.438v368.219h-96.438z",\n
Action.c(140):             "M8311.233 780.274l-147.288-368.219h103.452l96.438 256 96.438-256h103.452l-147.288
Action.c(140):      368.219h-105.205z",\n
Action.c(140):             "M8577.753 596.164c0-106.959 78.904-192.877 189.37-192.877 108.712 0 184.11 82.411
Action.c(140):      184.11 201.644v21.041h-271.781c5.26 45.589 43.836 85.918 105.205 85.918 31.562 0 75.397-1
Action.c(140):     4.027 98.192-36.822l42.082 63.123c-36.822 33.315-94.685 50.849-150.795 50.849-112.219 0-19
Action.c(140):     6.384-73.644-196.384-192.877zM8768.876 480.438c-59.616 0-85.918 45.589-91.178 80.658h180.6
Action.c(140):     03c-1.753-33.315-26.301-80.658-89.425-80.658z",\n
Action.c(140):             "M9019.616 780.274v-368.219h96.438v50.849c26.301-33.315 71.89-59.616 117.479-59.61
Action.c(140):     6v94.685c-7.014-1.753-15.781-1.753-26.301-1.753-31.562 0-75.397 17.534-91.178 42.082v241.9
Action.c(140):     73h-96.438z",\n
Action.c(140):             "M9289.644 838.137c8.767 3.507 21.041 5.26 29.808 5.26 24.548 0 42.082-7.014 50.84
Action.c(140):     9-26.301l14.027-31.562-149.041-373.479h103.452l96.438 256 96.438-256h103.452l-171.836 429.
Action.c(140):     589c-28.055 68.384-75.397 87.671-138.521 89.425-12.274 0-35.068-1.753-47.342-5.26l12.274-8
Action.c(140):     7.671z",\n
Action.c(140):             "M299.836 82.411c-61.37 0-105.205 3.507-136.767 3.507h-26.301c-64.877 0-99.945-3.5
Action.c(140):     07-106.959-3.507-17.534 0-26.301 5.26-26.301 15.781 0 19.288 22.795 14.027 57.863 19.288 2
Action.c(140):     9.808 5.26 33.315 15.781 33.315 50.849v497.973c0 52.603 0 68.384-40.329 75.397-28.055 5.26
Action.c(140):     -52.603-1.753-52.603 19.288 0 10.521 10.521 17.534 28.055 17.534 19.288 0 61.37-7.014 126.
Action.c(140):     247-7.014 70.137 0 112.219 7.014 129.753 7.014 19.288 0 28.055-7.014 28.055-17.534 0-21.04
Action.c(140):     1-24.548-14.027-52.603-19.288-42.082-8.767-42.082-24.548-42.082-77.151v-166.575c0-14.027 3
Action.c(140):     .507-22.795 14.027-22.795 7.014 0 45.589 26.301 126.247 14.027 96.438-15.781 180.603-94.68
Action.c(140):     5 180.603-205.151-0-129.753-82.411-201.644-240.219-201.644v0zM291.068 452.384c-40.329 0-71
Action.c(140):     .89-12.274-71.89-42.082v-241.973c0-42.082 10.521-54.356 64.877-54.356 68.384 0 126.247 70.
Action.c(140):     137 126.247 164.822-0 91.178-50.849 173.589-119.233 173.589v0z",\n
Action.c(140):             "M683.836 496.219h294.575c33.315 0 45.589-5.26 45.589-24.548 0-91.178-77.151-198.1
Action.c(140):     37-212.164-198.137-159.562 0-266.521 105.205-266.521 264.767s99.945 263.014 252.493 263.01
Action.c(140):     4c78.904 0 138.521-24.548 189.37-70.137 24.548-21.041 35.068-38.575 35.068-49.096 0-8.767-
Action.c(140):     3.507-12.274-10.521-12.274-8.767 0-54.356 64.877-157.808 64.877-117.479 0-184.11-98.192-18
Action.c(140):     4.11-210.411v-8.767c0-17.534 1.753-19.288 14.027-19.288v0zM678.575 448.877l3.507-17.534c14
Action.c(140):     .027-57.863 31.562-128 133.26-128 80.658 0 89.425 59.616 89.425 99.945 0 63.123-31.562 57.
Action.c(140):     863-119.233 57.863h-89.425c-10.521 0-15.781-3.507-15.781-8.767l-1.753-3.507z",\n
Action.c(140):             "M1571.068 720.658c0-10.521-5.26-15.781-15.781-15.781-15.781 0-33.315 24.548-54.35
Action.c(140):     6 24.548-28.055 0-33.315-24.548-33.315-73.644v-257.753c0-91.178-22.795-126.247-133.26-126.
Action.c(140):     247-147.288 0-250.74 87.671-250.74 154.301 0 10.521 10.521 19.288 26.301 19.288 54.356 0 7
Action.c(140):     1.89-28.055 92.932-66.63 26.301-45.589 49.096-71.89 96.438-71.89 45.589 0 54.356 24.548 54
Action.c(140):     .356 87.671v47.342c0 15.781-1.753 21.041-15.781 26.301l-35.068 14.027c-142.027 54.356-219.
Action.c(140):     178 103.452-219.178 196.384 0 54.356 26.301 119.233 96.438 119.233 49.096 0 91.178-26.301 
Action.c(140):     138.521-57.863l29.808-19.288h7.014c19.288 49.096 52.603 77.151 94.685 77.151 56.11 0 120.9
Action.c(140):     86-56.11 120.986-77.151v0zM1357.151 631.233c0 54.356-49.096 96.438-96.438 96.438-52.603 0-
Action.c(140):     63.123-42.082-63.123-87.671 0-47.342 38.575-98.192 91.178-119.233l45.589-17.534c7.014-3.50
Action.c(140):     7 12.274-5.26 14.027-5.26 3.507 0 7.014 5.26 7.014 14.027v119.233h1.753z",\n
Action.c(140):             "M1927.014 273.534c-59.616 0-106.959 19.288-154.301 63.123l-14.027 14.027c-3.507 3
Action.c(140):     .507-7.014 5.26-10.521 5.26s-5.26-1.753-5.26-7.014v-54.356c0-15.781-3.507-22.795-14.027-22
Action.c(140):     .795-12.274 0-36.822 31.562-96.438 61.37-36.822 15.781-64.877 17.534-64.877 35.068s22.795 
Action.c(140):     10.521 38.575 17.534c17.534 7.014 22.795 19.288 22.795 49.096v499.726c0 29.808-5.26 40.329
Action.c(140):     -28.055 47.342-29.808 10.521-52.603 0-52.603 24.548 0 10.521 7.014 15.781 22.795 15.781 19
Action.c(140):     .288 0 57.863-7.014 113.973-7.014 47.342 0 89.425 7.014 124.493 7.014 19.288 0 28.055-7.01
Action.c(140):     4 28.055-15.781 0-24.548-26.301-14.027-61.37-24.548-28.055-7.014-33.315-15.781-33.315-47.3
Action.c(140):     42v-157.808l7.014-3.507c36.822 15.781 75.397 24.548 119.233 24.548 166.575 0 282.301-117.4
Action.c(140):     79 282.301-277.041 1.753-145.534-96.438-247.233-224.438-247.233v0zM1855.123 766.247c-71.89
Action.c(140):      0-112.219-35.068-112.219-103.452v-205.151c0-73.644 35.068-108.712 112.219-108.712 108.712
Action.c(140):      0 182.356 78.904 182.356 206.904 0 122.74-73.644 210.411-182.356 210.411z",\n
Action.c(140):             "M3371.836 703.123c-7.014 0-22.795 21.041-42.082 21.041-10.521 0-17.534-14.027-17.
Action.c(140):     534-43.836v-571.616c0-28.055 5.26-54.356 5.26-75.397 0-14.027-5.26-21.041-17.534-21.041-8.
Action.c(140):     767 0-38.575 22.795-99.945 40.329-38.575 10.521-63.123 12.274-63.123 28.055 0 10.521 19.28
Action.c(140):     8 10.521 40.329 19.288 19.288 8.767 21.041 15.781 21.041 43.836v129.753c0 10.521-5.26 15.7
Action.c(140):     81-10.521 15.781h-3.507l-17.534-5.26c-21.041-7.014-54.356-12.274-92.932-12.274-159.562 0-2
Action.c(140):     82.301 117.479-282.301 271.781 0 150.795 108.712 254.247 252.493 254.247 92.932 0 142.027-
Action.c(140):     49.096 150.795-49.096 10.521 0 14.027 47.342 33.315 47.342 10.521 0 49.096-22.795 120.986-
Action.c(140):     43.836 21.041-5.26 35.068-7.014 35.068-33.315-0-8.767-7.014-15.781-12.274-15.781v0zM3200 6
Action.c(140):     40c0 77.151-5.26 108.712-85.918 108.712-120.986 0-194.63-78.904-194.63-206.904 0-142.027 7
Action.c(140):     7.151-236.712 173.589-236.712 94.685 0 108.712 54.356 108.712 164.822v170.082z",\n
Action.c(140):             "M2751.123 526.027c0 154.301-124.493 278.795-278.795 278.795s-278.795-124.493-278.
Action.c(140):     795-278.795c0-154.301 124.493-278.795 278.795-278.795s278.795 126.247 278.795 278.795z",\n
Action.c(140):             "M3450.74 128c-35.068 0-63.123-28.055-63.123-64.877 0-35.068 28.055-64.877 63.123-
Action.c(140):     64.877s64.877 28.055 64.877 64.877c0 36.822-28.055 64.877-64.877 64.877zM3450.74 10.521c-2
Action.c(140):     9.808 0-54.356 24.548-54.356 54.356s24.548 54.356 54.356 54.356c29.808 0 54.356-24.548 54.
Action.c(140):     356-54.356 0-31.562-24.548-54.356-54.356-54.356zM3468.274 101.699l-19.288-29.808h-12.274v2
Action.c(140):     9.808h-10.521v-73.644h29.808c12.274 0 24.548 8.767 24.548 22.795 0 15.781-14.027 21.041-19
Action.c(140):     .288 21.041l19.288 29.808h-12.274zM3456 36.822h-19.288v26.301h19.288c7.014 0 14.027-5.26 1
Action.c(140):     4.027-12.274 0-8.767-7.014-14.027-14.027-14.027z"\n
Action.c(140):           ],\n
Action.c(140):           "attrs": [\n
Action.c(140):             {\n
Action.c(140):               "fill": "rgb(99, 167, 10)"\n
Action.c(140):             },\n
Action.c(140):             {\n
Action.c(140):               "fill": "rgb(99, 167, 10)"\n
Action.c(140):             },\n
Action.c(140):             {\n
Action.c(140):               "fill": "rgb(99, 167, 10)"\n
Action.c(140):             },\n
Action.c(140):             {\n
Action.c(140):               "fill": "rgb(99, 167, 10)"\n
Action.c(140):             },\n
Action.c(140):             {\n
Action.c(140):               "fill": "rgb(99, 167, 10)"\n
Action.c(140):             },\n
Action.c(140):             {\n
Action.c(140):               "fill": "rgb(99, 167, 10)"\n
Action.c(140):             },\n
Action.c(140):             {\n
Action.c(140):               "fill": "rgb(99, 167, 10)"\n
Action.c(140):             },\n
Action.c(140):             {\n
Action.c(140):               "fill": "rgb(99, 167, 10)"\n
Action.c(140):             },\n
Action.c(140):             {\n
Action.c(140):               "fill": "rgb(99, 167, 10)"\n
Action.c(140):             },\n
Action.c(140):             {\n
Action.c(140):               "fill": "rgb(99, 167, 10)"\n
Action.c(140):             },\n
Action.c(140):             {\n
Action.c(140):               "fill": "rgb(99, 167, 10)"\n
Action.c(140):             },\n
Action.c(140):             {\n
Action.c(140):               "fill": "rgb(99, 167, 10)"\n
Action.c(140):             },\n
Action.c(140):             {\n
Action.c(140):               "fill": "rgb(99, 167, 10)"\n
Action.c(140):             },\n
Action.c(140):             {\n
Action.c(140):               "fill": "rgb(99, 167, 10)"\n
Action.c(140):             },\n
Action.c(140):             {\n
Action.c(140):               "fill": "rgb(99, 167, 10)"\n
Action.c(140):             },\n
Action.c(140):             {\n
Action.c(140):               "fill": "rgb(99, 167, 10)"\n
Action.c(140):             },\n
Action.c(140):             {\n
Action.c(140):               "fill": "rgb(51, 51, 51)"\n
Action.c(140):             },\n
Action.c(140):             {\n
Action.c(140):               "fill": "rgb(51, 51, 51)"\n
Action.c(140):             },\n
Action.c(140):             {\n
Action.c(140):               "fill": "rgb(54, 54, 54)"\n
Action.c(140):             },\n
Action.c(140):             {\n
Action.c(140):               "fill": "rgb(51, 51, 51)"\n
Action.c(140):             },\n
Action.c(140):             {\n
Action.c(140):               "fill": "rgb(51, 51, 51)"\n
Action.c(140):             },\n
Action.c(140):             {\n
Action.c(140):               "fill": "rgb(94, 160, 0)"\n
Action.c(140):             },\n
Action.c(140):             {\n
Action.c(140):               "fill": "rgb(51, 51, 51)"\n
Action.c(140):             }\n
Action.c(140):           ],\n
Action.c(140):           "isMulticolor": true,\n
Action.c(140):           "width": 9635,\n
Action.c(140):           "grid": 32,\n
Action.c(140):           "tags": [\n
Action.c(140):             "peapod-logo-business-2c"\n
Action.c(140):           ],\n
Action.c(140):           "defaultCode": 59836\n
Action.c(140):         },\n
Action.c(140):         {\n
Action.c(140):           "paths": [\n
Action.c(140):             "M6097.455 816.977c-20.841 0-37.514-16.673-37.514-37.514s16.673-37.514 37.514-37.5
Action.c(140):     14c20.841 0 37.514 16.673 37.514 37.514 0 20.147-16.673 37.514-37.514 37.514zM6097.455 746
Action.c(140):     .811c-18.062 0-31.957 14.589-31.957 31.957s13.894 31.957 31.957 31.957c17.368 0 31.957-14.
Action.c(140):     589 31.957-31.957s-14.589-31.957-31.957-31.957zM6107.181 800.999l-11.115-17.368h-7.642v17.
Action.c(140):     368h-6.252v-43.767h17.368c6.947 0 13.894 4.863 13.894 13.199 0 9.726-8.336 12.505-11.115 1
Action.c(140):     2.505l11.81 17.368h-6.947zM6100.234 762.79h-11.81v15.284h11.81c3.474 0 7.642-2.779 7.642-7
Action.c(140):     .642 0.695-4.863-3.474-7.642-7.642-7.642z",\n
Action.c(140):             "M300.114 83.365c-61.134 0-106.29 3.474-136.858 3.474h-25.704c-65.303 0-100.733-3.
Action.c(140):     474-106.985-3.474-17.368 0-26.399 5.558-26.399 15.284 0 20.147 22.231 13.199 57.661 20.147
Action.c(140):      29.872 5.558 33.346 15.284 33.346 50.714v498.801c0 52.798 0 68.776-40.988 76.418-28.483 5
Action.c(140):     .558-52.798-2.084-52.798 18.757 0 11.115 9.726 17.368 28.483 17.368s61.829-7.642 125.742-7
Action.c(140):     .642c69.471 0 112.543 7.642 130.605 7.642 18.757 0 28.483-6.947 28.483-17.368 0-20.841-24.
Action.c(140):     315-13.199-52.103-18.757-42.377-9.031-42.377-24.315-42.377-77.807v-166.035c0-14.589 3.474-
Action.c(140):     23.62 13.199-22.231 7.642 0.695 45.851 26.399 127.132 13.199 97.259-15.978 180.624-95.87 1
Action.c(140):     80.624-204.939 0-132.689-81.976-203.55-241.064-203.55v0zM292.472 453.645c-40.988 0-72.25-1
Action.c(140):     2.505-72.25-41.682v-242.453c0-42.377 9.726-54.187 63.913-54.187 68.776 0 125.742 69.471 12
Action.c(140):     5.742 166.035 0.695 88.923-48.63 172.288-117.406 172.288v0z",\n
Action.c(140):             "M686.372 496.022h295.251c33.346 0 46.545-4.168 46.545-24.315 0-90.312-76.418-198.
Action.c(140):     687-212.581-198.687-159.088 0-267.463 106.29-267.463 264.684 0 159.088 99.343 263.989 252.
Action.c(140):     179 263.989 79.891 0 139.636-25.704 188.961-69.471 24.315-20.841 35.43-38.904 35.43-50.019
Action.c(140):      0-9.031-3.474-12.505-11.115-12.505-9.031 0-55.577 64.608-158.393 64.608-117.406 0-184.792
Action.c(140):     -97.954-184.792-211.191v-9.031c0-15.284 2.084-17.368 15.978-18.062v0zM680.814 450.171l2.77
Action.c(140):     9-18.062c14.589-58.355 31.957-127.132 133.384-127.132 79.891 0 89.617 60.44 89.617 100.038
Action.c(140):      0 62.524-31.957 57.661-119.49 57.661h-89.617c-11.115 0-16.673-3.474-16.673-9.031l0-3.474z
Action.c(140):     ",\n
Action.c(140):             "M1574.904 721.107c0-9.726-5.558-16.673-15.284-16.673-16.673 0-33.346 24.315-54.18
Action.c(140):     7 24.315-
Action.c(140): t=21781ms: 3086-byte DECODED response body for "https://stage.peapod.com/shop/images/icons/PeapodIcons.json" (RelFrameId=1, Internal ID=13)
Action.c(140):     27.788 0-34.041-25.704-34.041-72.944v-256.347c0-91.701-22.231-127.132-134.079-127.132-147.
Action.c(140):     973 0-251.484 88.228-251.484 154.92 0 11.115 11.115 20.147 26.399 20.147 54.187 0 71.555-2
Action.c(140):     7.788 93.786-67.387 25.704-46.545 48.63-72.944 96.564-72.944 45.156 0 55.577 25.704 55.577
Action.c(140):      88.228v47.935c0 15.284-1.389 20.841-15.284 26.399l-35.43 14.589c-141.72 55.577-218.833 10
Action.c(140):     4.206-218.833 196.602 0 54.187 27.094 119.49 97.259 119.49 50.019 0 90.312-25.704 138.247-
Action.c(140):     57.661l29.872-20.147h7.642c20.147 48.63 53.493 77.807 94.48 77.807 53.493-0.695 118.795-58
Action.c(140):     .355 118.795-79.197v0zM1358.849 631.49c0 54.882-48.63 97.259-96.564 97.259-52.103 0-63.218
Action.c(140):     -40.988-63.218-87.533 0-47.935 38.904-97.954 91.701-118.795l46.545-18.062c6.252-3.474 12.5
Action.c(140):     05-4.168 14.589-4.168 3.474 0 6.947 4.168 6.947 13.199v118.1h0z",\n
Action.c(140):             "M1930.594 273.020c-59.745 0-106.985 20.147-154.92 63.218l-14.589 13.199c-4.168 4.
Action.c(140):     168-7.642 5.558-9.726 5.558-3.474 0-5.558-2.084-5.558-7.642v-54.187c0-15.284-4.168-22.925-
Action.c(140):     13.894-22.925-12.505 0-37.514 31.262-97.259 61.134-36.82 18.757-63.218 20.147-63.218 37.51
Action.c(140):     4s22.231 11.115 38.904 18.062c17.368 7.642 22.231 20.147 22.231 50.019v500.19c0 29.872-5.5
Action.c(140):     58 39.598-29.178 47.24-29.872 9.726-52.103 0-52.103 24.315 0 9.726 7.642 16.673 22.925 16.
Action.c(140):     673 18.757 0 58.355-7.642 115.322-7.642 47.24 0 89.617 7.642 125.047 7.642 18.757 0 27.788
Action.c(140):     -7.642 27.788-16.673 0-24.315-25.704-14.589-61.829-24.315-27.788-7.642-33.346-16.673-33.34
Action.c(140):     6-47.24v-157.004l7.642-3.474c37.514 16.673 76.418 25.009 119.49 25.009 166.73 0 282.052-11
Action.c(140):     7.406 282.052-277.189 0-148.668-98.649-251.484-225.78-251.484v0zM1859.039 767.653c-72.25 0
Action.c(140):     -111.848-35.43-111.848-104.206v-205.634c0-74.334 35.43-109.764 111.848-109.764 108.374 0 1
Action.c(140):     82.014 79.891 182.014 207.023 0 125.047-73.639 212.581-182.014 212.581z",\n
Action.c(140):             "M3377.672 703.739c-7.642 0-22.231 20.841-41.682 20.841-11.115 0-17.368-14.589-17.
Action.c(140):     368-44.461v-571.745c0-28.483 4.168-54.187 4.168-75.028 0-14.589-4.168-20.841-16.673-20.841
Action.c(140):     -9.031 0-38.904 22.231-100.733 39.598-38.904 11.115-63.218 12.505-63.218 28.483 0 11.115 1
Action.c(140):     8.757 9.726 40.988 20.147 18.757 9.031 20.841 15.284 20.841 43.072v130.605c0 11.115-4.863 
Action.c(140):     16.673-10.421 16.673h-3.474l-17.368-5.558c-20.841-6.252-54.187-12.505-93.091-12.505-160.47
Action.c(140):     8 0-282.052 117.406-282.052 272.326 0 150.057 108.374 255.653 253.569 255.653 93.091 0 142
Action.c(140):     .415-50.019 150.057-50.019 11.115 0 13.199 47.935 33.346 47.935 11.115 0 50.019-22.925 120
Action.c(140):     .879-43.072 20.841-5.558 34.041-7.642 34.041-33.346 0-11.115-6.252-18.757-11.81-18.757v0zM
Action.c(140):     3206.079 640.521c0 77.113-5.558 109.069-86.144 109.069-121.574 0-195.908-78.502-195.908-20
Action.c(140):     7.718 0-142.415 77.113-236.896 173.677-236.896 95.175 0 108.374 54.187 108.374 166.035v169
Action.c(140):     .509z",\n
Action.c(140):             "M2755.908 527.284c0 154.225-125.047 278.578-278.578 278.578s-278.578-124.353-278.
Action.c(140):     578-278.578c0-153.531 124.353-278.578 278.578-278.578s278.578 125.047 278.578 278.578z",\n
Action.c(140):             "M3457.563 128.521c-35.43 0-63.913-28.483-63.913-63.913s28.483-63.913 63.913-63.91
Action.c(140):     3c35.43 0 63.913 28.483 63.913 63.913 0 34.735-28.483 63.913-63.913 63.913zM3457.563 9.726
Action.c(140):     c-30.567 0-54.187 24.315-54.187 54.187s24.315 54.187 54.187
Action.c(140): t=21786ms: 4229-byte ENCODED response body received for "https://stage.peapod.com/shop/images/icons/PeapodIcons.json" (RelFrameId=1, Internal ID=13)
Action.c(140): t=21786ms: 12288-byte DECODED response body for "https://stage.peapod.com/shop/images/icons/PeapodIcons.json" (RelFrameId=1, Internal ID=13)
Action.c(140):      54.187c29.872 0 54.187-24.315 54.187-54.187s-24.315-54.187-54.187-54.187zM3474.931 100.73
Action.c(140):     3l-18.757-29.178h-12.505v29.178h-10.421v-72.944h29.872c12.505 0 23.62 9.031 23.62 22.231 0
Action.c(140):      15.978-14.589 21.536-18.757 21.536l19.452 29.178h-12.505zM3462.426 36.82h-19.452v25.704h1
Action.c(140):     9.452c6.252 0 13.199-4.863 13.199-12.505 0.695-8.336-6.252-13.199-13.199-13.199z",\n
Action.c(140):             "M5005.373 332.071l17.368 36.125 176.456 378.616c1.389 2.084-1.389 2.779-5.558 2.7
Action.c(140):     79h-287.609v-124.353h98.649l-75.028-175.761-120.185 300.114h-141.026c0 0 171.593-397.373 1
Action.c(140):     88.266-420.993 18.757-27.788 56.271-43.767 88.923-36.82 24.315 4.863 47.935 19.452 59.745 
Action.c(140):     40.293z",\n
Action.c(140):             "M5411.083 334.155l144.499 216.054v-248.011h546.735v125.047h-136.858v320.261h-137.
Action.c(140):     552v-324.429h-147.278c0.695 106.985 0.695 324.429 0.695 324.429h-145.889l-166.035-251.484v
Action.c(140):     251.484h-125.047v-352.217c0-21.536 9.726-63.218 35.43-85.449 20.147-16.673 54.882-27.788 8
Action.c(140):     9.617-12.505 15.284 7.642 32.651 20.841 41.682 36.82z",\n
Action.c(140):             "M4430.155 357.775v141.026l-263.294 0.695c-23.62 0-50.019 29.872-61.134 54.187-6.9
Action.c(140):     47 18.757-9.726 44.461-2.084 63.218 0 0 2.084 5.558 4.863 5.558h116.711v-106.29h143.11l60.
Action.c(140):     44 60.44v243.148h-270.936c-24.315 0-96.564-27.094-127.826-54.882-31.262-27.094-109.069-93.
Action.c(140):     786-131.3-182.014-24.315-97.259 15.284-191.739 75.723-239.674 40.293-31.957 73.639-46.545 
Action.c(140):     127.132-47.24h268.157l60.44 61.829z",\n
Action.c(140):             "M4361.379 427.246h-248.706c-31.957 0-73.639 45.156-79.197 87.533-5.558 37.514 27.
Action.c(140):     788 115.322 71.555 115.322h128.521v-105.596h125.742v226.475l-272.326-0.695c-75.723-6.947-1
Action.c(140):     50.752-72.944-175.066-149.362-25.704-78.502-12.505-172.982 54.187-239.674 47.935-45.156 95
Action.c(140):     .175-59.050 154.225-56.966h240.369l0.695 122.963z",\n
Action.c(140):             "M4464.196 302.198h139.636v451.56h-139.636v-451.56z",\n
Action.c(140):             "M5006.068 319.566l67.387 70.166 161.867 338.323v-311.229c0 0-1.389-9.726 1.389-40
Action.c(140):     .293 2.779-29.872 22.231-64.608 48.63-79.197 23.62-17.368 65.303-18.062 90.312-4.863 38.90
Action.c(140):     4 21.536 64.608 56.966 97.954 84.754l72.944 111.153v-193.824h561.324l59.050 62.524v141.026
Action.c(140):     h-135.468v323.039h-154.225l-58.355-59.745v-265.379h-70.86v325.123c0 0-166.035 0-166.035 0s
Action.c(140):     -56.966-72.25-56.966-72.25l-88.228-132.689v203.55h-142.415l-26.399-23.62c0.695 8.336 6.252
Action.c(140):      16.673 6.947 25.704h-323.039l-53.493-53.493c0 0-24.315 53.493-23.62 53.493s-164.646 0-164
Action.c(140):     .646 0l-35.43-31.957v31.262h-159.783l-59.050-59.050v-467.539h155.615l63.913 65.997v352.217
Action.c(140):     l135.468-306.366c22.925-39.598 29.872-91.701 76.418-111.848 38.904-22.925 89.617-9.031 118
Action.c(140):     .795 25.009zM4987.311 614.817l-15.284-31.262-13.199 31.262h28.483z",\n
Action.c(140):             "M4429.46 358.469v141.72h-262.6c-23.62 0-50.019 29.872-61.134 54.187-6.947 18.757-
Action.c(140):     9.726 44.461-2.084 63.218 0 0 2.084 5.558 4.863 5.558h116.711v-105.596h143.11l60.44 60.44v
Action.c(140):     243.148h-270.936c-24.315 0-96.564-27.094-127.826-54.882-31.262-27.094-109.069-93.786-131.3
Action.c(140):     -182.014-24.315-97.259 15.284-191.739 75.723-239.674 40.293-31.957 73.639-46.545 127.132-4
Action.c(140):     6.545h268.157l59.745 60.44z",\n
Action.c(140):             "M5005.373 332.765l17.368 36.125 176.456 378.616c1.389 2.084-1.389 2.779-5.558 2.7
Action.c(140):     79h-287.609v-123.658h99.343l-75.028-175.761-120.185 299.419h-141.72c0 0 171.593-397.373 18
Action.c(140):     8.961-420.993 18.757-27.788 56.271-43.767 88.923-36.82 23.62 5.558 46.545 19.452 59.050 40
Action.c(140):     .293z",\n
Action.c(140):             "M5410.388 334.849l144.499 216.054v-248.011h546.735v125.047h-136.858v320.261h-137.
Action.c(140):     552v-324.429h-147.278c0.695 106.985 0.695 324.429 0.695 324.429h-145.889l-166.035-251.484v
Action.c(140):     251.484h-125.047v-351.522c0-22.231 9.726-63.218 35.43-85.449 20.147-16.673 54.882-27.094 8
Action.c(140):     9.617-12.505 15.284 6.947 33.346 20.841 41.682 36.125z",\n
Action.c(140):             "M4360.684 428.635h-248.706c-31.957 0-73.639 45.851-79.197 87.533-5.558 37.514 27.
Action.c(140):     788 115.322 71.555 115.322h128.521v-105.596h125.742v226.475l-272.326-0.695c-75.723-6.947-1
Action.c(140):     50.752-72.944-175.066-149.362-25.704-78.502-12.505-172.982 54.187-239.674 47.935-45.156 95
Action.c(140):     .175-59.050 154.225-56.966h240.369l0.695 122.963z",\n
Action.c(140):             "M4464.196 302.893h139.636v451.56h-139.636v-451.56z",\n
Action.c(140):             "M3514.529 539.788h34.735v77.113h0.695c6.252-15.284 20.841-25.009 39.598-25.009 26
Action.c(140):     .399 0 53.493 11.81 53.493 88.923 0 59.745-15.978 93.786-56.966 93.786-25.009 0-33.346-14.
Action.c(140):     589-38.209-25.704h-0.695v21.536h-32.651l-0-230.643zM3577.053 746.811c24.315 0 29.178-25.00
Action.c(140):     9 29.178-63.913 0-46.545-6.947-63.218-27.094-63.218-27.094 0-31.957 23.62-31.957 65.303 0.
Action.c(140):     695 37.514 5.558 61.829 29.872 61.829z",\n
Action.c(140):             "M3689.596 596.754l29.872 130.605h0.695l27.788-130.605h36.82l-47.935 179.929c-13.8
Action.c(140):     94 47.24-25.009 53.493-60.44 52.798-4.863 0-9.031-0.695-13.894-1.389v-27.788c4.168 0.695 7
Action.c(140):     .642 1.389 11.115 1.389 11.81 0 19.452-2.779 23.62-13.894l4.863-13.894-49.324-177.845 36.8
Action.c(140):     2 0.695z",\n
Action.c(140):             "M2755.213 527.284c0 154.225-125.047 278.578-278.578 278.578s-278.578-124.353-278.
Action.c(140):     578-278.578c0-153.531 124.353-278.578 278.578-278.578s278.578 125.047 278.578 278.578z"\n
Action.c(140):           ],\n
Action.c(140):           "attrs": [\n
Action.c(140):             {\n
Action.c(140):               "fill": "rgb(51, 51, 51)"\n
Action.c(140):             },\n
Action.c(140):             {\n
Action.c(140):               "fill": "rgb(51, 51, 51)"\n
Action.c(140):             },\n
Action.c(140):             {\n
Action.c(140):               "fill": "rgb(51, 51, 51)"\n
Action.c(140):             },\n
Action.c(140):             {\n
Action.c(140):               "fill": "rgb(54, 54, 54)"\n
Action.c(140):             },\n
Action.c(140):             {\n
Action.c(140):               "fill": "rgb(51, 51, 51)"\n
Action.c(140):             },\n
Action.c(140):             {\n
Action.c(140):               "fill": "rgb(51, 51, 51)"\n
Action.c(140):             },\n
Action.c(140):             {\n
Action.c(140):               "fill": "rgb(94, 160, 0)"\n
Action.c(140):             },\n
Action.c(140):             {\n
Action.c(140):               "fill": "rgb(51, 51, 51)"\n
Action.c(140):             },\n
Action.c(140):             {\n
Action.c(140):               "fill": "rgb(255, 255, 255)"\n
Action.c(140):             },\n
Action.c(140):             {\n
Action.c(140):               "fill": "rgb(255, 255, 255)"\n
Action.c(140):             },\n
Action.c(140):             {\n
Action.c(140):               "fill": "rgb(255, 255, 255)"\n
Action.c(140):             },\n
Action.c(140):             {\n
Action.c(140):               "fill": "rgb(255, 255, 255)"\n
Action.c(140):             },\n
Action.c(140):             {\n
Action.c(140):               "fill": "rgb(255, 255, 255)"\n
Action.c(140):             },\n
Action.c(140):             {\n
Action.c(140):               "fill": "rgb(51, 51, 51)"\n
Action.c(140):             },\n
Action.c(140):             {\n
Action.c(140):               "fill": "rgb(51, 51, 51)"\n
Action.c(140):             },\n
Action.c(140):             {\n
Action.c(140):               "fill": "rgb(239, 62, 66)"\n
Action.c(140):             },\n
Action.c(140):             {\n
Action.c(140):               "fill": "rgb(239, 62, 66)"\n
Action.c(140):             },\n
Action.c(140):             {\n
Action.c(140):               "fill": "rgb(239, 62, 66)"\n
Action.c(140):             },\n
Action.c(140):             {\n
Action.c(140):               "fill": "rgb(239, 62, 66)"\n
Action.c(140):             },\n
Action.c(140):             {\n
Action.c(140):               "fill": "rgb(51, 51, 51)"\n
Action.c(140):             },\n
Action.c(140):             {\n
Action.c(140):               "fill": "rgb(51, 51, 51)"\n
Action.c(140):             },\n
Action.c(140):             {\n
Action.c(140):               "fill": "rgb(94, 161, 0)"\n
Action.c(140):             }\n
Action.c(140):           ],\n
Action.c(140):           "isMulticolor": true,\n
Action.c(140):           "width": 6168,\n
Action.c(140):           "grid": 32,\n
Action.c(140):           "tags": [\n
Action.c(140):             "peapod-logo-giant-carlisle"\n
Action.c(140):           ],\n
Action.c(140):           "defaultCode": 59859\n
Action.c(140):         },\n
Action.c(140):         {\n
Action.c(140):           "paths": [\n
Action.c(140):             "M3883.419 706.518c-0.695-2.084-1.389-4.168-1.389-6.947 0-9.031 7.642-16.673 16.67
Action.c(140):     3-16.673v0h639.826c9.031 0 16.673 7.642 16.673 16.673 0 2.779-0.695 4.863-1.389 6.947v0c-6
Action.c(140):     0.44 124.353-187.571 209.802-334.849 209.802-147.973 0-275.104-86.144-335.544-209.802v0z",
Action.c(140):     \n
Action.c(140):             "M3959.837 277.883c0.695-1.389 1.389-2.779 2.779-4.168 4.863-4.863 13.199-4.863 18
Action.c(140):     .062 0v0l340.407 340.407c4.863 4.863 4.863 13.199 0 18.062-1.389 1.389-2.779 2.084-4.168 2
Action.c(140):     .779v0c-97.954 34.041-211.886 11.81-289.693-66.692-79.891-78.502-102.122-192.434-67.387-29
Action.c(140):     0.388v0z",\n
Action.c(140):             "M6000.196 475.18c20.841 0 39.598 14.589 39.598 38.209s-18.757 38.209-39.598 38.20
Action.c(140):     9-38.904-15.284-38.904-38.209c-0.695-23.62 18.062-38.209 38.904-38.209zM6000.196 543.262c1
Action.c(140):     5.978 0 29.178-12.505 29.178-29.872s-13.199-29.872-29.178-29.872-28.483 12.505-28.483 29.8
Action.c(140):     72c-0.695 17.368 11.81 29.872 28.483 29.872zM5984.912 491.853h15.978c10.421 0 16.673 3.474
Action.c(140):      16.673 12.505 0 7.642-4.863 11.115-11.115 11.115l11.115 18.757h-8.336l-10.421-18.062h-5.5
Action.c(140):     58v18.062h-8.336v-42.377zM5993.248 509.221h7.642c4.863 0 8.336-0.695 8.336-6.252 0-4.863-4
Action.c(140):     .863-5.558-9.031-5.558h-6.947v11.81h-0z",\n
Action.c(140):             "M5065.118 741.254c-48.63 24.315-102.122 37.514-156.309 37.514-134.079 0-223.696-8
Action.c(140):     5.449-223.696-209.802 0-118.1 89.617-213.97 234.117-213.97 43.767 0 82.67 8.336 124.353 21
Action.c(140):     .536v69.471c-20.147-11.115-61.134-34.735-118.795-34.735-93.091 0-161.172 63.913-161.172 15
Action.c(140):     5.615 0 86.839 59.050 156.309 152.836 156.309 42.377 0 65.997-11.81 78.502-18.062l1.389-92
Action.c(140):     .396h-103.512l34.041-55.577h142.415l-4.168 184.098z",\n
Action.c(140):             "M5187.387 392.51c0 20.841-16.673 34.041-36.125 34.041-18.757 0-35.43-13.894-35.43
Action.c(140):     -34.041s16.673-34.041 35.43-34.041c18.757-0.695 36.125 12.505 36.125 34.041zM5185.303 769.
Action.c(140):     737h-66.692v-283.441h66.692v283.441z",\n
Action.c(140):             "M5458.323 769.737c-3.474-12.505-4.863-16.673-4.863-73.639v-113.932c-0.695-24.315-
Action.c(140):     0.695-52.798-23.62-75.723-24.315-24.315-59.745-26.399-80.586-26.399-26.399 0-53.493 5.558-
Action.c(140):     69.471 9.031l-34.735 59.745c24.315-9.726 52.798-20.147 84.060-20.147 50.714 0 59.745 27.09
Action.c(140):     4 59.745 69.471-14.589-2.084-22.231-2.084-36.125-2.084-25.704 0-52.798 4.168-74.334 13.894
Action.c(140):     -29.872 12.505-55.577 39.598-55.577 81.976 0 36.125 18.062 54.882 27.788 62.524 15.284 13.
Action.c(140):     199 38.209 22.231 72.25 22.231 15.978 0 39.598-3.474 69.471-13.199 0.695 2.084 0.695 4.168
Action.c(140):      1.389 6.252l64.608 0zM5290.898 689.151c0-18.062 10.421-36.125 34.041-43.767 6.947-2.084 1
Action.c(140):     8.757-4.863 45.156-4.863 5.558 0 11.81 0.695 18.062 1.389v74.334c-10.421 4.863-29.872 13.1
Action.c(140):     99-50.019 13.199-35.43-0-47.24-20.841-47.24-40.293z",\n
Action.c(140):             "M5910.578 772.516c-8.336 1.389-18.062 4.168-34.041 4.168s-38.904-2.084-56.271-21.
Action.c(140):     536c-17.368-19.452-17.368-39.598-16.673-64.608l1.389-154.92h-36.82v-48.63h37.514v-53.493l6
Action.c(140):     5.997-20.841v73.639h63.218v48.63h-64.608v123.658c0 30.567 0 43.072 6.947 53.493 4.863 7.64
Action.c(140):     2 15.978 15.284 34.735 15.284 12.505 0 25.704-3.474 37.514-7.642l-38.904 52.798z",\n
Action.c(140):             "M5748.711 769.737h-66.692v-143.11c-0.695-44.461-0.695-66.692-19.452-82.67-7.642-6
Action.c(140):     .252-20.147-11.81-38.904-11.81-18.062 0-34.041 4.863-52.798 17.368v220.223h-68.081v-282.05
Action.c(140):     2h68.081v52.798l-15.978-31.957c0 0 24.315-12.505 38.904-18.062 11.81-4.168 36.125-9.726 56
Action.c(140):     .271-9.726 17.368 0 47.24 2.084 70.86 23.62 26.399 24.315 27.094 53.493 27.094 77.807l0.69
Action.c(140):     5 187.571z",\n
Action.c(140):             "M4310.665 184.792c1.389-0.695 2.779-0.695 3.474-0.695 5.558 0 9.726 4.168 9.726 9
Action.c(140):     .726v0 359.164c0 5.558-4.168 9.726-9.726 9.726-1.389 0-2.779 0-3.474-0.695v0c-69.471-34.04
Action.c(140):     1-118.1-105.596-118.1-188.266 0-83.365 48.63-154.92 118.1-188.961v0z",\n
Action.c(140):             "M4553.118 384.868c0.695 0.695 2.084 0.695 2.779 1.389 2.779 2.779 2.779 7.642 0 1
Action.c(140):     0.421v0l-193.129 192.434c-2.779 2.779-7.642 2.779-10.421 0-0.695-0.695-1.389-1.389-1.389-2
Action.c(140):     .779v0c-19.452-55.577-6.947-119.49 37.514-163.951 45.156-43.767 109.069-56.966 164.646-37.
Action.c(140):     514v0z",\n
Action.c(140):             "M3514.529 539.788h34.735v77.113h0.695c6.252-15.284 20.841-25.009 39.598-25.009 26
Action.c(140):     .399 0 53.493 11.81 53.493 88.923 0 59.745-15.978 93.786-56.966 93.786-25.009 0-33.346-14.
Action.c(140):     589-38.209-25.704h-0.695v21.536h-32.651v-230.643zM3577.053 746.811c24.315 0 29.178-25.009 
Action.c(140):     29.178-63.913 0-46.545-6.947-63.218-27.094-63.218-27.094 0-31.957 23.62-31.957 65.303 0.69
Action.c(140):     5 37.514 5.558 61.829 29.872 61.829z",\n
Action.c(140):             "M3689.596 596.754l29.872 130.605h0.695l27.788-130.605h36.82l-47.935 179.929c-13.8
Action.c(140):     94 47.24-25.009 53.493-60.44 52.798-4.863 0-9.031-0.695-13.894-1.389v-27.788c4.168 0.695 7
Action.c(140):     .642 1.389 11.115 1.389 11.81 0 19.452-2.779 23.62-13.894l4.863-13.894-49.324-177.845 36.8
Action.c(140):     2 0.695z",\n
Action.c(140):             "M2755.213 527.284c0 154.225-125.047 278.578-278.578 278.578s-278.578-124.353-278.
Action.c(140):     578-278.578c0-153.531 124.353-278.578 278.578-278.578s278.578 125.047 278.578 278.578z",\n
Action.c(140):             "M299.419 83.365c-61.134 0-106.29 3.474-136.858 3.474h-25.704c-65.303 0-100.038-3.
Action.c(140):     474-106.985-3.474-17.368 0-26.399 5.558-26.399 15.284 0 20.147 22.231 13.199 57.661 20.147
Action.c(140):      29.872 5.558 33.346 15.284 33.346 50.714v498.801c0 52.798 0 68.776-40.988 76.418-28.483 5
Action.c(140):     .558-52.798-2.084-52.798 18.757 0 11.115 9.726 17.368 28.483 17.368s61.829-7.642 125.742-7
Action.c(140):     .642c69.471 0 112.543 7.642 130.605 7.642 18.757 0 28.483-6.947 28.483-17.368 0-20.841-24.
Action.c(140):     315-13.199-52.103-18.757-42.377-9.031-42.377-24.315-42.377-77.807v-166.035c0-14.589 3.474-
Action.c(140):     23.62 13.199-22.231 7.642 0.695 45.851 26.399 127.132 13.199 97.259-15.978 180.624-95.87 1
Action.c(140):     80.624-204.939 0-132.689-81.281-203.55-241.064-203.55v0zM291.777 453.645c-40.988 0-72.25-1
Action.c(140):     2.505-72.25-41.682v-242.453c0-42.377 9.726-54.187 63.913-54.187 68.776 0 125.742 69.471 12
Action.c(140):     5.742 166.035 1.389 88.923-48.63 172.288-117.406 172.288v0z",\n
Action.c(140):             "M685.677 496.022h295.251c33.346 0 46.545-4.168 46.545-24.315 0-90.312-76.418-198.
Action.c(140):     687-212.581-198.687-159.088 0-267.463 106.29-267.463 264.684 0 159.088 99.343 263.989 252.
Action.c(140):     179 263.989 79.891 0 139.636-25.704 188.961-69.471 24.315-20.841 35.43-38.904 35.43-50.019
Action.c(140):      0-9.031-3.474-12.505-11.115-12.505-9.031 0-55.577 64.608-158.393 64.608-117.406 0-184.792
Action.c(140):     -97.954-184.792-211.191v-9.031c0.695-15.284 2.779-17.368 15.978-18.062v0zM680.119 450.171l
Action.c(140):     2.779-18.062c14.589-58.355 31.957-127.132 133.38
Action.c(140): t=21823ms: 9779-byte DECODED response body for "https://stage.peapod.com/shop/images/icons/PeapodIcons.json" (RelFrameId=1, Internal ID=13)
Action.c(140):     4-127.132 79.891 0 89.617 60.44 89.617 100.038 0 62.524-31.957 57.661-119.49 57.661h-89.61
Action.c(140):     7c-11.115 0-16.673-3.474-16.673-9.031l0-3.474z",\n
Action.c(140):             "M1574.209 721.107c0-9.726-5.558-16.673-15.284-16.673-16.673 0-33.346 24.315-54.18
Action.c(140):     7 24.315-27.788 0-34.041-25.704-34.041-72.944v-256.347c0-91.701-22.231-127.132-134.079-127
Action.c(140):     .132-147.973 0-251.484 88.228-251.484 154.92 0 11.115 11.115 20.147 26.399 20.147 54.187 0
Action.c(140):      71.555-27.788 93.786-67.387 25.704-46.545 48.63-72.944 96.564-72.944 45.156 0 55.577 25.7
Action.c(140):     04 55.577 88.228v47.935c0 15.284-1.389 20.841-15.284 26.399l-35.43 14.589c-141.72 55.577-2
Action.c(140):     18.833 104.206-218.833 196.602 0 54.187 27.094 119.49 97.259 119.49 50.019 0 90.312-25.704
Action.c(140):      138.247-57.661l29.872-20.147h7.642c20.147 48.63 53.493 77.807 94.48 77.807 53.493-0.695 1
Action.c(140):     18.795-58.355 118.795-79.197v0zM1358.849 631.49c0 54.882-48.63 97.259-96.564 97.259-52.103
Action.c(140):      0-63.218-40.988-63.218-87.533 0-47.935 38.904-97.954 91.701-118.795l46.545-18.062c6.252-3
Action.c(140):     .474 12.505-4.168 14.589-4.168 3.474 0 6.947 4.168 6.947 13.199v118.1h0z",\n
Action.c(140):             "M1930.594 273.020c-59.745 0-106.985 20.147-154.92 63.218l-14.589 13.199c-4.168 4.
Action.c(140):     168-7.642 5.558-9.726 5.558-3.474 0-5.558-2.084-5.558-7.642v-54.187c0-15.284-4.168-22.925-
Action.c(140):     13.894-22.925-12.505 0-37.514 31.262-97.259 61.134-36.82 18.757-63.218 20.147-63.218 37.51
Action.c(140):     4s22.231 11.115 38.904 18.062c17.368 7.642 22.231 20.147 22.231 50.019v500.19c0 29.872-5.5
Action.c(140):     58 39.598-29.178 47.24-29.872 9.726-52.103 0-52.103 24.315 0 9.726 7.642 16.673 22.925 16.
Action.c(140):     673 18.757 0 58.355-7.642 115.322-7.642 47.24 0 89.617 7.642 125.047 7.642 18.757 0 27.788
Action.c(140):     -7.642 27.788-16.673 0-24.315-25.704-14.589-61.829-24.315-27.788-7.642-33.346-16.673-33.34
Action.c(140):     6-47.24v-157.004l7.642-3.474c37.514 16.673 76.418 25.009 119.49 25.009 166.73 0 282.052-11
Action.c(140):     7.406 282.052-277.189-0.695-148.668-98.649-251.484-225.78-251.484v0zM1858.345 767.653c-72.
Action.c(140):     25 0-111.848-35.43-111.848-104.206v-205.634c0-74.334 35.43-109.764 111.848-109.764 108.374
Action.c(140):      0 182.014 79.891 182.014 207.023 0.695 125.047-73.639 212.581-182.014 212.581z",\n
Action.c(140):             "M3376.977 703.739c-7.642 0-22.231 20.841-41.682 20.841-11.115 0-17.368-14.589-17.
Action.c(140):     368-44.461v-571.745c0-28.483 4.168-54.187 4.168-75.028 0-14.589-4.168-20.841-16.673-20.841
Action.c(140):     -9.031 0-38.904 22.231-100.733 39.598-38.904 11.115-63.218 12.505-63.218 28.483 0 11.115 1
Action.c(140):     8.757 9.726 40.988 20.147 18.757 9.031 20.841 15.284 20.841 43.072v130.605c0 11.115-4.863 
Action.c(140):     16.673-10.421 16.673h-3.474l-17.368-5.558c-20.841-6.252-54.187-12.505-93.091-12.505-160.47
Action.c(140):     8 0-282.052 117.406-282.052 272.326 0 150.057 108.374 255.653 253.569 255.653 93.091 0 142
Action.c(140):     .415-50.019 150.057-50.019 11.115 0 13.199 47.935 33.346 47.935 11.115 0 50.019-22.925 120
Action.c(140):     .879-43.072 20.841-5.558 34.041-7.642 34.041-33.346 0.695-11.115-6.252-18.757-11.81-18.757
Action.c(140):     v0zM3206.079 640.521c0 77.113-5.558 109.069-86.144 109.069-121.574 0-195.908-78.502-195.90
Action.c(140):     8-207.718 0-142.415 77.113-236.896 173.677-236.896 95.175 0 108.374 54.187 108.374 166.035
Action.c(140):     v169.509z",\n
Action.c(140):             "M3456.868 128.521c-35.43 0-63.913-28.483-63.913-63.913s28.483-63.913 63.913-63.91
Action.c(140):     3c35.43 0 63.913 28.483 63.913 63.913 0 34.735-28.483 63.913-63.913 63.913zM3456.868 9.726
Action.c(140):     c-30.567 0-54.187 24.315-54.187 54.187s24.315 54.187 54.187 54.187c29.872 0 54.187-24.315 
Action.c(140):     54.187-54.187s-24.315-54.187-54.187-54.187zM3474.236 100.733l-18.757-29.178h-12.505v29.178
Action.c(140):     h-10.421v-72.944h29.872c12.505 0 23.62 9.031 23.62 22.231 0 15.978-14.589 21.536-18.757 21
Action.c(140):     .536l19.452 29.178h-12.505zM3462.426 36.82h-19.452v25.704h19.452c6.252 0 13.199-4.863 13.1
Action.c(140):     99-12.505 0-8.336-6.947-13.199-13.199-13.199z"\n
Action.c(140):           ],\n
Action.c(140):           "attrs": [\n
Action.c(140):             {\n
Action.c(140):               "fill": "rgb(253, 185, 19)"\n
Action.c(140):             },\n
Action.c(140):             {\n
Action.c(140):               "fill": "rgb(238, 49, 36)"\n
Action.c(140):             },\n
Action.c(140):             {\n
Action.c(140):               "fill": "rgb(120, 29, 126)"\n
Action.c(140):             },\n
Action.c(140):             {\n
Action.c(140):               "fill": "rgb(120, 29, 126)"\n
Action.c(140):             },\n
Action.c(140):             {\n
Action.c(140):               "fill": "rgb(120, 29, 126)"\n
Action.c(140):             },\n
Action.c(140):             {\n
Action.c(140):               "fill": "rgb(120, 29, 126)"\n
Action.c(140):             },\n
Action.c(140):             {\n
Action.c(140):               "fill": "rgb(120, 29, 126)"\n
Action.c(140):             },\n
Action.c(140):             {\n
Action.c(140):               "fill": "rgb(120, 29, 126)"\n
Action.c(140):             },\n
Action.c(140):             {\n
Action.c(140):               "fill": "rgb(120, 29, 126)"\n
Action.c(140):             },\n
Action.c(140):             {\n
Action.c(140):               "fill": "rgb(141, 198, 63)"\n
Action.c(140):             },\n
Action.c(140):             {\n
Action.c(140):               "fill": "rgb(51, 51, 51)"\n
Action.c(140):             },\n
Action.c(140):             {\n
Action.c(140):               "fill": "rgb(51, 51, 51)"\n
Action.c(140):             },\n
Action.c(140):             {\n
Action.c(140):               "fill": "rgb(94, 161, 0)"\n
Action.c(140):             },\n
Action.c(140):             {\n
Action.c(140):               "fill": "rgb(51, 51, 51)"\n
Action.c(140):             },\n
Action.c(140):             {\n
Action.c(140):               "fill": "rgb(51, 51, 51)"\n
Action.c(140):             },\n
Action.c(140):             {\n
Action.c(140):               "fill": "rgb(54, 54, 54)"\n
Action.c(140):             },\n
Action.c(140):             {\n
Action.c(140):               "fill": "rgb(51, 51, 51)"\n
Action.c(140):             },\n
Action.c(140):             {\n
Action.c(140):               "fill": "rgb(51, 51, 51)"\n
Action.c(140):             },\n
Action.c(140):             {\n
Action.c(140):               "fill": "rgb(94, 160, 0)"\n
Action.c(140):             },\n
Action.c(140):             {\n
Action.c(140):               "fill": "rgb(51, 51, 51)"\n
Action.c(140):             }\n
Action.c(140):           ],\n
Action.c(140):           "width": 6039,\n
Action.c(140):           "grid": 32,\n
Action.c(140):           "tags": [\n
Action.c(140):             "peapod-logo-giant-landover"\n
Action.c(140):           ],\n
Action.c(140):           "defaultCode": 59881\n
Action.c(140):         },\n
Action.c(140):         {\n
Action.c(140):           "paths": [\n
Action.c(140):             "M4689.281 699.571c26.399 18.062 56.271 30.567 88.228 30.567 45.851 0 63.913-28.48
Action.c(140):     3 63.913-50.714 0-32.651-28.483-43.767-51.408-53.493l-20.841-8.336c-19.452-9.031-41.682-18
Action.c(140):     .757-57.661-37.514-8.336-9.726-20.147-27.788-20.147-54.882 0-49.324 40.988-95.87 117.406-9
Action.c(140):     5.87 41.682 0 70.166 12.505 81.281 17.368v55.577c-10.421-8.336-36.125-27.788-77.807-27.788
Action.c(140):     s-57.661 25.009-57.661 45.851c0 29.872 29.872 43.072 54.187 52.798l23.62 9.726c19.452 9.03
Action.c(140):     1 40.293 18.757 55.577 37.514 10.421 12.505 18.757 31.957 18.757 54.882 0 55.577-46.545 10
Action.c(140):     0.038-124.353 100.038-20.841 0-54.187-3.474-93.091-18.757v-56.966h-0z",\n
Action.c(140):             "M5035.941 766.958c-6.252 1.389-14.589 3.474-27.788 3.474s-31.957-2.084-45.851-18.
Action.c(140):     062c-13.894-15.978-13.894-31.957-13.199-52.798l0.695-126.437h-29.872v-39.598h30.567v-43.07
Action.c(140):     2l54.187-16.673v60.44h52.103v39.598h-52.798l-0.695 100.733c0 25.009 0 34.735 5.558 43.072 
Action.c(140):     4.168 6.252 13.199 12.505 28.483 12.505 10.421 0 20.841-2.779 30.567-6.252l-31.957 43.072z
Action.c(140):     ",\n
Action.c(140):             "M5190.166 770.431c-75.723 0-114.627-52.798-114.627-118.795 0-68.776 43.767-122.96
Action.c(140):     3 117.406-122.963 66.692 0 112.543 46.545 112.543 118.795 0 68.776-38.904 122.963-115.322 
Action.c(140):     122.963zM5190.861 568.271c-18.757 0.695-33.346 8.336-43.767 26.399-10.421 16.673-12.505 36
Action.c(140):     .125-12.505 56.271 0 18.062 2.084 39.598 13.199 56.271 10.421 16.673 27.094 24.315 43.767 
Action.c(140):     24.315 38.904 0 56.271-39.598 56.271-81.976s-15.978-80.586-56.271-80.586l-0.695-0.695z",\n
Action.c(140):             "M5789.699 748.201l-45.851-35.43c0 0 36.125 13.199 29.178 20.841s-13.199 14.589-28
Action.c(140):     .483 23.62c-21.536 13.199-38.209 15.978-58.355 16.673-53.493 0.695-92.396-25.009-96.564-70
Action.c(140):     .166-1.389-18.062 2.779-35.43 12.505-49.324 11.81-16.673 27.094-24.315 38.209-30.567-6.947
Action.c(140):     -6.947-27.094-25.704-28.483-48.63-3.474-38.209 24.315-66.692 68.081-70.166 40.293-3.474 72
Action.c(140):     .944 20.147 75.723 54.882 1.389 13.894-2.779 29.178-11.115 41.682-11.115 15.978-19.452 22.
Action.c(140):     925-33.346 29.872l104.901 83.365-26.399 33.346zM5665.346 648.163c-14.589 5.558-31.262 20.8
Action.c(140):     41-29.178 45.156 2.084 20.841 19.452 46.545 59.745 43.072 15.978-1.389 31.957-10.421 49.32
Action.c(140):     4-23.62l-79.891-64.608zM5713.976 562.714c-1.389-18.757-15.284-28.483-31.262-27.094-18.757 
Action.c(140):     1.389-29.178 18.062-27.788 35.43 1.389 14.589 14.589 25.704 25.704 35.43 33.346-11.81 34.0
Action.c(140):     41-29.872 33.346-43.767z",\n
Action.c(140):             "M5827.908 697.487c26.399 18.062 56.271 30.567 88.228 30.567 46.545 0 63.913-28.48
Action.c(140):     3 63.913-50.714 0-32.651-28.483-43.767-51.408-53.493l-20.841-8.336c-19.452-9.031-41.682-18
Action.c(140):     .757-57.661-37.514-8.336-9.726-20.147-27.788-20.147-54.882 0-49.324 40.988-95.87 117.406-9
Action.c(140):     5.87 41.682 0 70.166 12.505 81.281 17.368v55.577c-10.421-8.336-36.125-27.788-77.807-27.788
Action.c(140):     s-57.661 25.009-57.661 45.851c0 29.872 29.872 43.072 54.187 52.798l23.62 9.726c19.452 9.03
Action.c(140):     1 40.988 18.757 55.577 37.514 10.421 12.505 18.757 31.957 18.757 54.187 0 55.577-46.545 10
Action.c(140):     0.038-124.353 100.038-20.841 0-54.187-3.474-93.091-18.757v-56.271h-0z",\n
Action.c(140):             "M6273.216 764.874h-54.882v-116.711c-0.695-36.125-0.695-54.882-15.978-67.387-6.252
Action.c(140):     -4.863-16.673-9.726-31.957-9.726s-27.788 4.168-43.072 13.894v179.929h-55.577v-329.292h55.5
Action.c(140):     77v142.415l-13.199-26.399c0 0 20.147-10.421 31.957-14.589 9.726-3.474 29.178-8.336 45.851-
Action.c(140):     8.336 13.894 0 38.904 2.084 57.661 19.452 21.536 19.452 22.231 43.072 22.231 63.218l1.389 
Action.c(140):     153.531z",\n
Action.c(140):             "M6419.8 770.431c-75.723 0-114.627-52.798-114.627-118.795 0-68.776 43.767-122.963 
Action.c(140):     117.406-122.963 66.692 0 112.543 46.545 112.543 118.795 0 68.776-38.904 122.963-115.322 12
Action.c(140):     2.963zM6420.494 568.271c-18.757 0.695-33.346 8.336-43.767 26.399-10.421 16.673-12.505 36.1
Action.c(140):     25-12.505 56.271 0 18.062 2.084 39.598 13.199 56.271s27.094 24.315 43.767 24.315c38.904 0 
Action.c(140):     56.271-39.598 56.271-81.976s-15.978-80.586-56.271-80.586l-0.695-0.695z",\n
Action.c(140):             "M6622.654 545.346c6.252-2.779 22.925-9.031 27.788-11.115 4.168-1.389 18.062-5.558
Action.c(140):      36.125-5.558 67.387 0 106.985 47.24 106.985 116.016 0 75.723-45.851 125.742-111.848 125.7
Action.c(140):     42-27.788 0-45.156-9.031-57.661-15.284v106.985h-54.882v-327.902h54.882v38.904c0 0-6.947-25
Action.c(140):     .009-1.389-27.788zM6624.044 714.855c5.558 3.474 20.841 13.894 45.156 13.894 44.461 0 66.69
Action.c(140):     2-36.82 66.692-81.976 0-23.62-6.252-42.377-15.978-54.187-9.031-11.115-25.009-22.925-50.714
Action.c(140):     -22.925-15.978 0-31.262 4.168-45.156 11.115v134.079z",\n
Action.c(140):             "M5393.715 545.346c6.252-2.779 22.925-9.031 27.788-11.115 4.168-1.389 18.062-5.558
Action.c(140):      36.125-5.558 67.387 0 106.985 47.24 106.985 116.016 0 75.723-45.851 125.742-111.848 125.7
Action.c(140):     42-27.788 0-45.156-9.031-57.661-15.284v106.985h-54.882v-327.902h54.882v38.904c0 0-7.642-25
Action.c(140):     .009-1.389-27.788zM5395.105 714.855c5.558 3.474 20.841 13.894 45.156 13.894 44.461 0 66.69
Action.c(140):     2-36.82 66.692-81.976 0-23.62-6.252-42.377-15.978-54.187-9.031-11.115-25.009-22.925-50.714
Action.c(140):     -22.925-15.978 0-31.262 4.168-45.156 11.115v134.079 0z",\n
Action.c(140):             "M6836.625 518.947c18.757 0 35.43 13.199 35.43 34.735 0 20.841-16.673 34.735-35.43
Action.c(140):      34.735s-35.43-13.894-35.43-34.735 16.673-34.735 35.43-34.735zM6836.625 580.776c14.589 0 2
Action.c(140):     5.704-11.115 25.704-27.094s-11.81-27.094-25.704-27.094
Action.c(140): t=21848ms: 12273-byte ENCODED response body received for "https://stage.peapod.com/shop/images/icons/PeapodIcons.json" (RelFrameId=1, Internal ID=13)
Action.c(140): t=21848ms: 12288-byte DECODED response body for "https://stage.peapod.com/shop/images/icons/PeapodIcons.json" (RelFrameId=1, Internal ID=13)
Action.c(140):     c-14.589 0-26.399 11.115-26.399 27.094s11.81 27.094 26.399 27.094zM6822.73 534.231h14.589c
Action.c(140):     9.726 0 15.284 2.779 15.284 11.115 0 6.947-4.168 9.726-10.421 10.421l10.421 16.673h-8.336l
Action.c(140):     -9.726-16.673h-4.863v16.673h-7.642l0.695-38.209zM6830.372 550.209h6.947c4.168 0 7.642-0.69
Action.c(140):     5 7.642-5.558 0-4.168-4.168-4.863-7.642-4.863h-6.252l-0.695 10.421z",\n
Action.c(140):             "M3883.419 706.518c-0.695-2.084-1.389-4.168-1.389-6.947 0-9.031 7.642-16.673 16.67
Action.c(140):     3-16.673v0h642.605c9.031 0 16.673 7.642 16.673 16.673 0 2.084-0.695 4.863-1.389 6.947v0c-6
Action.c(140):     0.44 125.047-188.961 211.191-336.934 211.191-147.278 0-275.799-86.144-336.239-211.191v0z",
Action.c(140):     \n
Action.c(140):             "M3959.837 276.494c0.695-1.389 1.389-2.779 2.779-4.168 4.863-4.863 13.199-4.863 18
Action.c(140):     .062 0v0l341.796 341.796c4.863 4.863 4.863 13.199 0 18.062-1.389 1.389-2.779 2.084-4.168 2
Action.c(140):     .779v0c-98.649 34.041-212.581 11.81-291.777-66.692-78.502-79.197-100.733-193.129-66.692-29
Action.c(140):     1.777v0z",\n
Action.c(140):             "M4312.749 183.403c1.389-0.695 2.779-0.695 4.168-0.695 5.558 0 9.726 4.168 9.726 9
Action.c(140):     .726v0 360.554c0 5.558-4.168 9.726-9.726 9.726-1.389 0-2.779 0-4.168-0.695v0c-70.166-34.04
Action.c(140):     1-118.795-105.596-118.795-188.961 0.695-84.060 48.63-155.615 118.795-189.655v0z",\n
Action.c(140):             "M4556.592 384.174c0.695 0 1.389 0.695 2.779 1.389 2.779 2.779 2.779 7.642 0 10.42
Action.c(140):     1v0l-193.824 193.824c-2.779 2.779-7.642 2.779-10.421 0-0.695-0.695-1.389-1.389-1.389-2.779
Action.c(140):     v0c-19.452-55.577-6.947-120.185 37.514-164.646 45.156-45.156 109.764-57.661 165.341-38.209
Action.c(140):     v0z",\n
Action.c(140):             "M3514.529 539.788h34.735v77.113h0.695c6.252-15.284 20.841-25.009 39.598-25.009 26
Action.c(140):     .399 0 53.493 11.81 53.493 88.923 0 59.745-15.978 93.786-56.966 93.786-25.009 0-33.346-14.
Action.c(140):     589-38.209-25.704h-0.695v21.536h-32.651v-230.643h-0zM3577.053 746.811c24.315 0 29.178-25.0
Action.c(140):     09 29.178-63.913 0-46.545-6.947-63.218-27.094-63.218-27.094 0-31.957 23.62-31.957 65.303 0
Action.c(140):     .695 37.514 5.558 61.829 29.872 61.829z",\n
Action.c(140):             "M3689.596 596.754l29.872 130.605h0.695l27.788-130.605h36.82l-47.935 179.929c-13.8
Action.c(140):     94 47.24-25.009 53.493-60.44 52.798-4.863 0-9.031-0.695-13.894-1.389v-27.788c4.168 0.695 7
Action.c(140):     .642 1.389 11.115 1.389 11.81 0 19.452-2.779 23.62-13.894l4.863-13.894-49.324-177.845 36.8
Action.c(140):     2 0.695z",\n
Action.c(140):             "M299.419 82.67c-61.134 0-106.29 3.474-136.858 3.474h-25.704c-65.303 0-100.733-3.4
Action.c(140):     74-106.985-3.474-17.368 0-26.399 5.558-26.399 15.284 0 20.147 22.231 13.199 57.661 20.147 
Action.c(140):     29.872 5.558 33.346 15.284 33.346 50.714v498.801c0 52.798 0 68.776-40.988 76.418-28.483 5.
Action.c(140):     558-52.798-2.084-52.798 18.757 0 11.115 9.726 17.368 28.483 17.368s61.829-7.642 125.742-7.
Action.c(140):     642c69.471 0 112.543 7.642 130.605 7.642 18.757 0 28.483-6.947 28.483-17.368 0-20.841-24.3
Action.c(140):     15-13.199-52.103-18.757-42.377-9.031-42.377-24.315-42.377-77.807v-165.341c0-14.589 3.474-2
Action.c(140):     3.62 13.199-22.231 7.642 0.695 45.851 26.399 127.132 13.199 97.259-15.978 180.624-95.87 18
Action.c(140):     0.624-204.939-0-133.384-81.281-204.244-241.064-204.244v0zM291.777 452.95c-40.988 0-72.25-1
Action.c(140):     2.505-72.25-41.682v-242.453c0-42.377 9.726-54.187 63.913-54.187 68.776 0 125.742 69.471 12
Action.c(140):     5.742 166.035 1.389 89.617-48.63 172.288-117.406 172.288v0z",\n
Action.c(140):             "M685.677 496.022h295.251c33.346 0 46.545-4.168 46.545-24.315 0-90.312-76.418-198.
Action.c(140):     687-212.581-198.687-159.088 0-267.463 106.29-267.463 264.684 0 159.088 99.343 263.989 252.
Action.c(140):     179 263.989 79.891 0 139.636-25.704 188.961-69.471 24.315-20.841 35.43-38.904 35.43-50.019
Action.c(140):      0-9.031-3.474-12.505-11.115-12.505-9.031 0-55.577 64.608-158.393 64.608-117.406 0-184.792
Action.c(140):     -97.954-184.792-211.191v-9.031c0.695-15.978 2.779-18.062 15.978-18.062v0zM680.119 449.476l
Action.c(140):     2.779-18.062c14.589-58.355 31.957-127.132 133.384-127.132 79.891 0 89.617 60.44 89.617 100
Action.c(140):     .038 0 62.524-31.957 57.661-119.49 57.661h-89.617c-11.115 0-16.673-3.474-16.673-9.031v-3.4
Action.c(140):     74z",\n
Action.c(140):             "M1574.209 721.107c0-9.726-5.558-16.673-15.284-16.673-16.673 0-33.346 24.315-54.18
Action.c(140):     7 24.315-27.788 0-34.041-25.704-34.041-72.944v-256.347c0-91.701-22.231-127.132-134.079-127
Action.c(140):     .132-147.973 0-251.484 88.228-251.484 154.92 0 11.115 11.115 20.147 26.399 20.147 54.187 0
Action.c(140):      71.555-27.788 93.786-67.387 25.704-46.545 48.63-72.944 96.564-72.944 45.156 0 55.577 25.7
Action.c(140):     04 55.577 88.228v47.935c0 15.284-1.389 20.841-15.284 26.399l-35.43 14.589c-141.72 55.577-2
Action.c(140):     18.833 104.206-218.833 196.602 0 54.187 27.094 119.49 97.259 119.49 50.019 0 90.312-25.704
Action.c(140):      138.247-57.661l29.872-20.147h7.642c20.147 48.63 53.493 77.807 94.48 77.807 53.493-0.695 1
Action.c(140):     18.795-58.355 118.795-79.197v0zM1358.849 631.49c0 54.882-48.63 97.259-96.564 97.259-52.103
Action.c(140):      0-63.218-40.988-63.218-87.533 0-47.935 38.904-97.954 91.701-118.795l46.545-18.062c6.252-3
Action.c(140):     .474 12.505-4.168 14.589-4.168 3.474 0 6.947 4.168 6.947 13.199v118.1h0z",\n
Action.c(140):             "M1930.594 273.020c-59.745 0-106.985 20.147-154.92 63.218l-14.589 13.199c-4.168 4.
Action.c(140):     168-7.642 5.558-9.726 5.558-3.474 0-5.558-2.084-5.558-7.642v-54.187c0-15.284-4.168-22.925-
Action.c(140):     13.894-22.925-12.505 0-37.514 31.262-97.259 61.134-36.82 18.757-63.218 20.147-63.218 37.51
Action.c(140):     4s22.231 11.115 38.904 18.062c17.368 7.642 22.231 20.147 22.231 50.019v500.19c0 29.872-5.5
Action.c(140):     58 39.598-29.178 47.24-29.872 9.726-52.103 0-52.103 24.315 0 9.726 7.642 16.673 22.925 16.
Action.c(140):     673 18.757 0 58.355-7.642 115.322-7.642 47.24 0 89.617 7.642 125.047 7.642 18.757 0 27.788
Action.c(140):     -7.642 27.788-16.673 0-24.315-25.704-14.589-61.829-24.315-27.788-7.642-33.346-16.673-33.34
Action.c(140):     6-47.24v-157.004l7.642-3.474c37.514 16.673 76.418 25.009 119.49 25.009 166.73 0 282.052-11
Action.c(140):     7.406 282.052-277.189-0.695-148.668-98.649-251.484-225.78-251.484v0zM1858.345 767.653c-72.
Action.c(140):     25 0-111.848-35.43-111.848-104.206v-205.634c0-74.334 35.43-109.764 111.848-109.764 108.374
Action.c(140):      0 182.014 79.891 182.014 207.023 0.695 125.047-73.639 212.581-182.014 212.581z",\n
Action.c(140):             "M3376.977 703.045c-7.642 0-22.231 20.841-41.682 20.841-11.115 0-17.368-14.589-17.
Action.c(140):     368-44.461v-571.050c0-28.483 4.168-54.187 4.168-75.028 0-14.589-4.168-20.841-16.673-20.841
Action.c(140):     -9.031 0-38.904 22.231-100.733 39.598-38.904 11.115-63.218 12.505-63.218 28.483 0 11.115 1
Action.c(140):     8.757 9.726 40.988 20.147 18.757 9.031 20.841 15.284 20.841 43.072v130.605c0 11.115-4.863 
Action.c(140):     16.673-10.421 16.673h-3.474l-17.368-5.558c-20.841-6.252-54.187-12.505-93.091-12.505-160.47
Action.c(140):     8 0-282.052 117.406-282.052 272.326 0 150.057 108.374 255.653 253.569 255.653 93.091 0 142
Action.c(140):     .415-50.019 150.057-50.019 11.115 0 13.199 47.935 33.346 47.935 11.115 0 50.019-22.925 120
Action.c(140):     .879-43.072 20.841-5.558 34.041-7.642 34.041-33.346 0.695-11.81-6.252-19.452-11.81-19.452v
Action.c(140):     0zM3206.079 640.521c0 77.113-5.558 109.069-86.144 109.069-121.574 0-195.908-78.502-195.908
Action.c(140):     -207.718 0-142.415 77.113-236.896 173.677-236.896 95.175 0 108.374 54.187 108.374 166.035v
Action.c(140):     169.509z",\n
Action.c(140):             "M2755.213 527.284c0 154.225-125.047 278.578-278.578 278.578s-278.578-125.047-278.
Action.c(140):     578-278.578c0-153.531 124.353-278.578 278.578-278.578s278.578 124.353 278.578 278.578z",\n
Action.c(140):             "M3456.869 127.826c-35.43 0-63.913-28.483-63.913-63.913s28.483-63.913 63.913-63.91
Action.c(140):     3c35.43 0 63.913 28.483 63.913 63.913s-28.483 63.913-63.913 63.913zM3456.869 9.726c-30.567
Action.c(140):      0-54.187 24.315-54.187 54.187s24.315 54.187 54.187 54.187c29.872 0 54.187-24.315 54.187-5
Action.c(140):     4.187-0-30.567-24.315-54.187-54.187-54.187zM3474.236 100.733l-18.757-29.178h-12.505v29.178
Action.c(140):     h-10.421v-73.639h29.872c12.505 0 23.62 9.031 23.62 22.231 0 15.978-14.589 21.536-18.757 21
Action.c(140):     .536l19.452 29.178h-12.505zM3462.426 36.125h-19.452v26.399h19.452c6.252 0 13.199-4.863 13.
Action.c(140):     199-12.505 0-8.336-6.947-13.894-13.199-13.894z"\n
Action.c(140):           ],\n
Action.c(140):           "attrs": [\n
Action.c(140):             {\n
Action.c(140):               "fill": "rgb(120, 29, 126)"\n
Action.c(140):             },\n
Action.c(140):             {\n
Action.c(140):               "fill": "rgb(120, 29, 126)"\n
Action.c(140):             },\n
Action.c(140):             {\n
Action.c(140):               "fill": "rgb(120, 29, 126)"\n
Action.c(140):             },\n
Action.c(140):             {\n
Action.c(140):               "fill": "rgb(120, 29, 126)"\n
Action.c(140):             },\n
Action.c(140):             {\n
Action.c(140):               "fill": "rgb(120, 29, 126)"\n
Action.c(140):             },\n
Action.c(140):             {\n
Action.c(140):               "fill": "rgb(120, 29, 126)"\n
Action.c(140):             },\n
Action.c(140):             {\n
Action.c(140):               "fill": "rgb(120, 29, 126)"\n
Action.c(140):             },\n
Action.c(140):             {\n
Action.c(140):               "fill": "rgb(120, 29, 126)"\n
Action.c(140):             },\n
Action.c(140):             {\n
Action.c(140):               "fill": "rgb(120, 29, 126)"\n
Action.c(140):             },\n
Action.c(140):             {\n
Action.c(140):               "fill": "rgb(120, 29, 126)"\n
Action.c(140):             },\n
Action.c(140):             {\n
Action.c(140):               "fill": "rgb(253, 185, 19)"\n
Action.c(140):             },\n
Action.c(140):             {\n
Action.c(140):               "fill": "rgb(238, 49, 36)"\n
Action.c(140):             },\n
Action.c(140):             {\n
Action.c(140):               "fill": "rgb(120, 29, 126)"\n
Action.c(140):             },\n
Action.c(140):             {\n
Action.c(140):               "fill": "rgb(141, 198, 63)"\n
Action.c(140):             },\n
Action.c(140):             {\n
Action.c(140):               "fill": "rgb(51, 51, 51)"\n
Action.c(140):             },\n
Action.c(140):             {\n
Action.c(140):               "fill": "rgb(51, 51, 51)"\n
Action.c(140):             },\n
Action.c(140):             {\n
Action.c(140):               "fill": "rgb(51, 51, 51)"\n
Action.c(140):             },\n
Action.c(140):             {\n
Action.c(140):               "fill": "rgb(51, 51, 51)"\n
Action.c(140):             },\n
Action.c(140):             {\n
Action.c(140):               "fill": "rgb(54, 54, 54)"\n
Action.c(140):             },\n
Action.c(140):             {\n
Action.c(140):               "fill": "rgb(51, 51, 51)"\n
Action.c(140):             },\n
Action.c(140):             {\n
Action.c(140):               "fill": "rgb(51, 51, 51)"\n
Action.c(140):             },\n
Action.c(140):             {\n
Action.c(140):               "fill": "rgb(94, 160, 0)"\n
Action.c(140):             },\n
Action.c(140):             {\n
Action.c(140):               "fill": "rgb(51, 51, 51)"\n
Action.c(140):             }\n
Action.c(140):           ],\n
Action.c(140):           "isMulticolor": true,\n
Action.c(140):           "width": 6872,\n
Action.c(140):           "grid": 32,\n
Action.c(140):           "tags": [\n
Action.c(140):             "peapod-logo-stopnshop"\n
Action.c(140):           ],\n
Action.c(140):           "defaultCode": 59901\n
Action.c(140):         },\n
Action.c(140):         {\n
Action.c(140):           "paths": [\n
Action.c(140):             "M398.222 568.889h910.222c34.133 0 56.889-22.756 56.889-56.889s-22.756-56.889-56.8
Action.c(140):     89-56.889h-910.222c-34.133 0-56.889 22.756-56.889 56.889s22.756 56.889 56.889 56.889zM398.
Action.c(140):     222 113.778h910.222c34.133 0 56.889-22.756 56.889-56.889s-22.756-56.889-56.889-56.889h-910
Action.c(140):     .222c-34.133 0-56.889 22.756-56.889 56.889s22.756 56.889 56.889 56.889zM398.222 1024h910.2
Action.c(140):     22c34.133 0 56.889-22.756 56.889-56.889s-22.756-56.889-56.889-56.889h-910.222c-34.133 0-56
Action.c(140):     .889 22.756-56.889 56.889s22.756 56.889 56.889 56.889zM0 56.889c0 34.133 22.756 56.889 56.
Action.c(140):     889 56.889s56.889-22.756 56.889-56.889-22.756-56.889-56.889-56.889-56.889 22.756-56.889 56
Action.c(140):     .889zM0 512c0 34.133 22.756 56.889 56.889 56.889s56.889-22.756 56.889-56.889-22.756-56.889
Action.c(140):     -56.889-56.889-56.889 22.756-56.889 56.889zM0 967.111c0 34.133 22.756 56.889 56.889 56.889
Action.c(140):     s56.889-22.756 56.889-56.889-22.756-56.889-56.889-56.889-56.889 22.756-56.889 56.889z"\n
Action.c(140):           ],\n
Action.c(140):           "width": 1365,\n
Action.c(140):           "grid": 32,\n
Action.c(140):           "tags": [\n
Action.c(140):             "icon_ul"\n
Action.c(140):           ],\n
Action.c(140):           "defaultCode": 59924\n
Action.c(140):         },\n
Action.c(140):         {\n
Action.c(140):           "paths": [\n
Action.c(140):             "M85.333 426.667h256c46.933 0 85.333-38.4 85.333-85.333v-256c0-46.933-38.4-85.333-
Action.c(140):     85.333-85.333h-256c-46.933 0-85.333 38.4-85.333 85.333v256c0 46.933 38.4 85.333 85.333 85.
Action.c(140):     333zM682.667 426.667h256c46.933 0 85.333-38.4 85.333-85.333v-256c0-46.933-38.4-85.333-85.3
Action.c(140):     33-85.333h-256c-46.933 0-85.333 38.4-85.333 85.333v256c0 46.933 38.4 85.333 85.333 85.333z
Action.c(140):     M0 938.667c0 46.933 38.4 85.333 85.333 85.333h256c46.933 0 85.333-38.4 85.333-85.333v-256c
Action.c(140):     0-46.933-38.4-85.333-85.333-85.333h-256c-46.933 0-85.333 38.4-85.333 85.333v256zM597.333 9
Action.c(140):     38.667c0 46.933 38.4 85.333 85.333 85.333h256c46.933 0 85.333-38.4 85.333-85.333v-256c0-46
Action.c(140):     .933-38.4-85.333-85.333-85.333h-256c-46.933 0-85.333 38.4-85.333 85.333v256z"\n
Action.c(140):           ],\n
Action.c(140):           "grid": 32,\n
Action.c(140):           "tags": [\n
Action.c(140):             "icon_grid-2x2"\n
Action.c(140):           ],\n
Action.c(140):           "defaultCode": 59925\n
Action.c(140):         },\n
Action.c(140):         {\n
Action.c(140):           "paths": [\n
Action.c(140):             "M56.889 568.889h398.222v398.222c0 34.133 22.756 56.889 56.889 56.889s56.889-22.75
Action.c(140):     6 56.889-56.889v-398.222h398.222c34.133 0 56.889-22.756 56.889-56.889s-22.756-56.889-56.88
Action.c(140):     9-56.889h-398.222v-398.222c0-34.133-22.756-56.889-56.889-56.889s-56.889 22.756-56.889 56.8
Action.c(140):     89v398.222h-398.222c-34.133 0-56.889 22.756-56.889 56.889s22.756 56.889 56.889 56.889z"\n
Action.c(140):           ],\n
Action.c(140):           "grid": 32,\n
Action.c(140):           "tags": [\n
Action.c(140):             "icon_plus"\n
Action.c(140):           ],\n
Action.c(140):           "defaultCode": 59926\n
Action.c(140):         },\n
Action.c(140):         {\n
Action.c(140):           "paths": [\n
Action.c(140):             "M1078.613 925.013l-474.453-887.467c-10.24-23.893-34.133-37.547-61.44-37.547v0c-23
Action.c(140):     .893 0-47.787 13.653-61.44 37.547l-474.453 887.467c-10.24 20.48-10.24 47.787 0 68.267 13.6
Action.c(140):     53 20.48 34.133 34.133 58.027 34.133h948.907c23.893 0 47.787-13.653 58.027-34.133 17.067-2
Action.c(140):     3.893 17.067-47.787 6.827-68.267zM68.267 955.733l474.453-887.467 474.453 887.467h-948.907z
Action.c(140):     M474.453 409.6v204.8c0 37.547 30.72 68.267 68.267 68.267s68.267-30.72 68.267-68.267v-204.8
Action.c(140):     c0-37.547-30.72-68.267-68.267-68.267s-68.267 30.72-68.267 68.267zM474.453 819.2c0 37.547 3
Action.c(140):     0.72 68.267 68.267 68.267s68.267-30.72 68.267-68.267-30.72-68.267-68.267-68.267-68.267 30.
Action.c(140):     72-68.267 68.267z"\n
Action.c(140):           ],\n
Action.c(140):           "width": 1085,\n
Action.c(140):           "grid": 32,\n
Action.c(140):           "tags": [\n
Action.c(140):             "icon_error-triangle_alt"\n
Action.c(140):           ],\n
Action.c(140):           "defaultCode": 59927\n
Action.c(140):         },\n
Action.c(140):         {\n
Action.c(140):           "paths": [\n
Action.c(140):             "M512 0c-283.733 0-512 228.267-512 512s228.267 512 512 512 512-228.267 512-512-228
Action.c(140):     .267-512-512-512zM512 960c-247.467 0-448-200.533-448-448s200.533-448 448-448 448 200.533 4
Action.c(140):     48 448-200.533 448-448 448zM736 309.333c-21.333-12.8-49.067-8.533-61.867 12.8l-215.467 328
Action.c(140):     .533-102.4-96c-19.2-17.067-46.933-14.933-64 2.133s-14.933 46.933 2.133 64l142.933 132.267c
Action.c(140):     0 0 2.133 0 2.133 0 2.1
Action.c(140): t=21893ms: 12288-byte DECODED response body for "https://stage.peapod.com/shop/images/icons/PeapodIcons.json" (RelFrameId=1, Internal ID=13)
Action.c(140):     33 0 2.133 2.133 4.267 4.267s4.267 2.133 6.4 2.133c2.133 2.133 4.267 2.133 6.4 2.133s4.267
Action.c(140):      0 8.533 2.133c4.267 0 6.4 0 10.667 0 2.133 0 2.133 0 4.267 0 4.267-2.133 8.533-2.133 12.8
Action.c(140):     -4.267 0 0 2.133 0 2.133-2.133 2.133-2.133 6.4-2.133 8.533-6.4 2.133-2.133 2.133-4.267 4.2
Action.c(140):     67-6.4 0 0 0 0 0 0l245.333-375.467c10.667-19.2 4.267-46.933-17.067-59.733z"\n
Action.c(140):           ],\n
Action.c(140):           "attrs": [\n
Action.c(140):             {\n
Action.c(140):               "fill": "rgb(81, 81, 81)"\n
Action.c(140):             }\n
Action.c(140):           ],\n
Action.c(140):           "tags": [\n
Action.c(140):             "icon_check_circle"\n
Action.c(140):           ],\n
Action.c(140):           "grid": 32,\n
Action.c(140):           "defaultCode": 59928\n
Action.c(140):         },\n
Action.c(140):         {\n
Action.c(140):           "paths": [\n
Action.c(140):             "M890.88 993.28c0 0 0-10.24 0 0l716.8-798.72c40.96-40.96 40.96-112.64 0-163.84 0 0
Action.c(140):      0 0 0 0-20.48-20.48-40.96-30.72-71.68-30.72h-1433.6c-30.72 0-51.2 10.24-71.68 40.96v0c-40
Action.c(140):     .96 40.96-40.96 112.64 0 163.84l716.8 798.72c40.96 30.72 102.4 30.72 143.36-10.24z"\n
Action.c(140):           ],\n
Action.c(140):           "width": 1638,\n
Action.c(140):           "tags": [\n
Action.c(140):             "arrow_triangle-down"\n
Action.c(140):           ],\n
Action.c(140):           "grid": 32,\n
Action.c(140):           "defaultCode": 59929\n
Action.c(140):         },\n
Action.c(140):         {\n
Action.c(140):           "paths": [\n
Action.c(140):             "M1094.621 380.567c7.847 31.387 11.77 62.774 11.77 94.161 0 255.019-215.785 462.95
Action.c(140):     8-498.268 510.038 58.851 23.54 125.548 39.234 200.092 39.234 66.697 0 129.471-11.77 188.32
Action.c(140):     2-35.31 74.544 23.54 153.011 31.387 219.709 31.387-35.31-39.234-58.851-82.391-74.544-117.7
Action.c(140):     01 74.544-66.697 117.701-153.011 117.701-247.172-7.847-105.931-66.697-207.939-164.782-274.
Action.c(140):     636zM54.927 914.146c7.847 11.77 19.617 19.617 35.31 19.617 0 0 0 0 0 0 43.157 0 125.548-31
Action.c(140):     .387 211.862-86.314 47.080 7.847 153.011 23.54 188.322 23.54 274.636 0 490.421-192.245 490
Action.c(140):     .421-439.418 3.923-235.402-215.785-431.571-490.421-431.571s-490.421 196.169-490.421 435.49
Action.c(140):     4c0 113.778 51.004 219.709 137.318 302.1-19.617 47.080-47.080 94.161-78.467 133.395-7.847 
Action.c(140):     15.693-11.77 31.387-3.923 43.157zM78.467 439.418c0-200.092 184.398-360.95 411.954-360.95s4
Action.c(140):     11.954 160.858 411.954 360.95c0 204.015-176.552 360.95-411.954 360.95-31.387 0-153.011-19.
Action.c(140):     617-188.322-23.54-11.77-3.923-19.617 0-31.387 3.923-35.31 23.54-66.697 39.234-94.161 51.00
Action.c(140):     4 15.693-27.464 27.464-58.851 39.234-86.314 3.923-15.693 0-31.387-11.77-43.157-78.467-74.5
Action.c(140):     44-125.548-164.782-125.548-262.866z"\n
Action.c(140):           ],\n
Action.c(140):           "width": 1252,\n
Action.c(140):           "tags": [\n
Action.c(140):             "icon_chat_alt"\n
Action.c(140):           ],\n
Action.c(140):           "grid": 32,\n
Action.c(140):           "defaultCode": 59930\n
Action.c(140):         },\n
Action.c(140):         {\n
Action.c(140):           "paths": [\n
Action.c(140):             "M866.462 945.231h-787.692v-787.692h581.002l49.152-78.769h-630.154c-43.497 0.016-7
Action.c(140):     8.753 35.273-78.769 78.768l-0 787.694c0.016 43.497 35.273 78.753 78.768 78.769l787.694 0c4
Action.c(140):     3.497-0.016 78.753-35.273 78.769-78.768l0-520.115-78.769 126.267v393.846zM999.030 8.98c-8.
Action.c(140):     495-5.628-18.925-8.98-30.137-8.98-19.216 0-36.133 9.844-45.984 24.764l-428.317 617.914-165
Action.c(140):     .652-189.046c-9.802-9.097-22.976-14.678-37.455-14.678-30.445 0-55.126 24.681-55.126 55.126
Action.c(140):      0 15.967 6.788 30.349 17.636 40.416l199.164 227.281c1.541 2.029 3.115 3.828 4.804 5.513l5
Action.c(140):     .042 5.751c0.63 0.551 1.418 0.709 2.048 1.26 1.575 1.26 2.521 2.993 4.175 4.175 3.097 1.92
Action.c(140):      6.666 3.601 10.429 4.858 1.229 0.42 1.938 0.971 2.804 1.208 5.039 1.775 10.85 2.836 16.89
Action.c(140):     9 2.914 0.273 0 0.509-0.157 0.745-0.157 0.29 0.006 0.632 0.009 0.974 0.009 15.695 0 29.844
Action.c(140):     -6.625 39.801-17.23 2.075-2.235 2.863-4.913 4.517-7.355l0.236-0.236 469.386-677.179c5.625-
Action.c(140):     8.504 8.974-18.941 8.974-30.16 0-19.231-9.839-36.164-24.759-46.039z"\n
Action.c(140):           ],\n
Action.c(140):           "tags": [\n
Action.c(140):             "icon_box-checked"\n
Action.c(140):           ],\n
Action.c(140):           "grid": 32,\n
Action.c(140):           "defaultCode": 59931\n
Action.c(140):         },\n
Action.c(140):         {\n
Action.c(140):           "paths": [\n
Action.c(140):             "M393.756 163.923c-128.995 0-233.566 104.571-233.566 233.566s104.571 233.566 233.5
Action.c(140):     66 233.566c128.995 0 233.566-104.571 233.566-233.566 0-0.006 0-0.014 0-0.021 0-128.983-104
Action.c(140):     .561-233.545-233.545-233.545-0.007 0-0.015 0-0.022 0l0.001-0zM393.756 566.040c-93.065 0-16
Action.c(140):     8.509-75.444-168.509-168.509s75.444-168.509 168.509-168.509c93.065 0 168.509 75.444 168.50
Action.c(140):     9 168.509s-75.444 168.509-168.509 168.509z",\n
Action.c(140):             "M784.59 435.926l-40.527-88.798 13.95-96.583c0.217-1.384 0.341-2.979 0.341-4.604 0
Action.c(140):     -0.009-0-0.017-0-0.026 0-0.007 0-0.018 0-0.028 0-11.367-5.838-21.371-14.68-27.176l-82.436-
Action.c(140):     52.953-40.527-88.947c-5.254-11.294-16.497-18.988-29.54-19.005l-97.695-0-82.1-52.643c-4.989
Action.c(140):     -3.263-11.098-5.204-17.661-5.204s-12.673 1.941-17.786 5.281l-81.847 52.609h-97.628c-13.014
Action.c(140):      0.024-24.23 7.698-29.395 18.763l-40.739 89.147-82.1 52.75c-9.038 5.864-14.932 15.905-14.9
Action.c(140):     32 27.323 0 1.709 0.132 3.387 0.387 5.025l13.841 96.273-40.527 88.776c-1.885 3.956-2.986 8
Action.c(140):     .598-2.986 13.497 0 0.002 0 0.003 0 0.005-0 0.019-0 0.041-0 0.063 0 8.157 3.014 15.609 7.9
Action.c(140):     89 21.305l63.958 73.679 13.907 96.669c1.787 12.666 10.71 22.861 22.509 26.475l25.356 7.568
Action.c(140):     v316.349c-0 0.012-0 0.026-0 0.040 0 17.93 14.535 32.465 32.465 32.465 6.124 0 11.853-1.696
Action.c(140):      16.741-4.644l210.831-123.122 211.169 123.139c4.674 2.801 10.313 4.458 16.338 4.458 0.030 
Action.c(140):     0 0.061-0 0.091-0 17.937 0 32.481-14.544 32.481-32.486 0 0 0 0 0 0l-0-316.285 24.892-7.423
Action.c(140):     c12.073-3.56 21.086-13.658 23.014-26.097l13.973-97.021 63.991-73.739c4.917-5.667 7.914-13.
Action.c(140):     116 7.914-21.265 0-5.028-1.141-9.789-3.178-14.040zM588.949 934.754l-178.662-104.219c-4.71-
Action.c(140):     2.815-10.389-4.48-16.456-4.48s-11.747 1.665-16.605 4.562l-178.62 104.137v-240.669l3.711 1.
Action.c(140):     088 63.991 73.781c5.957 6.9 14.716 11.241 24.488 11.241 0.015 0 0.029-0 0.044-0-0.001 0 0 
Action.c(140):     0 0.002 0 3.361 0 6.604-0.507 9.656-1.448l93.28-27.433 93.661 27.516c2.736 0.853 5.881 1.3
Action.c(140):     44 9.141 1.344 0.033 0 0.067-0 0.1-0 0.011 0 0.031 0 0.050 0 9.747 0 18.484-4.324 24.398-1
Action.c(140):     1.158l64.025-73.886 3.711-1.088v240.669zM660.405 509.216c-4.009 4.42-6.742 10.066-7.577 16
Action.c(140):     .311l-12.495 85.604-82.74 24.295c-6.233 1.655-11.497 5.134-15.338 9.824l-56.588 65.322-82.
Action.c(140):     74-24.316c-2.696-0.839-5.796-1.323-9.009-1.323-0.057 0-0.115 0-0.172 0 0.008-0 0.007-0 0.0
Action.c(140):     07-0-3.347 0-6.575 0.507-9.613 1.448l-82.318 24.191-56.525-65.206c-3.831-4.722-9.025-8.202
Action.c(140):     -14.981-9.849l-83.138-24.386-12.286-85.321c-0.827-6.486-3.589-12.211-7.68-16.705l-56.61-65
Action.c(140):     .182 35.835-78.474c1.845-3.911 2.923-8.495 2.923-13.331 0-0.052-0-0.105-0-0.157-0.002-1.69
Action.c(140):     5-0.134-3.365-0.386-4.996l-12.071-85.031 72.523-46.649c5.305-3.13 9.432-7.766 11.852-13.31
Action.c(140):     7l36.077-78.872h86.387c0.021 0 0.045 0 0.070 0 6.55 0 12.645-1.95 17.735-5.301l72.231-46.6
Action.c(140):     59 72.523 46.649c4.975 3.236 11.061 5.161 17.597 5.162l86.388 0 35.792 78.645c2.418 5.839 
Action.c(140):     6.526 10.574 11.71 13.708l72.843 46.806-12.329 85.321c-0.217 1.379-0.341 2.969-0.341 4.589
Action.c(140):      0 0.014 0 0.028 0 0.042-0 0.012-0 0.028-0 0.044 0 4.962 1.117 9.663 3.113 13.865l35.666 7
Action.c(140):     8.086z"\n
Action.c(140):           ],\n
Action.c(140):           "width": 788,\n
Action.c(140):           "tags": [\n
Action.c(140):             "vip_ribbon"\n
Action.c(140):           ],\n
Action.c(140):           "grid": 32,\n
Action.c(140):           "defaultCode": 59932\n
Action.c(140):         },\n
Action.c(140):         {\n
Action.c(140):           "paths": [\n
Action.c(140):             "M468.838 690.15l-11.75-47.898h-88.73l-11.75 47.898h-82.15l92.467-313.165h91.571l9
Action.c(140):     2.493 313.165h-82.15zM412.979 455.859l-29.568 120.32h58.675z",\n
Action.c(140):             "M804.992 690.15v-185.83l-63.386 185.933h-29.568l-62.925-185.933v185.933h-76.083v-
Action.c(140):     313.267h100.941l53.069 156.339 53.53-156.339h100.070v313.165h-75.648z",\n
Action.c(140):             "M931.686 690.15v-313.165h188.749v66.202h-112.64v54.938h109.389v66.227h-109.414v59
Action.c(140):     .622h112.64v66.202h-188.723z",\n
Action.c(140):             "M1328.23 690.15l-51.661-101.888-51.2 101.888h-86.835l90.598-160.102-85.453-153.06
Action.c(140):     2h86.886l46.080 95.77 45.542-95.77h87.322l-84.966 152.602 90.624 160.563h-86.938z"\n
Action.c(140):           ],\n
Action.c(140):           "width": 1690,\n
Action.c(140):           "attrs": [\n
Action.c(140):             {\n
Action.c(140):               "fill": "rgb(170, 170, 170)"\n
Action.c(140):             },\n
Action.c(140):             {\n
Action.c(140):               "fill": "rgb(170, 170, 170)"\n
Action.c(140):             },\n
Action.c(140):             {\n
Action.c(140):               "fill": "rgb(170, 170, 170)"\n
Action.c(140):             },\n
Action.c(140):             {\n
Action.c(140):               "fill": "rgb(170, 170, 170)"\n
Action.c(140):             }\n
Action.c(140):           ],\n
Action.c(140):           "tags": [\n
Action.c(140):             "cc_amex_bw"\n
Action.c(140):           ],\n
Action.c(140):           "grid": 32,\n
Action.c(140):           "defaultCode": 59933\n
Action.c(140):         },\n
Action.c(140):         {\n
Action.c(140):           "paths": [\n
Action.c(140):             "M352.102 510.131c0.138 1.962 0.216 4.253 0.216 6.561 0 27.174-10.89 51.805-28.544
Action.c(140):      69.767-19.909 16.637-45.799 26.748-74.050 26.748-2.764 0-5.506-0.097-8.222-0.287l-56.799 
Action.c(140):     0.021v-201.702h63.309c1.968-0.13 4.267-0.204 6.583-0.204 26.893 0 51.459 9.961 70.211 26.3
Action.c(140):     95 16.929 17.143 27.463 40.867 27.463 67.051 0 1.988-0.061 3.961-0.18 5.919zM307.686 511.2
Action.c(140):     58q0-64.973-57.344-64.973h-22.81v131.302h18.227q61.952 0.026 61.926-66.33z",\n
Action.c(140):             "M388.275 612.915v-201.702h42.752v201.702h-42.752z",\n
Action.c(140):             "M600.883 556.902c0.031 0.674 0.049 1.464 0.049 2.258 0 16.488-7.667 31.185-19.63 
Action.c(140):     40.72-13.902 10.032-31.149 15.997-49.788 15.997-1.758 0-3.504-0.053-5.237-0.158-0.488 0.02
Action.c(140):     6-1.345 0.035-2.203 0.035-19.859 0-38.671-4.483-55.479-12.492l0.78-39.396c9.55 4.556 21.02
Action.c(140):     0 8.913 32.871 12.377 9.414 2.632 18.307 3.969 27.49 4.108 0.751 0.044 1.534 0.069 2.323 0
Action.c(140):     .069 7.153 0 13.833-2.026 19.497-5.535 4.445-3.341 7.394-8.772 7.394-14.891 0-0.349-0.010-
Action.c(140):     0.696-0.029-1.040 0.003-0.028 0.004-0.118 0.004-0.208 0-3.87-1.259-7.445-3.389-10.339-2.62
Action.c(140):     8-3.519-5.866-6.489-9.571-8.775-7.275-4.46-15.84-9.015-24.678-13.078-12.173-5.377-21.302-1
Action.c(140):     0.969-29.593-17.569-5.747-4.94-10.689-11.124-14.325-18.099-3.64-7.23-5.678-15.36-5.678-23.
Action.c(140):     967 0-0.432 0.005-0.863 0.015-1.292-0.039-0.683-0.061-1.558-0.061-2.437 0-15.792 7.023-29.
Action.c(140):     944 18.117-39.502 12.601-9.722 28.526-15.548 45.813-15.548 1.559 0 3.107 0.047 4.642 0.141
Action.c(140):     -0.042-0.011 0.157-0.012 0.356-0.012 10.459 0 20.602 1.355 30.262 3.898 10.873 2.955 20.80
Action.c(140):     6 6.529 30.355 10.809l-15.104 32.757c-7.315-3.259-16.211-6.414-25.376-8.921-7.602-1.923-14
Action.c(140):     .755-2.855-22.121-2.881-0.586-0.042-1.251-0.067-1.921-0.067-6.332 0-12.16 2.154-16.792 5.7
Action.c(140):     7-3.94 3.623-6.439 8.873-6.439 14.708 0 3.631 0.968 7.036 2.66 9.971 2.178 3.163 4.958 5.8
Action.c(140):     7 8.181 7.95 7.483 4.578 16.375 9.303 25.544 13.531 16.938 7.091 29.873 16.281 40.392 27.7
Action.c(140):     26 6.705 8.708 10.702 19.665 10.702 31.555 0 0.643-0.012 1.283-0.035 1.921z",\n
Action.c(140):             "M723.098 443.904c-0.571-0.027-1.239-0.042-1.912-0.042-14.547 0-27.434 7.108-35.37
Action.c(140):     7 18.041-8.481 12.999-13.473 28.755-13.473 45.678 0 1.771 0.055 3.529 0.162 5.273q-0.012 6
Action.c(140):     7.191 50.599 67.217c18.688-0.706 36.281-4.533 52.556-10.973l-1.075 36.215c-15.706 6.491-33
Action.c(140):     .944 10.26-53.062 10.26-0.848 0-1.695-0.007-2.54-0.022-1.487 0.111-3.372 0.174-5.272 0.174
Action.c(140):     -24.422 0-46.429-10.338-61.884-26.876-14.735-18.928-23.597-42.974-23.597-69.091 0-2.676 0.
Action.c(140):     093-5.33 0.276-7.959-0.037-0.412-0.046-1.315-0.046-2.22 0-19.010 4.257-37.027 11.869-53.14
Action.c(140):     8 6.89-14.569 18.186-26.968 32.173-35.334 14.183-8.163 30.741-12.856 48.395-12.856 0.803 0
Action.c(140):      1.604 0.010 2.402 0.029 21.433 0.225 41.713 5.448 59.688 14.561l-14.571 34.41c-5.96-2.952
Action.c(140):     -13.494-6.116-21.22-8.875-8.282-2.981-16.013-4.433-24.079-4.463z",\n
Action.c(140):             "M1116.902 411.213h43.187l-68.506 201.702h-46.643l-68.403-201.702h43.213l37.965 12
Action.c(140):     0.013c2.099 7.117 4.352 15.36 6.554 24.781s3.61 15.898 4.198 19.635c2.871-17.388 6.431-32.
Action.c(140):     358 10.904-46.929z",\n
Action.c(140):             "M1301.632 612.915h-116.173v-201.702h116.173v35.072h-73.421v44.288h68.352v35.046h-
Action.c(140):     68.352v51.968h73.421v35.328z",\n
Action.c(140):             "M1386.496 535.526v77.389h-42.752v-201.702h58.88c2.28-0.184 4.936-0.289 7.617-0.28
Action.c(140):     9 19.727 0 38.125 5.686 53.646 15.509 11.721 10.723 19.313 26.517 19.313 44.085 0 12.19-3.
Action.c(140):     655 23.527-9.929 32.973-6.889 9.338-16.257 16.79-27.135 21.355q45.065 68.101 58.863 87.992
Action.c(140):     h-47.565l-48.154-77.389h-22.784zM1386.496 500.736h13.824c1.144 0.088 2.478 0.138 3.824 0.1
Action.c(140):     38 9.596 0 18.596-2.549 26.361-7.007 5.671-4.343 9.462-11.379 9.462-19.301 0-0.646-0.025-1
Action.c(140):     .286-0.075-1.92 0.062-0.51 0.094-1.201 0.094-1.899 0-7.698-3.928-14.479-9.889-18.447-7.79-
Action.c(140):     3.965-16.891-6.258-26.527-6.258-1.432 0-2.852 0.051-4.259 0.15l-12.867-0.011v54.502z",\n
Action.c(140):             "M981.018 512.077c0 55.706-45.158 100.864-100.864 100.864s-100.864-45.158-100.864-
Action.c(140):     100.864c0-55.706 45.158-100.864 100.864-100.864s100.864 45.158 100.864 100.864z"\n
Action.c(140):           ],\n
Action.c(140):           "width": 1690,\n
Action.c(140):           "attrs": [\n
Action.c(140):             {\n
Action.c(140):               "fill": "rgb(170, 170, 170)"\n
Action.c(140):             },\n
Action.c(140):             {\n
Action.c(140):               "fill": "rgb(170, 170, 170)"\n
Action.c(140):             },\n
Action.c(140):             {\n
Action.c(140):               "fill": "rgb(170, 170, 170)"\n
Action.c(140):             },\n
Action.c(140):             {\n
Action.c(140):               "fill": "rgb(170, 170, 170)"\n
Action.c(140):             },\n
Action.c(140):             {\n
Action.c(140):               "fill": "rgb(170, 170, 170)"\n
Action.c(140):             },\n
Action.c(140):             {\n
Action.c(140):               "fill": "rgb(170, 170, 170)"\n
Action.c(140):             },\n
Action.c(140):             {\n
Action.c(140):               "fill": "rgb(170, 170, 170)"\n
Action.c(140):             },\n
Action.c(140):             {\n
Action.c(140):               "fill": "rgb(198, 198, 198)"\n
Action.c(140):             }\n
Action.c(140):           ],\n
Action.c(140):           "isMulticolor": true,\n
Action.c(140):           "tags": [\n
Action.c(140):             "cc_discover_bw"\n
Action.c(140):           ],\n
Action.c(140):           "grid": 32,\n
Action.c(140):           "defaultCode": 59934\n
Action.c(140):         },\n
Action.c(140):         {\n
Action.c(140):           "paths": [\n
Action.c(140):             "M911.718 512c0 147.917-119.91 267.827-267.827 267.827s-267.827-119.91-267.827-267
Action.c(140):     .827c0-147.917 119.91-267.827 267.827-267.827s267.827 119.91 267.827 267.827z",\n
Action.c(140):             "M1044.864 246.784c-79.464 0.011-150.771 34.927-199.425 90.251-11.254 12.846-21.32
Action.c(140):     5 26.781-30.026 41.617l60.107 1.27
Action.c(140): t=21930ms: 12288-byte DECODED response body for "https://stage.peapod.com/shop/images/icons/PeapodIcons.json" (RelFrameId=1, Internal ID=13)
Action.c(140):     8c8.912 15.238 16.781 32.874 22.676 51.39l-107.156 1.883c-5.113 15.387-9.028 33.424-11.010
Action.c(140):      52.040l129.846 1.157c0.995 7.816 1.651 17.044 1.814 26.392 0.003 9.244-0.534 18.152-1.405
Action.c(140):      26.856h-130.355c2.095 19.803 6.027 37.865 11.692 55.143l107.476-1.869c-6.564 20.404-14.56
Action.c(140):     3 38.031-24.283 54.521l-60.171-1.248c9.381 16.104 19.452 30.032 30.727 42.878 48.774 55.29
Action.c(140):     9 120.178 90.191 199.732 90.191 147.040 0 266.24-119.2 266.24-266.24s-119.2-266.24-266.24-
Action.c(140):     266.24c-0.084 0-0.167 0-0.251 0z"\n
Action.c(140):           ],\n
Action.c(140):           "width": 1690,\n
Action.c(140):           "attrs": [\n
Action.c(140):             {\n
Action.c(140):               "fill": "rgb(170, 170, 170)"\n
Action.c(140):             },\n
Action.c(140):             {\n
Action.c(140):               "fill": "rgb(198, 198, 198)"\n
Action.c(140):             }\n
Action.c(140):           ],\n
Action.c(140):           "isMulticolor": true,\n
Action.c(140):           "tags": [\n
Action.c(140):             "cc_mastercard_bw"\n
Action.c(140):           ],\n
Action.c(140):           "grid": 32,\n
Action.c(140):           "defaultCode": 59942\n
Action.c(140):         },\n
Action.c(140):         {\n
Action.c(140):           "paths": [\n
Action.c(140):             "M645.274 687.334l59.597-349.773h95.334l-59.648 349.773h-95.283z",\n
Action.c(140):             "M1086.336 346.163c-24.926-9.311-53.728-14.7-83.789-14.7-0.585 0-1.17 0.002-1.754 
Action.c(140):     0.006-94.118-0-160.473 47.436-161.037 115.43-0.538 50.253 47.36 78.285 83.533 95.027 37.09
Action.c(140):     4 17.152 49.587 28.16 49.408 43.52-0.23 23.45-29.645 34.15-57.037 34.15-1.754 0.055-3.816 
Action.c(140):     0.087-5.885 0.087-30.42 0-59.253-6.798-85.062-18.958l-11.069-5.039-13.389 78.182c31.067 11
Action.c(140):     .822 66.992 18.667 104.516 18.667 0.588 0 1.176-0.002 1.763-0.005 100.134 0 165.183-46.899
Action.c(140):      165.926-119.5 0.358-39.782-25.037-70.067-80.051-95.027-33.28-16.179-53.76-26.982-53.504-4
Action.c(140):     3.366 0-14.541 17.28-30.080 54.605-30.080 1.158-0.027 2.523-0.043 3.891-0.043 24.339 0 47.
Action.c(140):     525 4.938 68.611 13.866l7.396 3.611 12.928-75.827z",\n
Action.c(140):             "M1330.816 337.92h-73.677c-1.822-0.248-3.927-0.39-6.066-0.39-19.687 0-36.571 11.99
Action.c(140):     9-43.738 29.082l-141.71 320.824h100.122s16.358-43.11 20.070-52.557l122.086 0.154c2.842 12.
Action.c(140):     237 11.597 52.403 11.597 52.403h88.499l-77.184-349.517zM1213.261 563.354c7.885-20.147 37.9
Action.c(140):     9-97.766 37.99-97.766-0.563 0.922 7.834-20.25 12.646-33.28l6.451 30.157s18.253 83.482 22.0
Action.c(140):     67 100.992h-79.155z",\n
Action.c(140):             "M565.299 337.92l-93.338 238.515-9.933-48.563c-24.863-64.312-71.423-115.624-130.51
Action.c(140):     2-145.998l83.818 305.179 100.864-0.128 150.093-349.005h-100.992z",\n
Action.c(140):             "M385.382 337.587h-153.728l-1.254 7.27c119.603 28.954 198.733 98.918 231.603 182.9
Action.c(140):     89l-33.408-160.742c-4.663-17.276-20.192-29.779-38.643-29.779-1.61 0-3.199 0.095-4.759 0.28
Action.c(140):     z"\n
Action.c(140):           ],\n
Action.c(140):           "width": 1690,\n
Action.c(140):           "attrs": [\n
Action.c(140):             {\n
Action.c(140):               "fill": "rgb(170, 170, 170)"\n
Action.c(140):             },\n
Action.c(140):             {\n
Action.c(140):               "fill": "rgb(170, 170, 170)"\n
Action.c(140):             },\n
Action.c(140):             {\n
Action.c(140):               "fill": "rgb(170, 170, 170)"\n
Action.c(140):             },\n
Action.c(140):             {\n
Action.c(140):               "fill": "rgb(170, 170, 170)"\n
Action.c(140):             },\n
Action.c(140):             {\n
Action.c(140):               "fill": "rgb(170, 170, 170)"\n
Action.c(140):             }\n
Action.c(140):           ],\n
Action.c(140):           "tags": [\n
Action.c(140):             "cc_visa_bw"\n
Action.c(140):           ],\n
Action.c(140):           "grid": 32,\n
Action.c(140):           "defaultCode": 59944\n
Action.c(140):         },\n
Action.c(140):         {\n
Action.c(140):           "paths": [\n
Action.c(140):             "M568.73 559.478c-154.5 0-279.748-125.247-279.748-279.748s125.247-279.748 279.748-
Action.c(140):     279.748c154.5 0 279.748 125.247 279.748 279.748-0.175 154.43-125.318 279.573-279.731 279.7
Action.c(140):     48zM568.73 51.208c-126.219 0-228.54 102.321-228.54 228.54s102.321 228.54 228.54 228.54c126
Action.c(140):     .219 0 228.54-102.321 228.54-228.54 0-0.006-0-0.012-0-0.018-0.117-126.168-102.37-228.415-2
Action.c(140):     28.53-228.522z",\n
Action.c(140):             "M265 894.069c-0.159-0.001-0.346-0.002-0.534-0.002-35.879 0-64.965 29.086-64.965 6
Action.c(140):     4.965s29.086 64.965 64.965 64.965c18.068 0 34.413-7.376 46.188-19.28 11.609-11.736 18.777-
Action.c(140):     27.874 18.777-45.685 0-35.692-28.782-64.661-64.403-64.963z",\n
Action.c(140):             "M849.604 894.069c-0.268-0.004-0.584-0.006-0.901-0.006-36.379 0-65.87 29.491-65.87
Action.c(140):      65.87s29.491 65.87 65.87 65.87c36.379 0 65.87-29.491 65.87-65.87 0-18.189-7.372-34.656-19
Action.c(140):     .291-46.576-11.391-11.897-27.401-19.291-45.139-19.291-0.189 0-0.378 0.001-0.567 0.003z",\n
Action.c(140):             "M480.687 303.832h60.801v60.801c0 14.141 11.463 25.604 25.604 25.604s25.604-11.463
Action.c(140):      25.604-25.604v-60.801h60.801c14.141 0 25.604-11.463 25.604-25.604s-11.463-25.604-25.604-2
Action.c(140):     5.604h-60.801v-60.903c0-14.141-11.463-25.604-25.604-25.604s-25.604 11.463-25.604 25.604v60
Action.c(140):     .903h-60.801c-14.141 0-25.604 11.463-25.604 25.604s11.463 25.604 25.604 25.604z",\n
Action.c(140):             "M868.158 673.108c0.001 0 0.003 0 0.004 0 10.716 0 19.894-6.583 23.711-15.925l148.
Action.c(140):     752-371.87c1.154-2.81 1.824-6.072 1.824-9.49 0-14.134-11.452-25.593-25.583-25.604l-127.201
Action.c(140):     -0c0.888 9.747 1.502 19.561 1.502 29.53 0 7.323-0.614 14.475-1.092 21.678h88.982l-128.224 
Action.c(140):     320.475h-605.958l-64.129-320.492h66.672c-0.478-7.203-1.092-14.355-1.092-21.678 0-9.968 0.6
Action.c(140):     14-19.8 1.502-29.53h-77.324l-20.654-103.32c-2.432-11.812-12.745-20.568-25.104-20.568-0.002
Action.c(140):      0-0.004 0-0.005 0l-99.138-0c-14.141 0-25.604 11.463-25.604 25.604s11.463 25.604 25.604 25
Action.c(140):     .604h78.143l20.654 103.32 73.21 366.084-23.897 145.174c-0.215 1.247-0.338 2.683-0.338 4.14
Action.c(140):     8 0 14.141 11.463 25.604 25.604 25.604 0.005 0 0.010-0 0.015-0l768.302 0c14.141 0 25.604-1
Action.c(140):     1.463 25.604-25.604s-11.463-25.604-25.604-25.604h-738.073l15.994-97.482h622.941z"\n
Action.c(140):           ],\n
Action.c(140):           "width": 1042,\n
Action.c(140):           "tags": [\n
Action.c(140):             "largeIcon_addToCart"\n
Action.c(140):           ],\n
Action.c(140):           "grid": 32,\n
Action.c(140):           "defaultCode": 59945\n
Action.c(140):         },\n
Action.c(140):         {\n
Action.c(140):           "paths": [\n
Action.c(140):             "M260.262 896.392c-0.156-0.001-0.34-0.002-0.524-0.002-35.238 0-63.804 28.566-63.80
Action.c(140):     4 63.804s28.566 63.804 63.804 63.804c17.745 0 33.798-7.244 45.363-18.936 11.401-11.526 18.
Action.c(140):     441-27.375 18.441-44.869 0-35.054-28.268-63.505-63.251-63.802z",\n
Action.c(140):             "M834.415 896.392c-0.258-0.004-0.563-0.006-0.868-0.006-35.729 0-64.693 28.964-64.6
Action.c(140):     93 64.693s28.964 64.693 64.693 64.693c35.729 0 64.693-28.964 64.693-64.693 0-17.872-7.247-
Action.c(140):     34.051-18.963-45.76-11.186-11.674-26.904-18.929-44.316-18.929-0.192 0-0.383 0.001-0.574 0.
Action.c(140):     003z",\n
Action.c(140):             "M560.188 568.57c157.006-0 284.285-127.279 284.285-284.285s-127.279-284.285-284.28
Action.c(140):     5-284.285c-157.006 0-284.285 127.279-284.285 284.285 0 0.006 0 0.012 0 0.018 0.181 156.929
Action.c(140):      127.354 284.096 284.269 284.267zM560.188 52.036c128.261 0.010 232.233 103.988 232.233 232
Action.c(140):     .249 0 128.268-103.982 232.249-232.249 232.249-128.262 0-232.24-103.972-232.249-232.232 0.
Action.c(140):     095-128.253 104.019-232.201 232.253-232.334z",\n
Action.c(140):             "M852.638 679.381c0.001 0 0.003 0 0.004 0 10.524 0 19.538-6.465 23.287-15.641l146.
Action.c(140):     093-365.222c1.133-2.76 1.791-5.964 1.791-9.321 0-13.881-11.247-25.135-25.126-25.146l-114.1
Action.c(140):     81-0c0.419 6.706 1.023 13.411 1.023 20.268 0 10.058-0.604 20.117-1.526 30.024h77.534l-125.
Action.c(140):     915 314.746h-595.125l-62.983-314.762h58.859c-0.905-9.908-1.526-19.899-1.526-30.024 0-6.84 
Action.c(140):     0.604-13.529 1.023-20.268h-68.431l-20.285-101.423c-2.361-11.631-12.502-20.264-24.659-20.26
Action.c(140):     8l-97.349-0c-13.888 0-25.146 11.258-25.146 25.146s11.258 25.146 25.146 25.146h76.746l20.28
Action.c(140):     5 101.473 71.901 359.506-23.47 142.578c-0.211 1.225-0.332 2.635-0.332 4.074 0 13.888 11.25
Action.c(140):     8 25.146 25.146 25.146 0.005 0 0.010-0 0.014-0l754.567 0c13.888 0 25.146-11.258 25.146-25.
Action.c(140):     146s-11.258-25.146-25.146-25.146h-724.879l15.708-95.74h611.889z",\n
Action.c(140):             "M510.868 410.552c4.55 4.547 10.834 7.359 17.775 7.359 0.004 0 0.008-0 0.012-0l1.6
Action.c(140):     76 0c7.463-0.502 13.975-4.189 18.247-9.699l139.922-181.897c3.355-4.234 5.381-9.653 5.381-1
Action.c(140):     5.546 0-13.888-11.258-25.146-25.146-25.146-8.179 0-15.446 3.905-20.038 9.952l-122.507 159.
Action.c(140):     153-58.674-58.674c-4.579-4.736-10.99-7.677-18.087-7.677-13.888 0-25.146 11.258-25.146 25.1
Action.c(140):     46 0 7.098 2.941 13.508 7.67 18.081z"\n
Action.c(140):           ],\n
Action.c(140):           "tags": [\n
Action.c(140):             "largeIcon_addToCartSuccess"\n
Action.c(140):           ],\n
Action.c(140):           "grid": 32,\n
Action.c(140):           "defaultCode": 59946\n
Action.c(140):         },\n
Action.c(140):         {\n
Action.c(140):           "paths": [\n
Action.c(140):             "M980.975 129.076h-73.16v98.39c0.002 0.23 0.003 0.503 0.003 0.775 0 29.189-12.658 
Action.c(140):     55.422-32.783 73.509-18.195 16.653-42.415 26.808-69.006 26.808-0.113 0-0.225-0-0.338-0.001
Action.c(140):     -0.138 0.001-0.321 0.001-0.505 0.001-27.456 0-52.314-11.121-70.315-29.104-18.084-18.206-29
Action.c(140):     .261-43.293-29.261-70.991 0-0.333 0.002-0.665 0.005-0.997l-0-98.391h-378.622v98.39c0.002 0
Action.c(140):     .23 0.003 0.503 0.003 0.775 0 29.189-12.658 55.422-32.783 73.509-18.195 16.653-42.415 26.8
Action.c(140):     08-69.006 26.808-0.113 0-0.225-0-0.338-0.001-0.087 0-0.21 0.001-0.334 0.001-27.455 0-52.31
Action.c(140):     3-11.121-70.314-29.104-18.084-18.206-29.261-43.293-29.261-70.991 0-0.333 0.002-0.665 0.005
Action.c(140):     -0.997l-0-98.391h-73.332c-28.479 0.088-51.542 23.151-51.63 51.622l-0 791.672c0.088 28.479 
Action.c(140):     23.151 51.542 51.622 51.63l929.353 0c28.479-0.088 51.542-23.151 51.63-51.622l0-791.672c-0.
Action.c(140):     088-28.479-23.151-51.542-51.622-51.63zM980.975 972.37h-929.345v-533.513h929.345v533.513z",
Action.c(140):     \n
Action.c(140):             "M223.731 258.151c14.257 0 25.815-11.558 25.815-25.815v-206.521c0-14.257-11.558-25
Action.c(140):     .815-25.815-25.815s-25.815 11.558-25.815 25.815v206.521c0 14.257 11.558 25.815 25.815 25.8
Action.c(140):     15z",\n
Action.c(140):             "M808.874 258.151c14.257 0 25.815-11.558 25.815-25.815v-206.521c0-14.257-11.558-25
Action.c(140):     .815-25.815-25.815s-25.815 11.558-25.815 25.815v206.521c0 14.257 11.558 25.815 25.815 25.8
Action.c(140):     15z"\n
Action.c(140):           ],\n
Action.c(140):           "width": 1033,\n
Action.c(140):           "tags": [\n
Action.c(140):             "largeIcon_calendar"\n
Action.c(140):           ],\n
Action.c(140):           "grid": 32,\n
Action.c(140):           "defaultCode": 59947\n
Action.c(140):         },\n
Action.c(140):         {\n
Action.c(140):           "paths": [\n
Action.c(140):             "M182.426 219.002c13.976 0 25.306-11.33 25.306-25.306v-168.389c0-13.976-11.33-25.3
Action.c(140):     06-25.306-25.306s-25.306 11.33-25.306 25.306v168.389c0 13.976 11.33 25.306 25.306 25.306z"
Action.c(140):     ,\n
Action.c(140):             "M659.553 219.002c13.976 0 25.306-11.33 25.306-25.306v-168.389c0-13.976-11.33-25.3
Action.c(140):     06-25.306-25.306s-25.306 11.33-25.306 25.306v168.389c0 13.976 11.33 25.306 25.306 25.306z"
Action.c(140):     ,\n
Action.c(140):             "M50.613 788.599v-426.498h740.753v130.531c0.692 0 1.35-0.101 2.041-0.101 17.235 0.
Action.c(140):     104 34.023 1.714 50.328 4.705l-1.757-337.113c-0.086-27.918-22.695-50.527-50.605-50.613l-51
Action.c(140):     .144-0v80.221c0.002 0.189 0.003 0.412 0.003 0.635 0 23.8-10.323 45.189-26.736 59.934-14.84
Action.c(140):      13.582-34.592 21.863-56.279 21.863-0.092 0-0.185-0-0.277-0-0.086 0-0.205 0.001-0.323 0.00
Action.c(140):     1-22.408 0-42.695-9.085-57.378-23.772-14.796-14.856-23.943-35.347-23.943-57.975 0-0.241 0.
Action.c(140):     001-0.482 0.003-0.722l-0-80.201h-308.587v80.221c0.002 0.189 0.003 0.412 0.003 0.635 0 23.8
Action.c(140):     -10.323 45.189-26.736 59.934-14.84 13.582-34.592 21.863-56.279 21.863-0.092 0-0.185-0-0.27
Action.c(140):     7-0-0.086 0-0.205 0.001-0.323 0.001-22.408 0-42.695-9.085-57.378-23.772-14.776-14.853-23.9
Action.c(140):     09-35.331-23.909-57.942 0-0.253 0.001-0.505 0.003-0.758l-0-80.183h-51.203c-27.918 0.086-50
Action.c(140):     .527 22.695-50.613 50.605l-0 628.502c0.086 27.918 22.695 50.527 50.605 50.613l462.408 0c-3
Action.c(140):     .273-14.977-5.404-32.388-5.913-50.205l-456.487-0.407z",\n
Action.c(140):             "M793.391 534.725c-135.105 0-244.629 109.524-244.629 244.629s109.524 244.629 244.6
Action.c(140):     29 244.629c135.105 0 244.629-109.524 244.629-244.629-0.163-135.039-109.59-244.466-244.613-
Action.c(140):     244.629zM793.391 973.37c-107.152 0-194.016-86.864-194.016-194.016s86.864-194.016 194.016-1
Action.c(140):     94.016c107.152 0 194.016 86.864 194.016 194.016-0.077 107.138-86.885 193.976-194.004 194.1
Action.c(140):     z",\n
Action.c(140):             "M888.104 754.048h-69.39v-103.402c0-13.976-11.33-25.306-25.306-25.306s-25.306 11.3
Action.c(140):     3-25.306 25.306v128.709c0 13.976 11.33 25.306 25.306 25.306h94.697c13.976 0 25.306-11.33 2
Action.c(140):     5.306-25.306s-11.33-25.306-25.306-25.306z"\n
Action.c(140):           ],\n
Action.c(140):           "width": 1038,\n
Action.c(140):           "tags": [\n
Action.c(140):             "largeIcon_calendarClock"\n
Action.c(140):           ],\n
Action.c(140):           "grid": 32,\n
Action.c(140):           "defaultCode": 59948\n
Action.c(140):         },\n
Action.c(140):         {\n
Action.c(140):           "paths": [\n
Action.c(140):             "M512 0c-282.77 0-512 229.23-512 512s229.23 512 512 512c282.77 0 512-229.23 512-51
Action.c(140):     2-0.329-282.637-229.363-511.671-511.968-512zM512 971.338c-253.685 0-459.338-205.653-459.33
Action.c(140):     8-459.338s205.653-459.338 459.338-459.338c253.685 0 459.338 205.653 459.338 459.338-0.329 
Action.c(140):     253.553-205.785 459.008-459.306 459.338z",\n
Action.c(140):             "M582.216 256.009c44.026 0 114.102 52.223 114.102 114.102 0 14.542 11.789 26.331 2
Action.c(140):     6.331 26.331s26.331-11.789 26.331-26.331c0-89.807-91.703-166.764-166.764-166.764h-46.817v-
Action.c(140):     38.040c0-14.542-11.789-26.331-26.331-26.331s-26.331 11.789-26.331 26.331v38.040h-40.954c-7
Action.c(140):     5.061 0-166.764 76.957-166.764 166.764 0 91.948 59.052 166.764 131.656 166.764h76.062v228.
Action.c(140):     203h-40.954c-44.026 0-114.102-52.223-114.102-114.102 0-14.542-11.789-26.331-26.331-26.331s
Action.c(140):     -26.331 11.789-26.331 26.331c0 89.807 91.703 166.764 166.764 166.764h40.954v40.954c0 14.54
Action.c(140):     2 11.789 26.331 26.331 26.331s26.331-11.789 26.331-26.331v-40.954h46.817c75.061 0 166.764-
Action.c(140):     76.957 166.764-166.764 0-91.948-59.052-166.764-131.656-166.764h-81.925v-228.203h46.817zM61
Action.c(140):     7.325 536.874c42.814 0 78.993 52.259 78.993 114.102s-70.076 114.102-114.102 114.102h-46.81
Action.c(140):     7v-228.203h81.925zM482.737 484.212h-76.062c-42.814 0-78.993-52.259-78.993-114.102s70.076-1
Action.c(140):     14.102 114.102-114.102h40.954v228.203z"\n
Action.c(140):           ],\n
Action.c(140):           "tags": [\n
Action.c(140):             "largeIcon_dollarSign"\n
Action.c(140):           ],\n
Action.c(140):           "grid": 32,\n
Action.c(140):           "defaultCode": 59949\n
Action.c(140):         },\n
Action.c(140):         {\n
Action.c(140):           "paths": [\n
Action.c(140):             "M554.777 544.213c26.84-37.782 46.738-82.487 56.747-130.812 23.377-15.621 39.040-3
Action.c(140):     9.366 40.944-66.897 3.766-45.446-10.127-65.558-28.566-74.465-0.22-5.341 2
Action.c(140): t=21970ms: 12288-byte DECODED response body for "https://stage.peapod.com/shop/images/icons/PeapodIcons.json" (RelFrameId=1, Internal ID=13)
Action.c(140):     9.442-157.366-78.573-196.221-12.304-18.726-95.609-132.318-246.755-40.157-29.75 18.061-54.9
Action.c(140):     32 40.336-75.612 66.351-27.637 34.836-45.822 87.618-48.915 168.658-20.281 7.927-35.982 27.
Action.c(140):     616-32.011 75.581 1.169 28.95 17.176 53.917 40.581 67.614 11.001 49.713 30.656 93.377 57.6
Action.c(140):     89 131.435-139.379 35.307-240.039 159.388-240.306 307.022l-0 78.722c0.067 51.311 41.645 92
Action.c(140):     .888 92.949 92.956l608.444 0c51.311-0.067 92.888-41.645 92.956-92.949l0-78.698c-0.266-147.
Action.c(140):     665-100.926-271.745-237.352-307.643zM234.181 254.023c132.437 0 212.463-54.793 256.896-102.
Action.c(140):     758 32.598 33.815 57.781 75.013 72.784 120.821 3.64 18.299 5.373 36.793 5.4 55.687 0 136.9
Action.c(140):     22-80.415 256.919-172.086 256.919s-172.086-119.997-172.086-256.896c-0-0.143-0-0.313-0-0.48
Action.c(140):     2 0-26.032 3.317-51.29 9.551-75.374zM743.646 931.044c0 23.335-18.917 42.253-42.253 42.253h
Action.c(140):     -223.094l-54.81-220.221c15.647-0.287 28.221-13.039 28.221-28.727 0-2.401-0.295-4.733-0.849
Action.c(140):     -6.963l-11.789-48.055c-3.142-12.507-14.287-21.621-27.561-21.621-0.18 0-0.359 0.002-0.539 0
Action.c(140):     .005l-27.589-0c-0.119-0.002-0.259-0.003-0.399-0.003-13.361 0-24.584 9.158-27.732 21.54l-11
Action.c(140):     .687 48.467c-0.488 1.982-0.768 4.258-0.768 6.599 0 15.633 12.485 28.35 28.029 28.723l-54.7
Action.c(140):     75 220.255h-223.094c-23.335 0-42.253-18.917-42.253-42.253v-78.691c0.25-133.852 98.625-244.
Action.c(140):     652 227.011-264.313 32.354 28.821 73.676 47.016 119.232 48.178 46.012-1.171 87.331-19.364 
Action.c(140):     118.292-48.454 129.78 19.944 228.15 130.74 228.408 264.562l0 78.718z",\n
Action.c(140):             "M389.282 352.657h15.786c7.922 32.744 36.975 56.686 71.62 56.686 40.641 0 73.587-3
Action.c(140):     2.946 73.587-73.587s-32.946-73.587-73.587-73.587c-34.645 0-63.698 23.942-71.517 56.183l-15
Action.c(140):     .889 0.503c-7.922-32.744-36.975-56.686-71.62-56.686-40.641 0-73.587 32.946-73.587 73.587s3
Action.c(140):     2.946 73.587 73.587 73.587c34.645 0 63.698-23.942 71.517-56.183zM476.609 295.937c21.982 0 
Action.c(140):     39.802 17.82 39.802 39.802s-17.82 39.802-39.802 39.802c-21.976 0-39.792-17.81-39.802-39.78
Action.c(140):     4-0-0.006-0-0.012-0-0.018 0-21.982 17.82-39.802 39.802-39.802 0 0 0 0 0 0zM278.14 335.756c
Action.c(140):     0.019-21.939 17.809-39.717 39.751-39.717 21.954 0 39.751 17.797 39.751 39.751 0 21.936-17.
Action.c(140):     768 39.722-39.698 39.751-21.967-0.029-39.766-17.822-39.805-39.781z"\n
Action.c(140):           ],\n
Action.c(140):           "width": 794,\n
Action.c(140):           "tags": [\n
Action.c(140):             "largeIcon_orderGenius"\n
Action.c(140):           ],\n
Action.c(140):           "grid": 32,\n
Action.c(140):           "defaultCode": 59950\n
Action.c(140):         },\n
Action.c(140):         {\n
Action.c(140):           "paths": [\n
Action.c(140):             "M512 1024c-282.77 0-512-229.23-512-512s229.23-512 512-512c282.77 0 512 229.23 512
Action.c(140):      512-0.344 282.631-229.369 511.656-511.967 512zM512 50.361c-254.956 0-461.639 206.683-461.
Action.c(140):     639 461.639s206.683 461.639 461.639 461.639c254.956 0 461.639-206.683 461.639-461.639-0.29
Action.c(140):     6-254.837-206.802-461.343-461.611-461.639z",\n
Action.c(140):             "M437.869 730.146c-0.004 0-0.009 0-0.014 0-6.841 0-13.045-2.728-17.584-7.156l-185.
Action.c(140):     255-180.672c-4.684-4.582-7.588-10.966-7.588-18.029 0-13.925 11.289-25.214 25.214-25.214 6.
Action.c(140):     862 0 13.085 2.742 17.631 7.189l164.859 160.814 274.969-360.918c4.649-6.056 11.89-9.922 20
Action.c(140):     .035-9.922 13.912 0 25.189 11.278 25.189 25.189 0 5.767-1.938 11.081-5.198 15.327l-292.216
Action.c(140):      383.403c-4.279 5.577-10.746 9.29-18.095 9.849-0.723 0.123-1.344 0.223-1.948 0.139z"\n
Action.c(140):           ],\n
Action.c(140):           "tags": [\n
Action.c(140):             "largeIcon_success"\n
Action.c(140):           ],\n
Action.c(140):           "grid": 32,\n
Action.c(140):           "defaultCode": 59951\n
Action.c(140):         },\n
Action.c(140):         {\n
Action.c(140):           "paths": [\n
Action.c(140):             "M1536 1024h-1382.4c-84.831 0-153.6-68.769-153.6-153.6v-716.8c0-84.831 68.769-153.
Action.c(140):     6 153.6-153.6h1382.4c84.831 0 153.6 68.769 153.6 153.6v716.8c0 84.831-68.769 153.6-153.6 1
Action.c(140):     53.6z",\n
Action.c(140):             "M645.274 687.334l59.597-349.773h95.334l-59.648 349.773h-95.283z",\n
Action.c(140):             "M1086.336 346.163c-24.926-9.311-53.728-14.7-83.789-14.7-0.585 0-1.17 0.002-1.754 
Action.c(140):     0.006-94.118-0-160.473 47.436-161.037 115.43-0.538 50.253 47.36 78.285 83.533 95.027 37.09
Action.c(140):     4 17.152 49.587 28.16 49.408 43.52-0.23 23.45-29.645 34.15-57.037 34.15-1.754 0.055-3.816 
Action.c(140):     0.087-5.885 0.087-30.42 0-59.253-6.798-85.062-18.958l-11.069-5.039-13.389 78.182c31.067 11
Action.c(140):     .822 66.992 18.667 104.516 18.667 0.588 0 1.176-0.002 1.763-0.005 100.134 0 165.183-46.899
Action.c(140):      165.926-119.5 0.358-39.782-25.037-70.067-80.051-95.027-33.28-16.179-53.76-26.982-53.504-4
Action.c(140):     3.366 0-14.541 17.28-30.080 54.605-30.080 1.158-0.027 2.523-0.043 3.891-0.043 24.339 0 47.
Action.c(140):     525 4.938 68.611 13.866l7.396 3.611 12.928-75.827z",\n
Action.c(140):             "M1330.816 337.92h-73.677c-1.822-0.248-3.927-0.39-6.066-0.39-19.687 0-36.571 11.99
Action.c(140):     9-43.738 29.082l-141.71 320.824h100.122s16.358-43.11 20.070-52.557l122.086 0.154c2.842 12.
Action.c(140):     237 11.597 52.403 11.597 52.403h88.499l-77.184-349.517zM1213.261 563.354c7.885-20.147 37.9
Action.c(140):     9-97.766 37.99-97.766-0.563 0.922 7.834-20.25 12.646-33.28l6.451 30.157s18.253 83.482 22.0
Action.c(140):     67 100.992h-79.155z",\n
Action.c(140):             "M565.299 337.92l-93.338 238.515-9.933-48.563c-24.863-64.312-71.423-115.624-130.51
Action.c(140):     2-145.998l83.818 305.179 100.864-0.128 150.093-349.005h-100.992z",\n
Action.c(140):             "M385.382 337.587h-153.728l-1.254 7.27c119.603 28.954 198.733 98.918 231.603 182.9
Action.c(140):     89l-33.408-160.742c-4.663-17.276-20.192-29.779-38.643-29.779-1.61 0-3.199 0.095-4.759 0.28
Action.c(140):     z"\n
Action.c(140):           ],\n
Action.c(140):           "width": 1690,\n
Action.c(140):           "attrs": [\n
Action.c(140):             {\n
Action.c(140):               "fill": "rgb(255, 255, 255)"\n
Action.c(140):             },\n
Action.c(140):             {\n
Action.c(140):               "fill": "rgb(0, 79, 149)"\n
Action.c(140):             },\n
Action.c(140):             {\n
Action.c(140):               "fill": "rgb(0, 79, 149)"\n
Action.c(140):             },\n
Action.c(140):             {\n
Action.c(140):               "fill": "rgb(0, 79, 149)"\n
Action.c(140):             },\n
Action.c(140):             {\n
Action.c(140):               "fill": "rgb(0, 79, 149)"\n
Action.c(140):             },\n
Action.c(140):             {\n
Action.c(140):               "fill": "rgb(246, 163, 0)"\n
Action.c(140):             }\n
Action.c(140):           ],\n
Action.c(140):           "isMulticolor": true,\n
Action.c(140):           "tags": [\n
Action.c(140):             "cc_visa"\n
Action.c(140):           ],\n
Action.c(140):           "grid": 32,\n
Action.c(140):           "defaultCode": 59952\n
Action.c(140):         },\n
Action.c(140):         {\n
Action.c(140):           "paths": [\n
Action.c(140):             "M1536 1024h-1382.4c-84.831 0-153.6-68.769-153.6-153.6v-716.8c0-84.831 68.769-153.
Action.c(140):     6 153.6-153.6h1382.4c84.831 0 153.6 68.769 153.6 153.6v716.8c0 84.831-68.769 153.6-153.6 1
Action.c(140):     53.6z",\n
Action.c(140):             "M911.718 512c0 147.917-119.91 267.827-267.827 267.827s-267.827-119.91-267.827-267
Action.c(140):     .827c0-147.917 119.91-267.827 267.827-267.827s267.827 119.91 267.827 267.827z",\n
Action.c(140):             "M1044.864 246.784c-79.464 0.011-150.771 34.927-199.425 90.251-11.254 12.846-21.32
Action.c(140):     5 26.781-30.026 41.617l60.107 1.278c8.912 15.238 16.781 32.874 22.676 51.39l-107.156 1.883
Action.c(140):     c-5.113 15.387-9.028 33.424-11.010 52.040l129.846 1.157c0.995 7.816 1.651 17.044 1.814 26.
Action.c(140):     392 0.003 9.244-0.534 18.152-1.405 26.856h-130.355c2.095 19.803 6.027 37.865 11.692 55.143
Action.c(140):     l107.476-1.869c-6.564 20.404-14.563 38.031-24.283 54.521l-60.171-1.248c9.381 16.104 19.452
Action.c(140):      30.032 30.727 42.878 48.774 55.299 120.178 90.191 199.732 90.191 147.040 0 266.24-119.2 2
Action.c(140):     66.24-266.24s-119.2-266.24-266.24-266.24c-0.084 0-0.167 0-0.251 0z"\n
Action.c(140):           ],\n
Action.c(140):           "width": 1690,\n
Action.c(140):           "attrs": [\n
Action.c(140):             {\n
Action.c(140):               "fill": "rgb(255, 255, 255)"\n
Action.c(140):             },\n
Action.c(140):             {\n
Action.c(140):               "fill": "rgb(234, 86, 75)"\n
Action.c(140):             },\n
Action.c(140):             {\n
Action.c(140):               "fill": "rgb(233, 212, 25)"\n
Action.c(140):             }\n
Action.c(140):           ],\n
Action.c(140):           "isMulticolor": true,\n
Action.c(140):           "tags": [\n
Action.c(140):             "cc_mastercard"\n
Action.c(140):           ],\n
Action.c(140):           "grid": 32,\n
Action.c(140):           "defaultCode": 59958\n
Action.c(140):         },\n
Action.c(140):         {\n
Action.c(140):           "paths": [\n
Action.c(140):             "M1536 1024h-1382.4c-84.831 0-153.6-68.769-153.6-153.6v-716.8c0-84.831 68.769-153.
Action.c(140):     6 153.6-153.6h1382.4c84.831 0 153.6 68.769 153.6 153.6v716.8c0 84.831-68.769 153.6-153.6 1
Action.c(140):     53.6z",\n
Action.c(140):             "M352.102 510.131c0.138 1.962 0.216 4.253 0.216 6.561 0 27.174-10.89 51.805-28.544
Action.c(140):      69.767-19.909 16.637-45.799 26.748-74.050 26.748-2.764 0-5.506-0.097-8.222-0.287l-56.799 
Action.c(140):     0.021v-201.702h63.309c1.968-0.13 4.267-0.204 6.583-0.204 26.893 0 51.459 9.961 70.211 26.3
Action.c(140):     95 16.929 17.143 27.463 40.867 27.463 67.051 0 1.988-0.061 3.961-0.18 5.919zM307.686 511.2
Action.c(140):     58q0-64.973-57.344-64.973h-22.81v131.302h18.227q61.952 0.026 61.926-66.33z",\n
Action.c(140):             "M388.275 612.915v-201.702h42.752v201.702h-42.752z",\n
Action.c(140):             "M600.883 556.902c0.031 0.674 0.049 1.464 0.049 2.258 0 16.488-7.667 31.185-19.63 
Action.c(140):     40.72-13.902 10.032-31.149 15.997-49.788 15.997-1.758 0-3.504-0.053-5.237-0.158-0.488 0.02
Action.c(140):     6-1.345 0.035-2.203 0.035-19.859 0-38.671-4.483-55.479-12.492l0.78-39.396c9.55 4.556 21.02
Action.c(140):     0 8.913 32.871 12.377 9.414 2.632 18.307 3.969 27.49 4.108 0.751 0.044 1.534 0.069 2.323 0
Action.c(140):     .069 7.153 0 13.833-2.026 19.497-5.535 4.445-3.341 7.394-8.772 7.394-14.891 0-0.349-0.010-
Action.c(140):     0.696-0.029-1.040 0.003-0.028 0.004-0.118 0.004-0.208 0-3.87-1.259-7.445-3.389-10.339-2.62
Action.c(140):     8-3.519-5.866-6.489-9.571-8.775-7.275-4.46-15.84-9.015-24.678-13.078-12.173-5.377-21.302-1
Action.c(140):     0.969-29.593-17.569-5.747-4.94-10.689-11.124-14.325-18.099-3.64-7.23-5.678-15.36-5.678-23.
Action.c(140):     967 0-0.432 0.005-0.863 0.015-1.292-0.039-0.683-0.061-1.558-0.061-2.437 0-15.792 7.023-29.
Action.c(140):     944 18.117-39.502 12.601-9.722 28.526-15.548 45.813-15.548 1.559 0 3.107 0.047 4.642 0.141
Action.c(140):     -0.042-0.011 0.157-0.012 0.356-0.012 10.459 0 20.602 1.355 30.262 3.898 10.873 2.955 20.80
Action.c(140):     6 6.529 30.355 10.809l-15.104 32.757c-7.315-3.259-16.211-6.414-25.376-8.921-7.602-1.923-14
Action.c(140):     .755-2.855-22.121-2.881-0.586-0.042-1.251-0.067-1.921-0.067-6.332 0-12.16 2.154-16.792 5.7
Action.c(140):     7-3.94 3.623-6.439 8.873-6.439 14.708 0 3.631 0.968 7.036 2.66 9.971 2.178 3.163 4.958 5.8
Action.c(140):     7 8.181 7.95 7.483 4.578 16.375 9.303 25.544 13.531 16.938 7.091 29.873 16.281 40.392 27.7
Action.c(140):     26 6.705 8.708 10.702 19.665 10.702 31.555 0 0.643-0.012 1.283-0.035 1.921z",\n
Action.c(140):             "M723.098 443.904c-0.571-0.027-1.239-0.042-1.912-0.042-14.547 0-27.434 7.108-35.37
Action.c(140):     7 18.041-8.481 12.999-13.473 28.755-13.473 45.678 0 1.771 0.055 3.529 0.162 5.273q-0.012 6
Action.c(140):     7.191 50.599 67.217c18.688-0.706 36.281-4.533 52.556-10.973l-1.075 36.215c-15.706 6.491-33
Action.c(140):     .944 10.26-53.062 10.26-0.848 0-1.695-0.007-2.54-0.022-1.487 0.111-3.372 0.174-5.272 0.174
Action.c(140):     -24.422 0-46.429-10.338-61.884-26.876-14.735-18.928-23.597-42.974-23.597-69.091 0-2.676 0.
Action.c(140):     093-5.33 0.276-7.959-0.037-0.412-0.046-1.315-0.046-2.22 0-19.010 4.257-37.027 11.869-53.14
Action.c(140):     8 6.89-14.569 18.186-26.968 32.173-35.334 14.183-8.163 30.741-12.856 48.395-12.856 0.803 0
Action.c(140):      1.604 0.010 2.402 0.029 21.433 0.225 41.713 5.448 59.688 14.561l-14.571 34.41c-5.96-2.952
Action.c(140):     -13.494-6.116-21.22-8.875-8.282-2.981-16.013-4.433-24.079-4.463z",\n
Action.c(140):             "M1116.902 411.213h43.187l-68.506 201.702h-46.643l-68.403-201.702h43.213l37.965 12
Action.c(140):     0.013c2.099 7.117 4.352 15.36 6.554 24.781s3.61 15.898 4.198 19.635c2.871-17.388 6.431-32.
Action.c(140):     358 10.904-46.929z",\n
Action.c(140):             "M1301.632 612.915h-116.173v-201.702h116.173v35.072h-73.421v44.288h68.352v35.046h-
Action.c(140):     68.352v51.968h73.421v35.328z",\n
Action.c(140):             "M1386.496 535.526v77.389h-42.752v-201.702h58.88c2.28-0.184 4.936-0.289 7.617-0.28
Action.c(140):     9 19.727 0 38.125 5.686 53.646 15.509 11.721 10.723 19.313 26.517 19.313 44.085 0 12.19-3.
Action.c(140):     655 23.527-9.929 32.973-6.889 9.338-16.257 16.79-27.135 21.355q45.065 68.101 58.863 87.992
Action.c(140):     h-47.565l-48.154-77.389h-22.784zM1386.496 500.736h13.824c1.144 0.088 2.478 0.138 3.824 0.1
Action.c(140):     38 9.596 0 18.596-2.549 26.361-7.007 5.671-4.343 9.462-11.379 9.462-19.301 0-0.646-0.025-1
Action.c(140):     .286-0.075-1.92 0.062-0.51 0.094-1.201 0.094-1.899 0-7.698-3.928-14.479-9.889-18.447-7.79-
Action.c(140):     3.965-16.891-6.258-26.527-6.258-1.432 0-2.852 0.051-4.259 0.15l-12.867-0.011v54.502z",\n
Action.c(140):             "M981.018 512.077c0 55.706-45.158 100.864-100.864 100.864s-100.864-45.158-100.864-
Action.c(140):     100.864c0-55.706 45.158-100.864 100.864-100.864s100.864 45.158 100.864 100.864z"\n
Action.c(140):           ],\n
Action.c(140):           "width": 1690,\n
Action.c(140):           "attrs": [\n
Action.c(140):             {\n
Action.c(140):               "fill": "rgb(255, 255, 255)"\n
Action.c(140):             },\n
Action.c(140):             {\n
Action.c(140):               "fill": "rgb(65, 64, 66)"\n
Action.c(140):             },\n
Action.c(140):             {\n
Action.c(140):               "fill": "rgb(65, 64, 66)"\n
Action.c(140):             },\n
Action.c(140):             {\n
Action.c(140):               "fill": "rgb(65, 64, 66)"\n
Action.c(140):             },\n
Action.c(140):             {\n
Action.c(140):               "fill": "rgb(65, 64, 66)"\n
Action.c(140):             },\n
Action.c(140):             {\n
Action.c(140):               "fill": "rgb(65, 64, 66)"\n
Action.c(140):             },\n
Action.c(140):             {\n
Action.c(140):               "fill": "rgb(65, 64, 66)"\n
Action.c(140):             },\n
Action.c(140):             {\n
Action.c(140):               "fill": "rgb(65, 64, 66)"\n
Action.c(140):             },\n
Action.c(140):             {\n
Action.c(140):               "fill": "rgb(230, 161, 36)"\n
Action.c(140):             }\n
Action.c(140):           ],\n
Action.c(140):           "isMulticolor": true,\n
Action.c(140):           "tags": [\n
Action.c(140):             "cc_discover"\n
Action.c(140):           ],\n
Action.c(140):           "grid": 32,\n
Action.c(140):           "defaultCode": 59961\n
Action.c(140):         },\n
Action.c(140):         {\n
Action.c(140):           "paths": [\n
Action.c(140):             "M1536 1024h-1382.4c-84.831 0-153.6-68.769-153.6-153.6v-716.8c0-84.831 68.769-153.
Action.c(140):     6 153.6-153.6h1382.4c84.831 0 153.6 68.769 153.6 153.6v716.8c0 84.831-68.769 153.6-153.6 1
Action.c(140):     53.6z",\n
Action.c(140):             "M468.838 690.15l-11.75-47.898h-88.73l-11.75 47.898h-82.15l92.467-313.165h91.571l9
Action.c(140):     2.493 313.165h-82.15zM412.979 455.859l-29.568 120.32h58.675z",\n
Action.c(140):             "M804.992 690.15v-185.83l-63.386 185.933h-29.568l-62.925-185.933v185.933h-76.083v-
Action.c(140):     313.267h100.941l53.069 156.339 53.53-156.339h100.070v313.165h-75.648z",\n
Action.c(140):             "M931.686 690.15v-313.165h188.749v66.202h-112.64v54.938h109.389v66.227h-109.414v59
Action.c(140):     .622h112.64v66.202h-188.723z",\n
Action.c(140):             "M1328.23 690.15l-51.661-101.888-51.2 101.888h-86.835l90.598-160.102-85.453-153.06
Action.c(140):     2h86.886l46.080 95.77 45.542-95.77h87.322l-84.966 152.602 90.624 160.563h-86.938z"\n
Action.c(140):          
Action.c(140): t=22010ms: 2213-byte DECODED response body for "https://stage.peapod.com/shop/images/icons/PeapodIcons.json" (RelFrameId=1, Internal ID=13)
Action.c(140):      ],\n
Action.c(140):           "width": 1690,\n
Action.c(140):           "attrs": [\n
Action.c(140):             {\n
Action.c(140):               "fill": "rgb(255, 255, 255)"\n
Action.c(140):             },\n
Action.c(140):             {\n
Action.c(140):               "fill": "rgb(26, 117, 207)"\n
Action.c(140):             },\n
Action.c(140):             {\n
Action.c(140):               "fill": "rgb(26, 117, 207)"\n
Action.c(140):             },\n
Action.c(140):             {\n
Action.c(140):               "fill": "rgb(26, 117, 207)"\n
Action.c(140):             },\n
Action.c(140):             {\n
Action.c(140):               "fill": "rgb(26, 117, 207)"\n
Action.c(140):             }\n
Action.c(140):           ],\n
Action.c(140):           "isMulticolor": true,\n
Action.c(140):           "tags": [\n
Action.c(140):             "cc_amex"\n
Action.c(140):           ],\n
Action.c(140):           "grid": 32,\n
Action.c(140):           "defaultCode": 59970\n
Action.c(140):         },\n
Action.c(140):         {\n
Action.c(140):           "paths": [\n
Action.c(140):             "M960 320h-64v-256c0-35.328-28.672-64-64-64h-640c-35.328 0-64 28.672-64 64v256h-64
Action.c(140):     c-35.328 0-64 28.672-64 64v320c0 35.328 28.672 64 64 64h64v192c0 35.328 28.672 64 64 64h64
Action.c(140):     0c35.328 0 64-28.672 64-64v-192h64c35.328 0 64-28.672 64-64v-320c0-35.328-28.672-64-64-64z
Action.c(140):     M192 640h640v320h-640v-320zM704 480c0-17.664 14.336-32 32-32s32 14.336 32 32-14.336 32-32 
Action.c(140):     32-32-14.336-32-32zM160 512c-17.664 0-32-14.336-32-32s14.336-32 32-32 32 14.336 32 32-14.3
Action.c(140):     36 32-32 32zM864 512c-17.664 0-32-14.336-32-32s14.336-32 32-32 32 14.336 32 32-14.336 32-3
Action.c(140):     2 32zM192 64h640v256h-640v-256zM768 736c0-17.664-14.336-32-32-32h-448c-17.664 0-32 14.336-
Action.c(140):     32 32s14.336 32 32 32h448c17.664 0 32-14.336 32-32zM736 832h-448c-17.664 0-32 14.336-32 32
Action.c(140):     s14.336 32 32 32h448c17.664 0 32-14.336 32-32s-14.336-32-32-32z"\n
Action.c(140):           ],\n
Action.c(140):           "tags": [\n
Action.c(140):             "icon_printer"\n
Action.c(140):           ],\n
Action.c(140):           "grid": 32,\n
Action.c(140):           "defaultCode": 59975\n
Action.c(140):         },\n
Action.c(140):         {\n
Action.c(140):           "paths": [\n
Action.c(140):             "M383.257 0c-0.004-0-0.009-0-0.014-0-211.667 0-383.257 171.59-383.257 383.257 0 12
Action.c(140):     8.188 62.933 241.677 159.589 311.256 2.671 1.865 4.331 2.887 5.864 3.973 15.66 15.317 25.3
Action.c(140):     7 36.661 25.37 60.274 0 2.054-0.073 4.091-0.218 6.109 0.016 1.071 0.016 2.412 0.016 3.69v1
Action.c(140):     25.708c0.013 24.657 13.993 46.045 34.458 56.682l129.257 66.024c8.466 4.428 18.492 7.026 29
Action.c(140):     .124 7.026 10.484 0 20.378-2.526 29.107-7.002l130.075-65.689c20.899-10.787 34.94-32.227 34
Action.c(140):     .94-56.946 0-0.033-0-0.067-0-0.1l0-125.064c-0.269-2.635-0.422-5.694-0.422-8.789 0-31.030 1
Action.c(140):     5.397-58.464 38.968-75.078 5.681-2.729 10.326-5.759 14.489-9.334 83.316-70.689 135.891-175
Action.c(140):     .574 135.891-292.739 0-211.661-171.579-383.247-383.237-383.257zM254.355 768.495s0-1.278 0-
Action.c(140):     1.98h259.529c0 0.958-0.256 1.661-0.256 2.683v61.193h-259.274v-61.896zM383.257 960.12
Action.c(140): t=22023ms: 12273-byte ENCODED response body received for "https://stage.peapod.com/shop/images/icons/PeapodIcons.json" (RelFrameId=1, Internal ID=13)
Action.c(140): t=22024ms: 12288-byte DECODED response body for "https://stage.peapod.com/shop/images/icons/PeapodIcons.json" (RelFrameId=1, Internal ID=13)
Action.c(140):     4l-128.838-65.856h259.274zM589.322 627.265c-29.463 16.767-51.928 42.953-63.558 74.393l-281
Action.c(140):     .373 0.981c-8.202-25.124-24.546-45.69-45.857-59.075-82.036-58.889-134.545-153.515-134.545-
Action.c(140):     260.405 0-176.389 142.992-319.381 319.381-319.381s319.381 142.992 319.381 319.381c0 97.691
Action.c(140):     -43.861 185.139-112.965 243.723zM415.196 127.752c-17.639 0-31.938 14.299-31.938 31.938s14.
Action.c(140):     299 31.938 31.938 31.938c87.618 3.916 157.451 74.795 159.686 162.48 0.004 17.852 14.303 32
Action.c(140):     .151 31.942 32.151s31.938-14.299 31.938-31.938c0.056-1.853 0.088-4.033 0.088-6.22 0-121.70
Action.c(140):     9-98.664-220.373-220.373-220.373-1.154 0-2.306 0.009-3.455 0.027z"\n
Action.c(140):           ],\n
Action.c(140):           "width": 767,\n
Action.c(140):           "tags": [\n
Action.c(140):             "icon_lightbulb"\n
Action.c(140):           ],\n
Action.c(140):           "grid": 32,\n
Action.c(140):           "defaultCode": 59976\n
Action.c(140):         },\n
Action.c(140):         {\n
Action.c(140):           "paths": [\n
Action.c(140):             "M1.893 730.617c-1.289-2.094-2.052-4.631-2.052-7.346 0-0.747 0.058-1.481 0.169-2.1
Action.c(140):     97 0.158-12.396 10.227-22.466 22.687-22.634l895.306-0c12.476 0.168 22.545 10.237 22.713 22
Action.c(140):     .698-0.521 3.721-1.182 6.924-2.024 10.053l0.131-0.574c-86.363 175.072-263.598 293.385-468.
Action.c(140):     466 293.385s-382.103-118.313-467.105-290.339l-1.361-3.046z",\n
Action.c(140):             "M107.889 132.495c1.893-1.893 1.893-3.786 3.786-5.678 2.98-3.491 7.385-5.69 12.303
Action.c(140):     -5.69s9.323 2.199 12.284 5.668l0.019 0.022 476.983 476.983c3.491 2.98 5.69 7.385 5.69 12.3
Action.c(140):     03s-2.199 9.323-5.668 12.284c-1.399 1.869-3.361 3.216-5.631 3.789l-0.069 0.015c-38.446 13.
Action.c(140):     732-82.796 21.669-129.001 21.669-108.416 0-206.626-43.699-277.977-114.443-70.367-71.826-11
Action.c(140):     3.809-170.317-113.809-278.955 0-45.803 7.722-89.803 21.936-130.767l-0.845 2.8z",\n
Action.c(140):             "M600.015 1.893c1.247-1.204 2.948-1.946 4.822-1.946 0.302 0 0.6 0.019 0.891 0.057 
Action.c(140):     0.057-0.006 0.164-0.007 0.272-0.007 7.15 0 12.947 5.796 12.947 12.947 0 0.108-0.001 0.215-
Action.c(140):     0.004 0.322l0-0.016v503.482c0.002 0.091 0.004 0.199 0.004 0.306 0 7.15-5.796 12.947-12.947
Action.c(140):      12.947-0.108 0-0.215-0.001-0.322-0.004-0.241 0.034-0.539 0.053-0.841 0.053-1.874 0-3.574-
Action.c(140):     0.742-4.824-1.948l0.002 0.002c-98.273-48.542-164.673-148.065-164.673-263.098s66.401-214.55
Action.c(140):     6 162.964-262.333l1.709-0.765z",\n
Action.c(140):             "M938.824 283.919c1.893 0 1.893 1.893 3.786 1.893 1.765 2.012 2.841 4.666 2.841 7.
Action.c(140):     571s-1.077 5.559-2.853 7.584l0.011-0.013-268.776 266.884c-2.012 1.765-4.666 2.841-7.571 2.
Action.c(140):     841s-5.559-1.077-7.584-2.853c-1.144-0.651-1.911-1.879-1.911-3.285 0-0.172 0.012-0.342 0.03
Action.c(140):     4-0.508l-0.002 0.019c-7.681-21.529-12.12-46.363-12.12-72.235 0-61.263 24.891-116.712 65.11
Action.c(140):     1-156.786 39.326-39.792 93.895-64.431 154.219-64.431 26.857 0 52.573 4.884 76.309 13.812l-
Action.c(140):     1.494-0.493z"\n
Action.c(140):           ],\n
Action.c(140):           "width": 945,\n
Action.c(140):           "attrs": [\n
Action.c(140):             {\n
Action.c(140):               "fill": "rgb(247, 168, 0)"\n
Action.c(140):             },\n
Action.c(140):             {\n
Action.c(140):               "fill": "rgb(226, 35, 26)"\n
Action.c(140):             },\n
Action.c(140):             {\n
Action.c(140):               "fill": "rgb(113, 33, 119)"\n
Action.c(140):             },\n
Action.c(140):             {\n
Action.c(140):               "fill": "rgb(130, 188, 0)"\n
Action.c(140):             }\n
Action.c(140):           ],\n
Action.c(140):           "isMulticolor": true,\n
Action.c(140):           "tags": [\n
Action.c(140):             "ahold-wedge"\n
Action.c(140):           ],\n
Action.c(140):           "grid": 32,\n
Action.c(140):           "defaultCode": 59977\n
Action.c(140):         },\n
Action.c(140):         {\n
Action.c(140):           "paths": [\n
Action.c(140):             "M981.333 0h-576c-35.346 0-64 28.654-64 64v330.901h64v-330.901h576v896h-576v-331.1
Action.c(140):     57h-64v331.157c0 35.346 28.654 64 64 64h576c35.346 0 64-28.654 64-64v-896c0-35.346-28.654-
Action.c(140):     64-64-64z",\n
Action.c(140):             "M108.032 543.509h585.301c0 0 0 0 0 0 17.473 0 31.637-14.165 31.637-31.637s-14.165
Action.c(140):     -31.637-31.637-31.637c-0 0-0 0-0 0h-585.301l135.808-135.808c5.733-5.733 9.278-13.652 9.278
Action.c(140):     -22.4 0-17.495-14.183-31.678-31.678-31.678-8.748 0-16.667 3.546-22.4 9.278l-190.059 190.18
Action.c(140):     7c-5.547 5.739-8.969 13.562-8.981 22.184l-0 0.002c0.044 4.33 0.95 8.437 2.553 12.174 1.54 
Action.c(140):     3.653 3.758 6.952 6.496 9.74l0.188 0.379 189.867 189.867c5.733 5.733 13.652 9.278 22.4 9.2
Action.c(140):     78 17.495 0 31.678-14.183 31.678-31.678 0-8.748-3.546-16.667-9.278-22.4z"\n
Action.c(140):           ],\n
Action.c(140):           "width": 1045,\n
Action.c(140):           "tags": [\n
Action.c(140):             "icon_logout"\n
Action.c(140):           ],\n
Action.c(140):           "grid": 32,\n
Action.c(140):           "defaultCode": 59981\n
Action.c(140):         },\n
Action.c(140):         {\n
Action.c(140):           "paths": [\n
Action.c(140):             "M981.333 0h-576c-35.346 0-64 28.654-64 64v330.901h64v-330.901h576v896h-576v-331.1
Action.c(140):     57h-64v331.157c0 35.346 28.654 64 64 64h576c35.346 0 64-28.654 64-64v-896c0-35.346-28.654-
Action.c(140):     64-64-64z",\n
Action.c(140):             "M481.131 679.381c-5.733 5.733-9.278 13.652-9.278 22.4 0 17.495 14.183 31.678 31.6
Action.c(140):     78 31.678 8.748 0 16.667-3.546 22.4-9.278l189.867-189.867 0.192-0.384c2.745-2.78 4.971-6.0
Action.c(140):     80 6.516-9.738 1.583-3.745 2.467-7.863 2.487-12.185l0-0.178c-0.059-8.585-3.507-16.353-9.07
Action.c(140):     2-22.043l-0.186-0.314-189.867-189.867c-5.733-5.733-13.652-9.278-22.4-9.278-17.495 0-31.678
Action.c(140):      14.183-31.678 31.678 0 8.748 3.546 16.667 9.278 22.4l135.808 135.808h-585.237c-17.473 0-3
Action.c(140):     1.637 14.165-31.637 31.637s14.165 31.637 31.637 31.637h585.301z"\n
Action.c(140):           ],\n
Action.c(140):           "width": 1045,\n
Action.c(140):           "tags": [\n
Action.c(140):             "icon_login"\n
Action.c(140):           ],\n
Action.c(140):           "grid": 32,\n
Action.c(140):           "defaultCode": 59982\n
Action.c(140):         },\n
Action.c(140):         {\n
Action.c(140):           "paths": [\n
Action.c(140):             "M609.464 0c-0.017-0-0.038-0-0.059-0-228.854 0-414.377 185.523-414.377 414.377 0 9
Action.c(140):     8.954 34.685 189.806 92.561 261.063l-274.675 273.211c-7.504 7.9-12.12 18.607-12.12 30.391 
Action.c(140):     0 24.391 19.773 44.164 44.164 44.164 11.785 0 22.491-4.616 30.411-12.138l273.957-273.959c7
Action.c(140):     0.512 57.277 161.385 91.963 260.359 91.963 228.942 0 414.536-185.594 414.536-414.536s-185.
Action.c(140):     594-414.536-414.536-414.536c-0.078 0-0.156 0-0.234 0zM609.464 765.298c-193.72 0-350.761-15
Action.c(140):     7.041-350.761-350.761s157.041-350.761 350.761-350.761c193.72 0 350.761 157.041 350.761 350
Action.c(140):     .761-0.218 193.633-157.129 350.544-350.74 350.761z"\n
Action.c(140):           ],\n
Action.c(140):           "tags": [\n
Action.c(140):             "icon_search"\n
Action.c(140):           ],\n
Action.c(140):           "grid": 32,\n
Action.c(140):           "defaultCode": 59983\n
Action.c(140):         },\n
Action.c(140):         {\n
Action.c(140):           "paths": [\n
Action.c(140):             "M608.038-0c-0.073-0-0.16-0-0.247-0-229.659 0-415.834 186.175-415.834 415.834 0 99
Action.c(140):     .267 34.783 190.41 92.826 261.907l-271.791 270.415c-7.696 7.981-12.438 18.856-12.438 30.83
Action.c(140):     9 0 24.549 19.901 44.451 44.451 44.451 11.983 0 22.858-4.741 30.852-12.451l271.172-271.172
Action.c(140):     c70.752 57.444 161.921 92.23 261.216 92.23 229.765 0 416.026-186.261 416.026-416.026s-186.
Action.c(140):     261-416.026-416.026-416.026c-0.073 0-0.146 0-0.219 0zM608.038 768.048c-194.416 0-352.022-1
Action.c(140):     57.606-352.022-352.022s157.606-352.022 352.022-352.022c194.416 0 352.022 157.606 352.022 3
Action.c(140):     52.022-0.218 194.328-157.694 351.804-352.001 352.022zM800.050 384.024h-160.010v-160.010c0-
Action.c(140):     17.674-14.328-32.002-32.002-32.002s-32.002 14.328-32.002 32.002v160.010h-160.010c-17.674 0
Action.c(140):     -32.002 14.328-32.002 32.002s14.328 32.002 32.002 32.002h160.010v160.010c0 17.674 14.328 3
Action.c(140):     2.002 32.002 32.002s32.002-14.328 32.002-32.002v-160.010h160.010c17.674 0 32.002-14.328 32
Action.c(140):     .002-32.002s-14.328-32.002-32.002-32.002z"\n
Action.c(140):           ],\n
Action.c(140):           "tags": [\n
Action.c(140):             "icon_zoom-in_alt"\n
Action.c(140):           ],\n
Action.c(140):           "grid": 32,\n
Action.c(140):           "defaultCode": 59984\n
Action.c(140):         },\n
Action.c(140):         {\n
Action.c(140):           "paths": [\n
Action.c(140):             "M990.968 429.419v-198.194c0-36.486-29.578-66.065-66.065-66.065h-19.819l-22.132-13
Action.c(140):     7.414c-1.43-8.891-6.274-16.443-13.118-21.406-5.365-3.997-12.006-6.36-19.199-6.36-1.957 0-3
Action.c(140):     .873 0.175-5.733 0.51l-718.058 116.509c-15.814 2.65-27.716 16.236-27.716 32.602 0 1.878 0.
Action.c(140):     157 3.72 0.458 5.513l1.625 10.046h-35.146c-36.486 0-66.065 29.578-66.065 66.065v726.71c0 3
Action.c(140):     6.486 29.578 66.065 66.065 66.065h858.839c36.486 0 66.065-29.578 66.065-66.065v-198.194c36
Action.c(140):     .486 0 66.065-29.578 66.065-66.065v-198.194c0-36.486-29.578-66.065-66.065-66.065zM66.065 2
Action.c(140):     31.226h858.839v198.194h-264.258c-36.486 0-66.065 29.578-66.065 66.065v198.194c0 36.486 29.
Action.c(140):     578 66.065 66.065 66.065h264.258v198.194h-858.839v-726.71zM242.325 165.161l580.707-94.274 
Action.c(140):     15.261 94.274h-595.968zM660.645 693.677v-198.194h330.323v198.194h-330.323zM726.71 594.581c
Action.c(140):     0 18.243 14.789 33.032 33.032 33.032s33.032-14.789 33.032-33.032c0-18.243-14.789-33.032-33
Action.c(140):     .032-33.032s-33.032 14.789-33.032 33.032z"\n
Action.c(140):           ],\n
Action.c(140):           "width": 1057,\n
Action.c(140):           "tags": [\n
Action.c(140):             "icon_wallet"\n
Action.c(140):           ],\n
Action.c(140):           "grid": 32,\n
Action.c(140):           "defaultCode": 59985\n
Action.c(140):         },\n
Action.c(140):         {\n
Action.c(140):           "paths": [\n
Action.c(140):             "M511.984 191.994c-2.36-105.073-86.921-189.634-191.772-191.99-105.295 2.356-189.85
Action.c(140):     6 86.917-192.213 191.768 2.356 105.295 86.917 189.856 191.768 192.213 105.295-2.356 189.85
Action.c(140):     6-86.917 192.213-191.768zM319.99 447.986c-168.187 0-319.99 181.434-319.99 406.899s639.98 2
Action.c(140):     25.465 639.98 0-151.803-406.899-319.99-406.899z"\n
Action.c(140):           ],\n
Action.c(140):           "width": 640,\n
Action.c(140):           "tags": [\n
Action.c(140):             "icon_profile"\n
Action.c(140):           ],\n
Action.c(140):           "grid": 32,\n
Action.c(140):           "defaultCode": 59986\n
Action.c(140):         },\n
Action.c(140):         {\n
Action.c(140):           "paths": [\n
Action.c(140):             "M512 1024c35.346 0 64-28.654 64-64v-896c0-35.346-28.654-64-64-64h-448c-35.346 0-6
Action.c(140):     4 28.654-64 64v896c0 35.346 28.654 64 64 64h448zM256 924.032c0-19.865 16.103-35.968 35.968
Action.c(140):     -35.968s35.968 16.103 35.968 35.968c0 19.865-16.103 35.968-35.968 35.968 0 0 0 0 0 0-19.86
Action.c(140):     5 0-35.968-16.103-35.968-35.968zM416 64c17.673 0 32 14.327 32 32s-14.327 32-32 32h-64c-17.
Action.c(140):     673 0-32-14.327-32-32s14.327-32 32-32h64zM256 96c0 17.673-14.327 32-32 32s-32-14.327-32-32
Action.c(140):     c0-17.673 14.327-32 32-32s32 14.327 32 32zM64 192h448v640h-448v-640z"\n
Action.c(140):           ],\n
Action.c(140):           "width": 576,\n
Action.c(140):           "tags": [\n
Action.c(140):             "icon_mobile"\n
Action.c(140):           ],\n
Action.c(140):           "grid": 32,\n
Action.c(140):           "defaultCode": 59987\n
Action.c(140):         },\n
Action.c(140):         {\n
Action.c(140):           "paths": [\n
Action.c(140):             "M415.116 234.965c-13.337-153.408-173.378-228.681-180.151-231.753-4.237-2.039-9.21
Action.c(140):     3-3.231-14.467-3.231-2.068 0-4.093 0.185-6.059 0.538-184.553 30.623-212.344 138.155-213.46
Action.c(140):     1 142.624-0.625 2.461-0.984 5.286-0.984 8.194 0 3.809 0.616 7.475 1.753 10.903 220.301 683
Action.c(140):     .493 678.29 810.227 828.836 851.914 11.591 3.212 21.157 5.796 28.419 8.17 3.114 1.063 6.70
Action.c(140):     1 1.677 10.431 1.677 0.113 0 0.226-0.001 0.339-0.002 0.001 0 0.023 0 0.045 0 5.219 0 10.16
Action.c(140):     8-1.158 14.604-3.231 4.396-2.006 113.186-53.258 139.789-220.422 0.261-1.602 0.409-3.449 0.
Action.c(140):     409-5.331 0-5.858-1.443-11.379-3.992-16.227-47.873-76.828-124.673-132.051-214.858-150.614-
Action.c(140):     4.676-1.044-7.589-1.432-10.592-1.432-8.597 0-16.452 3.181-22.451 8.429-41.674 38.632-90.87
Action.c(140):     2 69.933-145.043 91.383-202.162-96.165-313.186-282.811-317.375-318.212-2.444-19.9 43.153-8
Action.c(140):     9.796 95.592-146.635 5.79-6.214 9.344-14.578 9.344-23.772 0-1.046-0.046-2.081-0.136-3.103z
Action.c(140):     "\n
Action.c(140):           ],\n
Action.c(140):           "width": 1025,\n
Action.c(140):           "tags": [\n
Action.c(140):             "icon_old-phone"\n
Action.c(140):           ],\n
Action.c(140):           "grid": 32,\n
Action.c(140):           "defaultCode": 59988\n
Action.c(140):         },\n
Action.c(140):         {\n
Action.c(140):           "paths": [\n
Action.c(140):             "M359.345 526.39c92.256 0 167.045-74.789 167.045-167.045s-74.789-167.045-167.045-1
Action.c(140):     67.045c-92.256 0-167.045 74.789-167.045 167.045 0.109 92.212 74.833 166.936 167.035 167.04
Action.c(140):     5zM359.345 256.401c56.855 0 102.945 46.090 102.945 102.945s-46.090 102.945-102.945 102.945
Action.c(140):     c-56.855 0-102.945-46.090-102.945-102.945 0.073-56.826 46.119-102.872 102.938-102.945zM336
Action.c(140):     .013 1008.231c4.381 4.972 9.529 9.139 15.283 12.349l0.549 0.15c2.81 1.966 6.3 3.141 10.064
Action.c(140):      3.141s7.253-1.175 10.121-3.179l0.199 0.038c6.047-3.361 11.195-7.528 15.522-12.436s298.12-
Action.c(140):     324.089 327.927-604.848c1.755-13.336 2.756-28.758 2.756-44.413 0-198.39-160.827-359.217-35
Action.c(140):     9.217-359.217s-359.217 160.827-359.217 359.217c0 0.11 0 0.22 0 0.329 0.136 15.869 1.297 31
Action.c(140):     .352 3.419 46.526 30.362 278.765 332.594 602.343 332.594 602.343zM359.345 64.1c0.574-0.004
Action.c(140):      1.252-0.006 1.931-0.006 161.997 0 293.322 131.325 293.322 293.322 0 13.837-0.958 27.449-2
Action.c(140):     .811 40.776-22.772 213.58-224.752 466.007-289.814 542.799-66.728-76.92-271.592-328.834-295
Action.c(140):     .309-544.851-1.526-10.957-2.454-23.711-2.563-36.662 0.181-163.118 132.258-295.195 295.227-
Action.c(140):     295.377z"\n
Action.c(140):           ],\n
Action.c(140):           "width": 719,\n
Action.c(140):           "tags": [\n
Action.c(140):             "icon_pin_alt"\n
Action.c(140):           ],\n
Action.c(140):           "grid": 32,\n
Action.c(140):           "defaultCode": 59989\n
Action.c(140):         },\n
Action.c(140):         {\n
Action.c(140):           "paths": [\n
Action.c(140):             "M1280 0h-1194.667c-47.128 0-85.333 38.205-85.333 85.333v853.333c0 47.128 38.205 8
Action.c(140):     5.333 85.333 85.333h1194.667c47.128 0 85.333-38.205 85.333-85.333v-853.333c0-47.128-38.205
Action.c(140):     -85.333-85.333-85.333zM484.693 599.637l197.973 134.656 196.949-135.595 340.053 339.968h-10
Action.c(140):     74.005zM85.333 878.336v-550.229l327.509 222.635zM951.211 549.547l328.789-226.304v555.093zM
Action.c(140):     1280 85.333v138.069l-1.792-2.56-595.541 410.197-597.333-406.016v-139.691h1194.667z"\n
Action.c(140):           ],\n
Action.c(140):           "width": 1365,\n
Action.c(140):           "tags": [\n
Action.c(140):             "icon_mail_alt"\n
Action.c(140):           ],\n
Action.c(140):           "grid": 32,\n
Action.c(140):           "defaultCode": 59990\n
Action.c(140):         },\n
Action.c(140):         {\n
Action.c(140):           "paths": [\n
Action.c(140):             "M448 0c-177.037 1.409-320.009 145.251-320.009 322.486 0 0.858 0.003 1.716 0.010 2
Action.c(140):     .573l-0.001 58.941h-64c-35.346 0-64 28.654-64 64v512c0 35.346 28.654 64 64 64h768c35.346 0
Action.c(140):      64-28.654 64-64v-512c0-35.346-28.654-64-64-64h-64v-59.072c0.006-0.725 0.009-1.583 0.009-2
Action.c(140):     .442 0-177.235-142.972-321.078-319.875-322.486zM192 324.928c-0.006-0.642-0.009-1.4-0.009-2
Action.c(140):     .159 0-141.947 114.285-257.201 255.861-258.768 141.872 1.567 256.157 116.821 256.157 258.7
Action.c(140):     68 0 0.759-0.003 1.517-0.010 2.275l0.001 58.956h-512v-59.072zM832 960h-768v-512h768v512zM5
Action.c(140):     76 704c0-70.692-57.308-128-128-128s-128 57.308-128 128c0 70.692 57.308 128 128 128s128-57.
Action.c(140):     308 128-128zM448 768c-35.346 0-64-28.654-64-64s28.654-64 64-64c35.346 0 64 28.6
Action.c(140): t=22069ms: 12288-byte DECODED response body for "https://stage.peapod.com/shop/images/icons/PeapodIcons.json" (RelFrameId=1, Internal ID=13)
Action.c(140):     54 64 64s-28.654 64-64 64z"\n
Action.c(140):           ],\n
Action.c(140):           "width": 896,\n
Action.c(140):           "tags": [\n
Action.c(140):             "icon_lock_alt"\n
Action.c(140):           ],\n
Action.c(140):           "grid": 32,\n
Action.c(140):           "defaultCode": 59991\n
Action.c(140):         },\n
Action.c(140):         {\n
Action.c(140):           "paths": [\n
Action.c(140):             "M512 0c-282.752 0-512 229.248-512 512s229.248 512 512 512 512-229.248 512-512-229
Action.c(140):     .248-512-512-512zM512 960c-247.040 0-448-200.96-448-448s200.96-448 448-448 448 200.96 448 
Action.c(140):     448-200.96 448-448 448zM512 384c-35.328 0-64 28.672-64 64v320c0 35.328 28.672 64 64 64s64-
Action.c(140):     28.672 64-64v-320c0-35.328-28.672-64-64-64zM448 257.024c0 35.346 28.654 64 64 64s64-28.654
Action.c(140):      64-64c0-35.346-28.654-64-64-64s-64 28.654-64 64z"\n
Action.c(140):           ],\n
Action.c(140):           "tags": [\n
Action.c(140):             "icon_info"\n
Action.c(140):           ],\n
Action.c(140):           "grid": 32,\n
Action.c(140):           "defaultCode": 59992\n
Action.c(140):         },\n
Action.c(140):         {\n
Action.c(140):           "paths": [\n
Action.c(140):             "M1396.364 0h-1303.273c-51.413 0-93.091 41.678-93.091 93.091v837.818c0 51.413 41.6
Action.c(140):     78 93.091 93.091 93.091h1303.273c51.413 0 93.091-41.678 93.091-93.091v-837.818c0-51.413-41
Action.c(140):     .678-93.091-93.091-93.091zM93.091 93.091h1303.273v837.818h-1303.273v-837.818zM1264.454 465
Action.c(140):     .455h-566.272c-25.706 0-46.545 20.839-46.545 46.545s20.839 46.545 46.545 46.545h566.272c25
Action.c(140):     .706 0 46.545-20.839 46.545-46.545s-20.839-46.545-46.545-46.545zM1264.454 651.636h-566.272
Action.c(140):     c-25.706 0-46.545 20.839-46.545 46.545s20.839 46.545 46.545 46.545h566.272c25.706 0 46.545
Action.c(140):     -20.839 46.545-46.545s-20.839-46.545-46.545-46.545zM1264.454 279.273h-566.272c-25.706 0-46
Action.c(140):     .545 20.839-46.545 46.545s20.839 46.545 46.545 46.545h566.272c25.706 0 46.545-20.839 46.54
Action.c(140):     5-46.545s-20.839-46.545-46.545-46.545zM259.724 298.636c0 0 0 0 0 0 0 62.107 50.347 112.454
Action.c(140):      112.454 112.454s112.454-50.347 112.454-112.454c0-0 0-0 0-0v0c0-62.107-50.347-112.454-112.
Action.c(140):     454-112.454s-112.454 50.347-112.454 112.454h0zM374.598 456.145c-101.655 0-183.761 110.313-
Action.c(140):     183.761 246.691s367.709 136.192 367.709 0-82.385-246.691-183.948-246.691z"\n
Action.c(140):           ],\n
Action.c(140):           "width": 1489,\n
Action.c(140):           "tags": [\n
Action.c(140):             "icon_id"\n
Action.c(140):           ],\n
Action.c(140):           "grid": 32,\n
Action.c(140):           "defaultCode": 59993\n
Action.c(140):         },\n
Action.c(140):         {\n
Action.c(140):           "paths": [\n
Action.c(140):             "M59.317 504.046l86.964-69.483v516.26c0 40.394 32.746 73.14 73.14 73.14h219.421c40
Action.c(140):     .394 0 73.14-32.746 73.14-73.14v-292.561h146.28v292.561c0 40.394 32.746 73.14 73.14 73.14h
Action.c(140):     219.421c40.394 0 73.14-32.746 73.14-73.14v-516.26l86.891 69.483c6.204 4.991 14.177 8.012 2
Action.c(140):     2.856 8.012 20.219 0 36.609-16.391 36.609-36.609 0-11.54-5.339-21.833-13.682-28.543l-548.6
Action.c(140):     23-438.897c-6.201-4.998-14.176-8.023-22.856-8.023s-16.655 3.025-22.927 8.077l-196.531 157.
Action.c(140):     197v-92.12c0-40.394-32.746-73.14-73.14-73.14s-73.14 32.746-73.14 73.14v209.145l-205.67 164
Action.c(140):     .566c-8.122 6.756-13.254 16.865-13.254 28.173 0 20.197 16.373 36.57 36.57 36.57 8.41 0 16.
Action.c(140):     157-2.839 22.335-7.611zM585.122 83.416l365.701 292.561v574.846h-219.421v-365.701h-292.561v
Action.c(140):     365.701h-219.421v-574.773z"\n
Action.c(140):           ],\n
Action.c(140):           "width": 1170,\n
Action.c(140):           "tags": [\n
Action.c(140):             "icon_house_alt"\n
Action.c(140):           ],\n
Action.c(140):           "grid": 32,\n
Action.c(140):           "defaultCode": 59994\n
Action.c(140):         },\n
Action.c(140):         {\n
Action.c(140):           "paths": [\n
Action.c(140):             "M1193.224 346.283c-3.134-183.102-151.69-346.283-335.165-346.283-107.32 2.138-201.
Action.c(140):     803 55.247-260.49 136.040-60.003-80.793-154.486-133.902-261.473-136.035-183.809-0.005-332.
Action.c(140):     365 163.175-335.499 346.277h-0.597c0 1.119 0.224 2.164 0.224 3.283s-0.224 1.642-0.224 2.53
Action.c(140):     7c0 5.148 1.268 9.028 1.492 13.953 16.415 466.635 590.718 657.945 590.718 657.945s582.734-
Action.c(140):     191.086 599.97-657.198c0.298-5.223 1.642-9.327 1.642-14.699 0-0.895-0.224-1.716-0.224-2.53
Action.c(140):     7s0.224-2.164 0.224-3.283h-0.597zM1117.64 364.041c-13.207 358.146-422.165 540.204-525.281 
Action.c(140):     580.421-102.221-40.291-503.643-221.528-516.328-581.988-0.19-3.999-0.564-7.7-1.12-11.342l0.
Action.c(140):     299-3.581c0.414-146.28 115.383-265.574 259.895-272.911 83.694 2.125 156.592 43.686 201.59 
Action.c(140):     106.573 14.287 18.859 35.826 30.417 60.066 30.417s45.779-11.558 59.408-29.464c45.713-63.91
Action.c(140):     6 118.738-105.5 201.574-107.546 145.485 7.357 260.453 126.651 260.867 272.89 0 1.539 0.082
Action.c(140):      3.018 0.24 4.474-0.538 3.476-0.986 7.356-1.21 12.056z"\n
Action.c(140):           ],\n
Action.c(140):           "width": 1194,\n
Action.c(140):           "tags": [\n
Action.c(140):             "icon_heart_alt"\n
Action.c(140):           ],\n
Action.c(140):           "grid": 32,\n
Action.c(140):           "defaultCode": 59995\n
Action.c(140):         },\n
Action.c(140):         {\n
Action.c(140):           "paths": [\n
Action.c(140):             "M85.333 426.667h256c47.128 0 85.333-38.205 85.333-85.333v-256c0-47.128-38.205-85.
Action.c(140):     333-85.333-85.333h-256c-47.128 0-85.333 38.205-85.333 85.333v256c0 47.128 38.205 85.333 85
Action.c(140):     .333 85.333zM682.667 426.667h256c47.128 0 85.333-38.205 85.333-85.333v-256c0-47.128-38.205
Action.c(140):     -85.333-85.333-85.333h-256c-47.128 0-85.333 38.205-85.333 85.333v256c0 47.128 38.205 85.33
Action.c(140):     3 85.333 85.333zM0 938.667c0 47.128 38.205 85.333 85.333 85.333h256c47.128 0 85.333-38.205
Action.c(140):      85.333-85.333v-256c0-47.128-38.205-85.333-85.333-85.333h-256c-47.128 0-85.333 38.205-85.3
Action.c(140):     33 85.333v256zM597.333 938.667c0 47.128 38.205 85.333 85.333 85.333h256c47.128 0 85.333-38
Action.c(140):     .205 85.333-85.333v-256c0-47.128-38.205-85.333-85.333-85.333h-256c-47.128 0-85.333 38.205-
Action.c(140):     85.333 85.333v256z"\n
Action.c(140):           ],\n
Action.c(140):           "tags": [\n
Action.c(140):             "icon_grid-2x2"\n
Action.c(140):           ],\n
Action.c(140):           "grid": 32,\n
Action.c(140):           "defaultCode": 59996\n
Action.c(140):         },\n
Action.c(140):         {\n
Action.c(140):           "paths": [\n
Action.c(140):             "M960 256h-896c-35.328 0-64 28.672-64 64v192h64v448c0 35.328 28.672 64 64 64h768c3
Action.c(140):     5.328 0 64-28.672 64-64v-448h64v-192c0-35.328-28.672-64-64-64zM64 320h384v128h-384v-128zM1
Action.c(140):     28 960v-448h320v448h-320zM896 960h-318.656v-448h318.656v448zM960 448h-382.656v-128h382.656
Action.c(140):     v128zM512 192c0-0.128-0.064-0.384-0.064-0.512h0.192c-0.064 0.128-0.128 0.384-0.128 0.512 0
Action.c(140):      0 167.616 0 256 0s128-43.008 128-96-39.616-96-128-96c-82.752 0-147.904 37.248-192 80.448-
Action.c(140):     19.328-11.456-41.664-18.432-65.856-18.432-23.168 0-44.608 6.528-63.424 17.152-44.032-42.68
Action.c(140):     8-108.8-79.168-190.72-79.168-88.384 0-128 43.008-128 96s39.616 96 128 96c88.384 0 256 0 25
Action.c(140):     6 0zM832 96c0 26.432-34.816 32-64 32h-145.344c-0.512-0.896-0.96-1.856-1.472-2.688 32.512-3
Action.c(140):     1.616 81.792-61.312 146.816-61.312 29.184 0 64 5.568 64 32zM192 96c0-26.432 34.816-32 64-3
Action.c(140):     2 63.616 0 111.872 28.48 144.384 59.008-1.024 1.6-1.792 3.328-2.752 4.992h-141.632c-29.184
Action.c(140):      0-64-5.568-64-32z"\n
Action.c(140):           ],\n
Action.c(140):           "tags": [\n
Action.c(140):             "icon_gift_alt"\n
Action.c(140):           ],\n
Action.c(140):           "grid": 32,\n
Action.c(140):           "defaultCode": 59997\n
Action.c(140):         },\n
Action.c(140):         {\n
Action.c(140):           "paths": [\n
Action.c(140):             "M512 0c-282.752 0-512 229.248-512 512s229.248 512 512 512 512-229.248 512-512-229
Action.c(140):     .248-512-512-512zM512 960c-247.040 0-448-200.96-448-448s200.96-448 448-448 448 200.96 448 
Action.c(140):     448-200.96 448-448 448zM512 192c-35.328 0-64 28.672-64 64v320c0 35.328 28.672 64 64 64s64-
Action.c(140):     28.672 64-64v-320c0-35.328-28.672-64-64-64zM448 766.976c0 35.346 28.654 64 64 64s64-28.654
Action.c(140):      64-64c0-35.346-28.654-64-64-64s-64 28.654-64 64z"\n
Action.c(140):           ],\n
Action.c(140):           "tags": [\n
Action.c(140):             "icon_error-circle_alt"\n
Action.c(140):           ],\n
Action.c(140):           "grid": 32,\n
Action.c(140):           "defaultCode": 59998\n
Action.c(140):         },\n
Action.c(140):         {\n
Action.c(140):           "paths": [\n
Action.c(140):             "M64 1024h768c35.346 0 64-28.654 64-64v-896c0-35.346-28.654-64-64-64h-768c-35.346 
Action.c(140):     0-64 28.654-64 64v896c0 35.346 28.654 64 64 64zM64 64h768v896h-768v-896zM672 192h-256c-17.
Action.c(140):     673 0-32 14.327-32 32s14.327 32 32 32h256c17.673 0 32-14.327 32-32s-14.327-32-32-32zM672 3
Action.c(140):     84h-448c-17.673 0-32 14.327-32 32s14.327 32 32 32h448c17.673 0 32-14.327 32-32s-14.327-32-
Action.c(140):     32-32zM672 576h-448c-17.673 0-32 14.327-32 32s14.327 32 32 32h448c17.673 0 32-14.327 32-32
Action.c(140):     s-14.327-32-32-32zM672 768h-448c-17.673 0-32 14.327-32 32s14.327 32 32 32h448c17.673 0 32-
Action.c(140):     14.327 32-32s-14.327-32-32-32z"\n
Action.c(140):           ],\n
Action.c(140):           "width": 896,\n
Action.c(140):           "tags": [\n
Action.c(140):             "icon_document_alt"\n
Action.c(140):           ],\n
Action.c(140):           "grid": 32,\n
Action.c(140):           "defaultCode": 59999\n
Action.c(140):         },\n
Action.c(140):         {\n
Action.c(140):           "paths": [\n
Action.c(140):             "M512 0c-282.77 0-512 229.23-512 512s229.23 512 512 512c282.77 0 512-229.23 512-51
Action.c(140):     2s-229.23-512-512-512zM512 955.733c-245.067 0-443.733-198.666-443.733-443.733s198.666-443.
Action.c(140):     733 443.733-443.733c245.067 0 443.733 198.666 443.733 443.733-0.291 244.95-198.783 443.442
Action.c(140):     -443.705 443.733zM570.505 273.067c1.362-0.062 2.959-0.097 4.564-0.097 57.656 0 104.733 45.
Action.c(140):     295 107.588 102.242 0.010 19.107 15.292 34.389 34.144 34.389s34.133-15.282 34.133-34.133c-
Action.c(140):     2.912-94.901-80.541-170.725-175.88-170.725-1.6 0-3.194 0.021-4.784 0.064l-24.137-0.005v-34
Action.c(140):     .133c0-18.851-15.282-34.133-34.133-34.133s-34.133 15.282-34.133 34.133v34.133h-24.371c-1.3
Action.c(140):     55-0.037-2.95-0.059-4.549-0.059-95.339 0-172.968 75.824-175.873 170.458 2.905 95.169 80.53
Action.c(140):     4 170.993 175.873 170.993 1.6 0 3.194-0.021 4.784-0.064l24.137 0.005v204.8h-24.371c-1.362 
Action.c(140):     0.062-2.959 0.097-4.564 0.097-57.656 0-104.733-45.295-107.588-102.242-0.010-19.107-15.292-
Action.c(140):     34.389-34.144-34.389s-34.133 15.282-34.133 34.133c2.912 94.901 80.541 170.725 175.88 170.7
Action.c(140):     25 1.6 0 3.194-0.021 4.784-0.064l24.137 0.005v34.133c0 18.851 15.282 34.133 34.133 34.133s
Action.c(140):     34.133-15.282 34.133-34.133v-34.133h24.371c1.355 0.037 2.95 0.059 4.549 0.059 95.339 0 172
Action.c(140):     .968-75.824 175.873-170.458-2.905-95.169-80.534-170.993-175.873-170.993-1.6 0-3.194 0.021-
Action.c(140):     4.784 0.064l-24.137-0.005v-204.8h24.371zM570.505 546.133c1.362-0.062 2.959-0.097 4.564-0.0
Action.c(140):     97 57.656 0 104.733 45.295 107.588 102.242-2.855 57.457-49.932 102.752-107.588 102.752-1.6
Action.c(140):     05 0-3.202-0.035-4.79-0.105l-24.145 0.008v-204.8h24.371zM477.867 477.867h-24.371c-1.362 0.
Action.c(140):     062-2.959 0.097-4.564 0.097-57.656 0-104.733-45.295-107.588-102.242 2.855-57.457 49.932-10
Action.c(140):     2.752 107.588-102.752 1.605 0 3.202 0.035 4.79 0.105l24.145-0.008v204.8z"\n
Action.c(140):           ],\n
Action.c(140):           "tags": [\n
Action.c(140):             "icon_currency"\n
Action.c(140):           ],\n
Action.c(140):           "grid": 32,\n
Action.c(140):           "defaultCode": 60000\n
Action.c(140):         },\n
Action.c(140):         {\n
Action.c(140):           "paths": [\n
Action.c(140):             "M1280 0h-1194.667c-47.128 0-85.333 38.205-85.333 85.333v853.333c0 47.128 38.205 8
Action.c(140):     5.333 85.333 85.333h1194.667c47.128 0 85.333-38.205 85.333-85.333v-853.333c0-47.128-38.205
Action.c(140):     -85.333-85.333-85.333zM1280 938.667h-1194.667v-512h1194.667v512zM85.333 259.584v-174.251h1
Action.c(140):     194.667v174.251h-1194.667zM213.333 853.333h426.667c23.564 0 42.667-19.103 42.667-42.667s-1
Action.c(140):     9.103-42.667-42.667-42.667h-426.667c-23.564 0-42.667 19.103-42.667 42.667s19.103 42.667 42
Action.c(140):     .667 42.667zM768 810.667c0 23.564 19.103 42.667 42.667 42.667s42.667-19.103 42.667-42.667c
Action.c(140):     0-23.564-19.103-42.667-42.667-42.667s-42.667 19.103-42.667 42.667zM938.667 810.667c0 23.56
Action.c(140):     4 19.103 42.667 42.667 42.667s42.667-19.103 42.667-42.667c0-23.564-19.103-42.667-42.667-42
Action.c(140):     .667s-42.667 19.103-42.667 42.667zM1109.333 810.667c0 23.564 19.103 42.667 42.667 42.667s4
Action.c(140):     2.667-19.103 42.667-42.667c0-23.564-19.103-42.667-42.667-42.667s-42.667 19.103-42.667 42.6
Action.c(140):     67z"\n
Action.c(140):           ],\n
Action.c(140):           "width": 1365,\n
Action.c(140):           "tags": [\n
Action.c(140):             "icon_creditcard"\n
Action.c(140):           ],\n
Action.c(140):           "grid": 32,\n
Action.c(140):           "defaultCode": 60001\n
Action.c(140):         },\n
Action.c(140):         {\n
Action.c(140):           "paths": [\n
Action.c(140):             "M832 0h-768c-35.328 0-64 28.672-64 64v896c0 35.328 28.672 64 64 64h768c35.328 0 6
Action.c(140):     4-28.672 64-64v-896c0-35.328-28.672-64-64-64zM64 64h128v896h-128v-896zM832 960h-576v-896h5
Action.c(140):     76v896zM443.584 343.488c0 0 0 0 0 0 0 53.514 43.382 96.896 96.896 96.896s96.896-43.382 96.
Action.c(140):     896-96.896c0-0 0-0 0-0s0-0 0-0c0-53.514-43.382-96.896-96.896-96.896s-96.896 43.382-96.896 
Action.c(140):     96.896c0 0 0 0 0 0zM542.464 479.104c-87.488 0-158.464 95.168-158.464 212.544s316.992 117.3
Action.c(140):     76 316.992 0-70.976-212.544-158.528-212.544zM960 64h64v192h-64zM960 320h64v192h-64zM960 57
Action.c(140):     6h64v192h-64z"\n
Action.c(140):           ],\n
Action.c(140):           "tags": [\n
Action.c(140):             "icon_contacts_alt"\n
Action.c(140):           ],\n
Action.c(140):           "grid": 32,\n
Action.c(140):           "defaultCode": 60002\n
Action.c(140):         },\n
Action.c(140):         {\n
Action.c(140):           "paths": [\n
Action.c(140):             "M65.146 1002.871c5.993 12.585 18.609 21.129 33.221 21.129 0.004 0 0.009-0 0.013-0
Action.c(140):      0.414 0.001 0.904 0.002 1.395 0.002 109.106 0 210.791-31.771 296.309-86.567 52.304 9.977 
Action.c(140):     117.347 16.211 183.367 18.619 324.161 0.086 585.406-214.354 585.406-478.020s-261.245-478.0
Action.c(140):     33-582.428-478.033-582.428 214.367-582.428 478.033c3.235 134.868 66.767 254.268 164.569 33
Action.c(140):     2.691-25.233 58.921-57.094 109.114-95.058 153.979-4.545 5.415-7.774 13.67-7.774 22.679 0 5
Action.c(140):     .62 1.256 10.947 3.504 15.715zM73.363 478.033c0-223.17 228.379-404.67 509.065-404.67s509.0
Action.c(140):     65 181.573 509.065 404.743-228.379 404.67-509.065 404.67c-68.982-2.568-134.049-9.142-197.8
Action.c(140):     24-19.562 7.044 0.842 4.724 0.624 2.353 0.624-7.133 0-13.806 1.967-19.508 5.388-54.594 36.
Action.c(140):     174-119.138 62.701-188.537 75.29 22.29-37.347 45.209-80.664 63.436-126.36 3.239-8.654 4.15
Action.c(140):     7-13.23 4.157-18.019 0-11.897-5.664-22.472-14.443-29.174-93.924-65.492-155.406-171.698-158
Action.c(140):     .689-292.431z"\n
Action.c(140):           ],\n
Action.c(140):           "width": 1165,\n
Action.c(140):           "tags": [\n
Action.c(140):             "icon_comment_alt"\n
Action.c(140):           ],\n
Action.c(140):           "grid": 32,\n
Action.c(140):           "defaultCode": 60003\n
Action.c(140):         },\n
Action.c(140):         {\n
Action.c(140):           "paths": [\n
Action.c(140):             "M366.179 1009.121c1.872 1.497 2.995 3.556 4.96 4.96 2.534 1.319 5.512 2.528 8.61 
Action.c(140):     3.459 3.397 1.669 6.962 3.131 10.666 4.276 3.656 0.95 7.397 1.55 11.234 1.8 2.545 0.323 5.
Action.c(140):     274 0.501 8.045 0.501s5.5-0.179 8.177-0.525c1.836-0.341 3.895-0.902 6.047-1.464 6.954-1.76
Action.c(140):      13.064-4.393 18.622-7.835 0.749-0.493 1.591-1.242 2.621-1.897 4.26-2.406 7.942-5.103 11.2
Action.c(140):     69-8.178 1.785-2.447 3.526-5.266 5.038-8.222l0.444-0.632 557.644-893.97c6.69-10.104 10.674
Action.c(140):     -22.507 10.674-35.841 0-36.181-
Action.c(140): t=22104ms: 12288-byte DECODED response body for "https://stage.peapod.com/shop/images/icons/PeapodIcons.json" (RelFrameId=1, Internal ID=13)
Action.c(140):     29.331-65.512-65.512-65.512-22.847 0-42.963 11.696-54.686 29.426l-515.216 825.714-284.858-
Action.c(140):     277.091c-11.848-11.818-28.2-19.125-46.259-19.125-36.178 0-65.506 29.328-65.506 65.506 0 19
Action.c(140):     .852 8.831 37.641 22.778 49.654l342.776 333.498c0.676 0.474 1.471 0.97 2.291 1.425z"\n
Action.c(140):           ],\n
Action.c(140):           "width": 1030,\n
Action.c(140):           "tags": [\n
Action.c(140):             "icon_check"\n
Action.c(140):           ],\n
Action.c(140):           "grid": 32,\n
Action.c(140):           "defaultCode": 60004\n
Action.c(140):         },\n
Action.c(140):         {\n
Action.c(140):           "paths": [\n
Action.c(140):             "M221.55 950.857c0 40.396 32.747 73.143 73.143 73.143s73.143-32.747 73.143-73.143c
Action.c(140):     0-40.396-32.747-73.143-73.143-73.143s-73.143 32.747-73.143 73.143zM879.835 950.857c0 40.39
Action.c(140):     6 32.747 73.143 73.143 73.143s73.143-32.747 73.143-73.143c0-40.396-32.747-73.143-73.143-73
Action.c(140):     .143s-73.143 32.747-73.143 73.143zM0 36.571c0 20.198 16.374 36.571 36.571 36.571h75.995l45
Action.c(140):     .422 194.267 63.561 317.733c0.435 2.88 0.97 5.352 1.644 7.766l-37.337 167.045c-0.57 2.418-
Action.c(140):     0.896 5.194-0.896 8.046 0 20.198 16.374 36.571 36.571 36.571 0.006 0 0.013-0 0.019-0l829.7
Action.c(140):     32 0c20.198 0 36.571-16.374 36.571-36.571s-16.374-36.571-36.571-36.571h-784.091l16.75-75.3
Action.c(140):     37c3.048 0.931 6.69 1.701 10.428 2.162l667.021 0.033c3.338 0.522 7.189 0.819 11.108 0.819 
Action.c(140):     34.684 0 63.919-23.324 72.878-55.143l118.912-364.931c4.039-8.221 6.402-17.894 6.402-28.118
Action.c(140):      0-35.871-29.079-64.951-64.951-64.951-2.28 0-4.533 0.118-6.753 0.347l-877.436-0.023c-5.887
Action.c(140):      0.482-11.333 1.624-16.506 3.36l-27.892-121.413c-3.914-16.304-18.368-28.233-35.608-28.233-
Action.c(140):     0.004 0-0.009 0-0.013 0l-104.959-0c-20.198 0-36.571 16.374-36.571 36.571zM223.086 219.429h
Action.c(140):     870.766l-116.736 358.4c-1.23 2.834-2.38 5.116-3.636 7.329-2.215-0.161-6.018 0.059-12.016 0
Action.c(140):     .059h-666.77v-7.387l-1.39-7.022z"\n
Action.c(140):           ],\n
Action.c(140):           "width": 1170,\n
Action.c(140):           "tags": [\n
Action.c(140):             "icon_cart_alt"\n
Action.c(140):           ],\n
Action.c(140):           "grid": 32,\n
Action.c(140):           "defaultCode": 60005\n
Action.c(140):         },\n
Action.c(140):         {\n
Action.c(140):           "paths": [\n
Action.c(140):             "M64 1024h640c35.346 0 64-28.654 64-64v-704c0-35.346-28.654-64-64-64h-128.32c0-0 0
Action.c(140):     -0 0-0 0-105.862-85.818-191.68-191.68-191.68s-191.68 85.818-191.68 191.68c0 0 0 0 0 0l-128
Action.c(140):     .32-0c-35.346 0-64 28.654-64 64v704c0 35.346 28.654 64 64 64zM704 256v704h-640v-704h640zM3
Action.c(140):     84 64c70.251 0.929 126.932 57.722 127.679 127.929l-255.359 0.071c0.748-70.278 57.429-127.0
Action.c(140):     71 127.592-127.999zM288 384h192c17.673 0 32-14.327 32-32s-14.327-32-32-32h-192c-17.673 0-3
Action.c(140):     2 14.327-32 32s14.327 32 32 32z"\n
Action.c(140):           ],\n
Action.c(140):           "width": 768,\n
Action.c(140):           "tags": [\n
Action.c(140):             "icon_bag_alt"\n
Action.c(140):           ],\n
Action.c(140):           "grid": 32,\n
Action.c(140):           "defaultCode": 60006\n
Action.c(140):         },\n
Action.c(140):         {\n
Action.c(140):           "paths": [\n
Action.c(140):             "M1020.224 179.968c-8.064-26.048-31.488-45.312-60.224-45.312h-64v99.328c0 52.928-4
Action.c(140):     3.072 96-96 96s-96-43.072-96-96v-99.328h-384.32v99.328c0 52.928-43.072 96-96 96s-96-43.072
Action.c(140):     -96-96v-99.328h-63.68c-28.736 0-52.16 19.264-60.224 45.312l-3.776-0v780.032c0 35.328 28.67
Action.c(140):     2 64 64 64h896c35.328 0 64-28.672 64-64v-780.032h-3.776zM960 960h-896v-512h896v512zM223.68
Action.c(140):      265.984c17.664 0 32-14.336 32-32v-201.984c0-17.664-14.336-32-32-32s-32 14.336-32 32v201.9
Action.c(140):     84c0 17.664 14.336 32 32 32zM800 265.984c17.664 0 32-14.336 32-32v-201.984c0-17.664-14.336
Action.c(140):     -32-32-32s-32 14.336-32 32v201.984c0 17.664 14.336 32 32 32z"\n
Action.c(140):           ],\n
Action.c(140):           "tags": [\n
Action.c(140):             "icon_calendar"\n
Action.c(140):           ],\n
Action.c(140):           "grid": 32,\n
Action.c(140):           "defaultCode": 60007\n
Action.c(140):         },\n
Action.c(140):         {\n
Action.c(140):           "paths": [\n
Action.c(140):             "M512 0c-282.77 0-512 229.23-512 512s229.23 512 512 512c282.77 0 512-229.23 512-51
Action.c(140):     2s-229.23-512-512-512zM512 955.733c-245.067 0-443.733-198.666-443.733-443.733s198.666-443.
Action.c(140):     733 443.733-443.733c245.067 0 443.733 198.666 443.733 443.733-0.291 244.95-198.783 443.442
Action.c(140):     -443.705 443.733zM738.441 489.677l-263.305-208.555c-7.429-5.439-16.748-8.703-26.829-8.703s
Action.c(140):     -19.4 3.264-26.958 8.793c0.032 0.041-0.081 0.154-0.208 0.248-6.807 4.781-11.269 12.493-11.
Action.c(140):     54 21.261l-0.001 417.151c0.337 8.96 4.985 16.767 11.919 21.443l0.096 0.061c7.429 5.439 16.
Action.c(140):     748 8.703 26.829 8.703s19.4-3.264 26.958-8.793l264.404-208.806c6.739-4.664 11.098-12.353 1
Action.c(140):     1.098-21.060s-4.359-16.396-11.013-21.005c-0.457-0.276-0.905-0.505-1.368-0.706z"\n
Action.c(140):           ],\n
Action.c(140):           "tags": [\n
Action.c(140):             "arrow_triangle-right_alt2"\n
Action.c(140):           ],\n
Action.c(140):           "grid": 32,\n
Action.c(140):           "defaultCode": 60008\n
Action.c(140):         },\n
Action.c(140):         {\n
Action.c(140):           "paths": [\n
Action.c(140):             "M224.96 528c0.007 0 0.014 0 0.022 0 10.235 0 19.347-4.805 25.205-12.282l140.853-1
Action.c(140):     81.51 96.512 113.344c5.987 6.876 14.738 11.212 24.503 11.264 9.759-0.068 18.464-4.486 24.2
Action.c(140):     89-11.407l224.040-266.865c4.247-5.38 6.812-12.26 6.812-19.738 0-17.673-14.327-32-32-32-9.4
Action.c(140):     55 0-17.952 4.101-23.81 10.621l-199.706 237.853-97.28-114.56c-6.536-6.374-15.271-10.52-24.
Action.c(140):     963-11.193-10.104 0.214-18.929 4.97-24.648 12.275l-165.109 212.55c-4.204 5.364-6.742 12.21
Action.c(140):     -6.742 19.648 0 17.673 14.327 32 32 32 0.008 0 0.016-0 0.023-0zM927.296 0h-894.592c-0.096-
Action.c(140):     0.001-0.209-0.002-0.322-0.002-17.751 0-32.166 14.282-32.382 31.981 0.216 17.74 14.631 32.0
Action.c(140):     22 32.382 32.022 0.113 0 0.226-0.001 0.34-0.002l31.279 0v576c0 35.346 28.654 64 64 64h320v
Action.c(140):     99.904l-181.504 164.416c-6.057 5.831-9.819 14.009-9.819 23.065 0 17.673 14.327 32 32 32 7.
Action.c(140):     974 0 15.266-2.916 20.869-7.741l138.454-125.405v101.76c0 17.673 14.327 32 32 32s32-14.327 
Action.c(140):     32-32v-101.76l138.496 125.44c5.743 5.529 13.564 8.935 22.181 8.935 17.673 0 32-14.327 32-3
Action.c(140):     2 0-9.699-4.315-18.391-11.131-24.259l-181.546-164.451v-99.904h320c35.346 0 64-28.654 64-64
Action.c(140):     v-576h31.296c0.096 0.001 0.209 0.002 0.322 0.002 17.751 0 32.166-14.282 32.382-31.981-0.21
Action.c(140):     6-17.74-14.631-32.022-32.382-32.022-0.113 0-0.226 0.001-0.34 0.002zM832 640h-704v-576h704v
Action.c(140):     576z"\n
Action.c(140):           ],\n
Action.c(140):           "width": 960,\n
Action.c(140):           "tags": [\n
Action.c(140):             "icon_easel"\n
Action.c(140):           ],\n
Action.c(140):           "grid": 32,\n
Action.c(140):           "defaultCode": 60009\n
Action.c(140):         },\n
Action.c(140):         {\n
Action.c(140):           "paths": [\n
Action.c(140):             "M19.964 560.51l443.458 443.458c26.665 26.665 70.012 26.665 96.677 0s26.665-70.012
Action.c(140):      0-96.677l-395.324-395.324 395.324-395.324c26.665-26.665 26.665-70.012 0-96.677s-70.012-26
Action.c(140):     .665-96.677 0l-443.458 443.526c-13.401 13.332-19.964 30.904-19.964 48.475s6.564 35.143 19.
Action.c(140):     964 48.544z"\n
Action.c(140):           ],\n
Action.c(140):           "width": 580,\n
Action.c(140):           "tags": [\n
Action.c(140):             "arrow_carrot-left"\n
Action.c(140):           ],\n
Action.c(140):           "grid": 32,\n
Action.c(140):           "defaultCode": 60010\n
Action.c(140):         },\n
Action.c(140):         {\n
Action.c(140):           "paths": [\n
Action.c(140):             "M20.033 1003.967c26.665 26.665 70.012 26.665 96.677 0l443.458-443.458c13.401-13.4
Action.c(140):     01 20.101-31.041 19.964-48.544 0-17.64-6.564-35.143-19.964-48.544l-443.458-443.389c-26.665
Action.c(140):     -26.665-70.012-26.665-96.677 0s-26.665 70.012 0 96.677l395.324 395.324-395.324 395.324c-26
Action.c(140):     .665 26.665-26.665 70.012-0 96.609z"\n
Action.c(140):           ],\n
Action.c(140):           "width": 580,\n
Action.c(140):           "tags": [\n
Action.c(140):             "arrow_carrot-right"\n
Action.c(140):           ],\n
Action.c(140):           "grid": 32,\n
Action.c(140):           "defaultCode": 60011\n
Action.c(140):         },\n
Action.c(140):         {\n
Action.c(140):           "paths": [\n
Action.c(140):             "M206.031 988.756l697.875-697.875 697.875 697.875c47.072 47.072 123.595 47.072 170
Action.c(140):     .667 0s47.072-123.595 0-170.667l-782.967-782.846c-23.536-23.657-54.435-35.244-85.575-35.24
Action.c(140):     4s-62.039 11.587-85.695 35.244l-782.846 782.846c-47.072 47.072-47.072 123.595 0 170.667s12
Action.c(140):     3.595 47.072 170.667 0z"\n
Action.c(140):           ],\n
Action.c(140):           "width": 1808,\n
Action.c(140):           "tags": [\n
Action.c(140):             "arrow_carrot-up"\n
Action.c(140):           ],\n
Action.c(140):           "grid": 32,\n
Action.c(140):           "defaultCode": 60012\n
Action.c(140):         },\n
Action.c(140):         {\n
Action.c(140):           "paths": [\n
Action.c(140):             "M1601.471 35.36l-697.792 697.792-697.792-697.792c-47.067-47.067-123.58-47.067-170
Action.c(140):     .647 0s-47.067 123.58 0 170.647l782.754 782.754c23.654 23.654 54.79 35.481 85.685 35.24 31
Action.c(140):     .136 0 62.031-11.586 85.685-35.24l782.754-782.754c47.067-47.067 47.067-123.58 0-170.647-47
Action.c(140):     .067-47.187-123.459-47.187-170.647 0z"\n
Action.c(140):           ],\n
Action.c(140):           "width": 1807,\n
Action.c(140):           "tags": [\n
Action.c(140):             "arrow_carrot-down"\n
Action.c(140):           ],\n
Action.c(140):           "grid": 32,\n
Action.c(140):           "defaultCode": 60013\n
Action.c(140):         },\n
Action.c(140):         {\n
Action.c(140):           "paths": [\n
Action.c(140):             "M539.186 849.557v-849.556l-167.646 337.557-371.54 54.372 269.593 262.796-63.433 3
Action.c(140):     69.273 333.026-174.443z",\n
Action.c(140):             "M872.212 1023.999l-63.433-369.273 269.593-262.796-371.54-54.372-167.646-337.557v8
Action.c(140):     49.556l333.026 174.443z"\n
Action.c(140):           ],\n
Action.c(140):           "width": 1078,\n
Action.c(140):           "attrs": [\n
Action.c(140):             {\n
Action.c(140):               "fill": "rgb(81, 81, 81)"\n
Action.c(140):             },\n
Action.c(140):             {\n
Action.c(140):               "fill": "rgb(164, 164, 164)"\n
Action.c(140):             }\n
Action.c(140):           ],\n
Action.c(140):           "isMulticolor": true,\n
Action.c(140):           "tags": [\n
Action.c(140):             "icon_star-half-color"\n
Action.c(140):           ],\n
Action.c(140):           "grid": 32,\n
Action.c(140):           "defaultCode": 60014\n
Action.c(140):         },\n
Action.c(140):         {\n
Action.c(140):           "paths": [\n
Action.c(140):             "M512 0.041c-131.031 0-262.066 49.983-362.041 149.956-199.946 199.946-199.946 524.
Action.c(140):     135 0 724.005 100.041 99.973 231.003 149.956 362.041 149.956s262.066-49.983 362.041-149.95
Action.c(140):     6c199.946-199.946 199.946-524.135 0-724.005-99.972-99.973-231.003-149.956-362.041-149.956v
Action.c(140):     0zM825.557 825.525c-83.723 83.723-195.078 129.866-313.561 129.866-118.416 0-229.771-46.144
Action.c(140):     -313.561-129.866-83.723-83.723-129.866-195.078-129.866-313.561s46.144-229.771 129.866-313.
Action.c(140):     561c83.723-83.723 195.078-129.866 313.561-129.866 118.416 0 229.771 46.144 313.561 129.866
Action.c(140):     s129.866 195.146 129.866 313.561-46.144 229.839-129.866 313.561zM715.439 475.419h-171.421v
Action.c(140):     -240.466c0-18.926-15.358-34.283-34.283-34.283s-34.283 15.358-34.283 34.283v274.751c0 18.92
Action.c(140):     6 15.358 34.283 34.283 34.283h205.705c18.926 0 34.283-15.358 34.283-34.283s-15.358-34.284-
Action.c(140):     34.283-34.284v0z"\n
Action.c(140):           ],\n
Action.c(140):           "tags": [\n
Action.c(140):             "icon_clock_alt"\n
Action.c(140):           ],\n
Action.c(140):           "grid": 32,\n
Action.c(140):           "defaultCode": 60016\n
Action.c(140):         },\n
Action.c(140):         {\n
Action.c(140):           "paths": [\n
Action.c(140):             "M20.685 1003.315c27.546 27.546 72.397 27.546 99.942 0l391.373-391.373 391.373 391
Action.c(140):     .373c27.546 27.546 72.397 27.546 99.942 0s27.546-72.397 0-99.942l-391.373-391.373 391.373-
Action.c(140):     391.373c27.546-27.546 27.546-72.397 0-99.942s-72.397-27.546-99.942 0l-391.373 391.373-391.
Action.c(140):     373-391.373c-27.546-27.546-72.397-27.546-99.942 0s-27.546 72.397 0 99.942l391.373 391.373-
Action.c(140):     391.373 391.373c-27.597 27.546-27.597 72.397 0 99.942z"\n
Action.c(140):           ],\n
Action.c(140):           "tags": [\n
Action.c(140):             "icon_close"\n
Action.c(140):           ],\n
Action.c(140):           "grid": 32,\n
Action.c(140):           "defaultCode": 60017\n
Action.c(140):         },\n
Action.c(140):         {\n
Action.c(140):           "paths": [\n
Action.c(140):             "M512 0c-212.032 0-384 171.968-384 384 0 246.656 276.544 554.432 320 601.472 17.98
Action.c(140):     4 19.52 33.024 38.528 64 38.528s46.016-19.008 64-38.528c43.456-47.040 320-354.816 320-601.
Action.c(140):     472 0-212.032-171.968-384-384-384zM512 640c-141.376 0-256-114.624-256-256s114.624-256 256-
Action.c(140):     256 256 114.624 256 256-114.624 256-256 256zM512 256c-70.656 0-128 57.344-128 128s57.344 1
Action.c(140):     28 128 128 128-57.344 128-128-57.344-128-128-128z"\n
Action.c(140):           ],\n
Action.c(140):           "grid": 32,\n
Action.c(140):           "tags": [\n
Action.c(140):             "location_alt"\n
Action.c(140):           ],\n
Action.c(140):           "defaultCode": 60018\n
Action.c(140):         },\n
Action.c(140):         {\n
Action.c(140):           "paths": [\n
Action.c(140):             "M588.454 457.099l17.080-158.602-34.567 9.353-10.573 120.782-69.134-99.635-34.974 
Action.c(140):     9.353 93.535 128.915z",\n
Action.c(140):             "M389.185 483.94l61.407-16.267 15.454 21.96 34.567-9.353-93.535-128.915-38.227 10.
Action.c(140):     167-17.080 158.195 34.567-9.353 2.847-26.434zM396.505 387.152l39.041 55.714-44.734 11.793 
Action.c(140):     5.693-67.508z",\n
Action.c(140):             "M764.137 410.332l-7.32-26.84-71.168 18.707-8.54-32.534 69.541-18.707-7.32-26.84-6
Action.c(140):     9.541 18.3-7.727-30.094 70.761-18.707-6.913-26.84-101.668 26.84 38.227 143.555z",\n
Action.c(140):             "M329.404 564.461l-10.98 98.821-58.967-80.521-42.701 11.387 38.227 143.555 30.5-8.
Action.c(140):     133-27.654-103.295 68.321 92.721 13.42-3.66 12.607-114.275 27.654 103.701 30.907-8.133-38.
Action.c(140):     227-143.962z",\n
Action.c(140):             "M301.344 490.040c2.033 8.54-3.66 17.894-20.74 22.774-19.927 5.287-37.82 0.407-50.
Action.c(140):     834-7.32l-10.573 28.467c17.080 9.76 39.447 13.827 67.101 6.507 38.634-10.167 52.054-34.974
Action.c(140):      45.141-61.407-14.234-53.681-92.721-16.267-98.821-39.041-2.44-8.54 3.66-16.267 16.267-19.5
Action.c(140):     2 14.64-4.067 31.314-3.253 45.954 4.473l10.98-27.247c-17.894-9.353-38.634-11.387-61.407-5.
Action.c(140):     287-33.754 8.947-49.207 34.16-42.701 58.154 15.047 53.681 93.128 14.234 99.635 39.447z",\n
Action.c(140):             "M742.176 608.381l101.668-27.247-6.913-26.84-71.168 18.707-8.947-32.534 69.948-18.
Action.c(140):     707-7.32-26.84-69.541 18.707-8.133-30.094 71.168-19.114-7.32-26.84-101.668 26.84z",\n
Action.c(140):             "M693.376 516.88c-6.913-26.84-30.907-41.481-60.594-33.347l-67.101 17.894 38.227 14
Action.c(140):     3.555 30.5-8.133-13.42-51.241 22.367-6.1 41.887 43.514 35.38-9.353-47.174-45.954c14.234-7.
Action.c(140):     32 26.84-25.62 19.927-50.834zM645.795 550.227l-32.127 8.54-10.167-38.634 32.127-8.54c12.2-
Action.c(140):     3.253 23.18 1.627 26.434 13.42 3.253 12.2-4.067 21.96-16.267 25.214z",\n
Action.c(140):             "M468.486 524.607c-43.514 11.387-67.101 50.834-55.307 94.348 11.387 43.107 51.241 
Action.c(140):     65.881 94.755 54.494 43.107-11.387 66.694-50.834 55.307-94.348-11.387-43.107-51.647-65.881
Action.c(140):     -94.755-54.494zM501.020 646.202c-26.84 6.913-49.207-8.947-56.121-35.38-7.32-26.84 4.473-51
Action.c(140):     .647 31.314-58.967 26.434-6.913 48.801 8.54 56.121 35.787 6.507 26.434-4.88 51.647-31.314 
Action.c(140):     58.561z",\n
Action.c(140):             "M1021.967 522.573c-35.787-26.027-69.541-51.241-104.921-77.268 25.62-36.194 50.021
Action.c(140):     -70.761 76.048-107.768-43.921-12.2-84.994-23.994-127.695-35.787 10.573-43.107 20.74-84.181
Action.c(140):      31.314-128.508-44.327 2.847-86.621 6.1-130.948 8.947-6.1-41.481-12.2-82.554-18.3-125.255-
Action.c(140):     40.667 18.3-78.488 35.787-117.528 53.681-21.147-37.007-41.887-73.201-63.441-111.021-29.687
Action.c(140):      32.534-57.747 62.627-86.621 93.941-33.347-27.654-65.881-54.494-99
Action.c(140): t=22151ms: 1843-byte DECODED response body for "https://stage.peapod.com/shop/images/icons/PeapodIcons.json" (RelFrameId=1, Internal ID=13)
Action.c(140):     .635-82.554-17.487 42.701-33.347 82.554-50.021 123.222-41.074-14.64-80.521-28.060-123.222-
Action.c(140):     43.107 0 45.141 0 87.434 0 131.355-44.327 2.847-85.808 5.287-129.728 7.727 15.454 41.481 3
Action.c(140):     0.5 80.928 45.954 121.595-40.667 18.3-79.708 35.787-121.188 54.494 30.907 32.94 60.187 63.
Action.c(140):     441 89.061 94.348-30.5 31.314-60.187 61.814-90.688 93.535 39.447 20.74 78.488 41.074 117.9
Action.c(140):     35 61.814-18.707 39.854-36.6 77.268-55.307 115.902 45.954 5.287 88.248 10.167 131.762 15.0
Action.c(140):     47-3.253 43.921-6.1 85.401-9.353 128.915 44.327-13.014 86.214-25.214 128.915-37.414 14.234
Action.c(140):      42.701 27.654 83.368 41.481 126.068 34.974-26.84 67.914-52.461 101.668-78.894 28.874 33.3
Action.c(140):     47 56.527 65.068 85.808 99.228 22.774-38.227 44.327-74.421 66.288-111.021 40.261 22.774 77
Action.c(140):     .674 44.327 117.935 67.101 8.133-45.141 15.454-86.214 23.18-129.322 41.887 5.693 82.961 11
Action.c(140):     .793 127.288 17.894-6.507-37.82-11.387-72.388-18.707-106.548-4.067-19.927-0.813-28.874 21.
Action.c(140):     147-31.72 32.94-4.88 65.474-13.42 100.041-21.147-22.774-39.447-43.921-76.048-65.474-113.86
Action.c(140):     8 35.787-25.214 70.354-48.801 106.955-73.608zM245.223 392.032c22.774-6.1 43.514-4.067 61.4
Action.c(140):     07 5.287l-10.98 27.247c-14.64-7.727-31.314-8.54-45.954-4.473-13.014 3.253-18.707 10.98-16.
Action.c(140):     267 19.52 6.1 22.774 84.588-14.64 98.821 39.041 6.913 26.434-6.507 51.241-45.141 61.407-27
Action.c(140):     .654 7.32-50.021 3.253-67.101-6.507l10.573-28.467c13.014 7.727 30.907 12.607 50.834 7.32 1
Action.c(140):     7.080-4.473 22.774-14.234 20.74-22.774-6.507-24.807-84.588 14.64-99.228-39.447-6.913-23.58
Action.c(140):     7 8.54-49.207 42.294-58.154zM720.216 614.075l-35.38 9.353-41.887-43.514-22.367 6.1 13.42 5
Action.c(140):     1.241-30.5 8.133-38.227-143.555 67.101-17.894c30.094-8.133 53.681 6.507 60.594 33.347 6.50
Action.c(140):     7 25.214-5.693 43.107-20.334 51.241l47.581 45.547zM662.469 437.172l-38.227-143.555 101.668
Action.c(140):     -26.84 7.32 26.84-71.168 18.707 8.133 30.094 69.541-18.707 7.32 26.84-69.541 18.707 8.54 3
Action.c(140):     2.534 71.168-18.707 7.32 26.84-102.075 27.2
Action.c(140): t=22154ms: 2095-byte ENCODED response body received for "https://stage.peapod.com/shop/images/icons/PeapodIcons.json" (RelFrameId=1, Internal ID=13)
Action.c(140): t=22154ms: 7561-byte DECODED response body for "https://stage.peapod.com/shop/images/icons/PeapodIcons.json" (RelFrameId=1, Internal ID=13)
Action.c(140):     47zM570.967 307.851l34.567-9.353-17.080 158.195-38.227 10.167-93.535-128.915 34.567-9.353 
Action.c(140):     69.134 99.635 10.573-120.375zM501.020 480.28l-34.567 9.353-15.454-21.96-61.407 16.267-2.44
Action.c(140):      26.84-34.567 9.353 17.080-158.195 38.227-10.167 93.128 128.508zM216.756 594.148l42.701-11
Action.c(140):     .387 58.967 80.521 10.98-99.228 43.107-11.387 38.227 143.555-30.907 8.133-27.654-103.701-1
Action.c(140):     3.014 114.275-13.42 3.66-67.914-92.315 27.654 103.701-30.5 8.133-38.227-143.962zM413.179 6
Action.c(140):     18.955c-11.387-43.107 11.793-82.554 55.307-94.348 43.107-11.387 83.368 10.98 94.755 54.494
Action.c(140):      11.387 43.107-11.793 82.554-55.307 94.348-43.514 11.387-83.368-10.98-94.755-54.494zM703.9
Action.c(140):     49 464.419l101.668-26.84 7.32 26.84-71.168 18.707 8.133 30.094 69.541-18.707 7.32 26.84-69
Action.c(140):     .541 18.3 8.54 32.534 71.168-18.707 7.32 26.84-101.668 27.247-38.634-143.149z",\n
Action.c(140):             "M396.505 387.152l-6.1 67.508 45.141-11.793z",\n
Action.c(140):             "M475.806 551.854c-26.84 6.913-38.227 31.72-31.314 58.967 6.913 26.84 29.687 42.70
Action.c(140):     1 56.121 35.38 26.434-6.913 38.227-32.127 30.907-58.561-6.913-27.247-29.28-42.701-55.714-3
Action.c(140):     5.787z",\n
Action.c(140):             "M635.628 511.593l-32.127 8.54 10.167 38.634 32.127-8.54c12.2-3.253 19.52-13.014 1
Action.c(140):     6.267-25.214-3.253-11.793-14.234-16.674-26.434-13.42z"\n
Action.c(140):           ],\n
Action.c(140):           "attrs": [\n
Action.c(140):             {\n
Action.c(140):               "fill": "rgb(255, 255, 255)"\n
Action.c(140):             },\n
Action.c(140):             {\n
Action.c(140):               "fill": "rgb(255, 255, 255)"\n
Action.c(140):             },\n
Action.c(140):             {\n
Action.c(140):               "fill": "rgb(255, 255, 255)"\n
Action.c(140):             },\n
Action.c(140):             {\n
Action.c(140):               "fill": "rgb(255, 255, 255)"\n
Action.c(140):             },\n
Action.c(140):             {\n
Action.c(140):               "fill": "rgb(255, 255, 255)"\n
Action.c(140):             },\n
Action.c(140):             {\n
Action.c(140):               "fill": "rgb(255, 255, 255)"\n
Action.c(140):             },\n
Action.c(140):             {\n
Action.c(140):               "fill": "rgb(255, 255, 255)"\n
Action.c(140):             },\n
Action.c(140):             {\n
Action.c(140):               "fill": "rgb(255, 255, 255)"\n
Action.c(140):             },\n
Action.c(140):             {\n
Action.c(140):               "fill": "rgb(0, 0, 0)"\n
Action.c(140):             },\n
Action.c(140):             {\n
Action.c(140):               "fill": "rgb(0, 0, 0)"\n
Action.c(140):             },\n
Action.c(140):             {\n
Action.c(140):               "fill": "rgb(0, 0, 0)"\n
Action.c(140):             },\n
Action.c(140):             {\n
Action.c(140):               "fill": "rgb(0, 0, 0)"\n
Action.c(140):             }\n
Action.c(140):           ],\n
Action.c(140):           "width": 1022,\n
Action.c(140):           "isMulticolor": true,\n
Action.c(140):           "grid": 32,\n
Action.c(140):           "tags": [\n
Action.c(140):             "bmsm-sticker"\n
Action.c(140):           ],\n
Action.c(140):           "defaultCode": 60019\n
Action.c(140):         },\n
Action.c(140):         {\n
Action.c(140):           "paths": [\n
Action.c(140):             "M882.478 520.133c0 179.904-164.594 325.744-367.631 325.744s-367.631-145.841-367.6
Action.c(140):     31-325.744c0-179.904 164.594-325.744 367.631-325.744s367.631 145.841 367.631 325.744z",\n
Action.c(140):             "M1004.073 382.272c-40.667-15.047-79.708-29.687-119.968-44.734 14.64-40.667 28.467
Action.c(140):     -80.114 43.107-122.002-44.734 0-86.621 0.407-130.135 0.407-1.627-43.514-2.847-84.994-4.473
Action.c(140):     -129.728-41.074 14.64-80.114 28.874-121.188 43.514-16.674-37.414-33.347-74.421-50.834-113.
Action.c(140):     461-33.347 28.060-64.661 54.901-96.788 82.148-30.094-29.28-59.374-58.154-89.468-87.841-19.
Action.c(140):     52 38.634-37.82 74.421-56.934 111.835-39.041-17.080-76.454-33.754-115.902-51.241-4.88 44.7
Action.c(140):     34-9.76 87.028-14.234 129.728-42.701-2.847-83.774-5.287-127.695-7.727 12.2 42.294 23.18 82
Action.c(140):     .554 34.974 124.035-40.667 13.827-79.301 27.247-120.375 41.074 25.62 34.974 50.427 68.321 
Action.c(140):     75.641 102.888-33.347 28.060-65.881 55.307-100.041 83.774 37.82 22.774 73.608 43.921 108.9
Action.c(140):     88 65.068-20.334 37.82-40.261 74.421-61.001 112.241 42.701 8.947 84.994 17.894 128.102 26.
Action.c(140):     84-7.32 42.701-14.234 82.554-21.147 124.442 45.141-7.32 85.808-14.234 128.508-21.147 8.947
Action.c(140):      42.294 17.080 82.148 25.62 124.442 38.634-23.994 74.828-46.767 111.835-69.541 24.807 36.6
Action.c(140):      47.987 71.168 72.794 107.768 25.62-34.974 50.021-67.914 75.234-101.668 36.194 23.587 70.7
Action.c(140):     61 46.361 107.768 70.761 11.387-41.887 22.367-82.148 32.94-122.408 43.921 10.98 84.994 21.
Action.c(140):     147 129.322 32.127-4.473-44.734-8.54-85.808-12.607-128.508 41.074-5.693 81.741-10.98 124.8
Action.c(140):     48-17.080-16.267-33.754-30.094-65.474-46.361-95.568-9.353-17.487-8.54-26.84 11.387-35.787 
Action.c(140):     30.094-13.42 58.561-30.5 89.061-46.767-31.72-31.314-61.814-60.187-92.315-90.281 27.247-32.
Action.c(140):     94 53.274-64.254 81.334-97.601z",\n
Action.c(140):             "M286.704 537.214l-85.808-114.275 30.907-8.54 63.441 88.248 7.727-108.581 30.907-8
Action.c(140):     .54-13.014 142.335-34.16 9.353z",\n
Action.c(140):             "M396.912 506.307l-36.194-128.102 27.247-7.727 36.194 128.102-27.247 7.727z",\n
Action.c(140):             "M464.013 487.193l-36.194-128.102 90.688-25.62 6.913 23.994-63.441 17.894 7.727 26
Action.c(140):     .84 62.221-17.487 6.913 23.994-62.221 17.487 8.133 29.28 63.441-17.894 6.913 23.994-91.095
Action.c(140):      25.62z",\n
Action.c(140):             "M688.496 423.752l-47.174-81.741 2.44 94.348-28.874 8.133-72.794-117.935 30.5-8.54
Action.c(140):      48.801 86.214-2.033-99.228 21.147-6.1 50.427 85.808-3.66-99.228 30.5-8.54-0.407 138.675-2
Action.c(140):     8.874 8.133z",\n
Action.c(140):             "M297.684 713.709l-36.194-128.102 50.427-14.234c40.261-11.387 75.234 6.507 86.214 
Action.c(140):     44.734 10.98 39.041-9.76 71.981-49.614 83.368l-50.834 14.234zM370.478 623.835c-6.507-22.36
Action.c(140):     7-25.214-36.194-51.241-28.874l-23.587 6.507 22.774 80.114 23.18-6.507c25.214-6.507 34.974-
Action.c(140):     29.28 28.874-51.241z",\n
Action.c(140):             "M450.186 670.602l-36.194-128.102 90.688-25.62 6.913 23.994-63.441 17.894 7.727 26
Action.c(140):     .84 62.221-17.487 6.913 23.994-62.221 17.487 8.133 29.28 63.441-17.894 6.913 23.994-91.095
Action.c(140):      25.62z",\n
Action.c(140):             "M665.315 610.008l-14.234-19.52-54.901 15.454-2.033 23.994-30.907 8.54 13.014-142.
Action.c(140):     335 34.16-9.76 85.808 114.275-30.907 9.353zM601.468 518.913l-4.473 61.001 39.854-11.387-35
Action.c(140):     .38-49.614z",\n
Action.c(140):             "M721.843 594.148l-36.194-128.102 27.654-7.727 29.28 104.108 54.087-15.454 6.913 2
Action.c(140):     3.994-81.741 23.18z"\n
Action.c(140):           ],\n
Action.c(140):           "attrs": [\n
Action.c(140):             {\n
Action.c(140):               "fill": "rgb(255, 255, 255)"\n
Action.c(140):             },\n
Action.c(140):             {\n
Action.c(140):               "fill": "rgb(0, 0, 0)"\n
Action.c(140):             },\n
Action.c(140):             {\n
Action.c(140):               "fill": "rgb(255, 255, 255)"\n
Action.c(140):             },\n
Action.c(140):             {\n
Action.c(140):               "fill": "rgb(255, 255, 255)"\n
Action.c(140):             },\n
Action.c(140):             {\n
Action.c(140):               "fill": "rgb(255, 255, 255)"\n
Action.c(140):             },\n
Action.c(140):             {\n
Action.c(140):               "fill": "rgb(255, 255, 255)"\n
Action.c(140):             },\n
Action.c(140):             {\n
Action.c(140):               "fill": "rgb(255, 255, 255)"\n
Action.c(140):             },\n
Action.c(140):             {\n
Action.c(140):               "fill": "rgb(255, 255, 255)"\n
Action.c(140):             },\n
Action.c(140):             {\n
Action.c(140):               "fill": "rgb(255, 255, 255)"\n
Action.c(140):             },\n
Action.c(140):             {\n
Action.c(140):               "fill": "rgb(255, 255, 255)"\n
Action.c(140):             }\n
Action.c(140):           ],\n
Action.c(140):           "width": 1022,\n
Action.c(140):           "isMulticolor": true,\n
Action.c(140):           "grid": 32,\n
Action.c(140):           "tags": [\n
Action.c(140):             "view-deal-sticker"\n
Action.c(140):           ],\n
Action.c(140):           "defaultCode": 60031\n
Action.c(140):         },\n
Action.c(140):         {\n
Action.c(140):           "paths":[\n
Action.c(140):             "M1024 511.988c0-282.758-229.232-511.988-512-511.988s-512 229.23-512 511.988c0 282
Action.c(140):     .778 229.228 512.012 512 512.012s512-229.234 512-512.012zM938.667 511.988c0 235.651-191.02
Action.c(140):     3 426.679-426.667 426.679s-426.667-191.028-426.667-426.679c0-235.63 191.027-426.654 426.66
Action.c(140):     7-426.654s426.667 191.025 426.667 426.654zM469.338 725.168c0 23.564 19.103 42.666 42.667 4
Action.c(140):     2.666s42.666-19.103 42.666-42.667l-0.004-234.5c0-23.564-19.103-42.666-42.667-42.666s-42.66
Action.c(140):     6 19.103-42.666 42.667l0.004 234.5zM469.338 338.164c0 25.314 19.103 45.836 42.667 45.836s4
Action.c(140):     2.667-20.521 42.667-45.836v-36.329c0-25.314-19.103-45.836-42.667-45.836s-42.667 20.521-42.
Action.c(140):     667 45.836v36.329z"\n
Action.c(140):           ],\n
Action.c(140):           "grid": 32,\n
Action.c(140):           "width": 1024,\n
Action.c(140):           "defaultCode": 60041,\n
Action.c(140):           "tags": [\n
Action.c(140):             "tool-tip"\n
Action.c(140):           ]\n
Action.c(140):         }\n
Action.c(140):       ],\n
Action.c(140):       "colorThemes": [],\n
Action.c(140):       "colorThemeIdx": 0,\n
Action.c(140):       "preferences": {\n
Action.c(140):         "showGlyphs": true,\n
Action.c(140):         "showQuickUse": true,\n
Action.c(140):         "showQuickUse2": true,\n
Action.c(140):         "showSVGs": true,\n
Action.c(140):         "fontPref": {\n
Action.c(140):           "prefix": "icon-",\n
Action.c(140):           "metadata": {\n
Action.c(140):             "fontFamily": "icomoon"\n
Action.c(140):           },\n
Action.c(140):           "metrics": {\n
Action.c(140):             "emSize": 1024,\n
Action.c(140):             "baseline": 14.306640625,\n
Action.c(140):             "whitespace": 33.447265625\n
Action.c(140):           },\n
Action.c(140):           "embed": false\n
Action.c(140):         },\n
Action.c(140):         "imagePref": {\n
Action.c(140):           "prefix": "icon-",\n
Action.c(140):           "png": true,\n
Action.c(140):           "useClassSelector": true,\n
Action.c(140):           "color": 7763574,\n
Action.c(140):           "bgColor": 16777215,\n
Action.c(140):           "classSelector": ".icon",\n
Action.c(140):           "height": 32,\n
Action.c(140):           "columns": 16,\n
Action.c(140):           "margin": 16,\n
Action.c(140):           "name": "icomoon",\n
Action.c(140):           "minifyJs": false,\n
Action.c(140):           "pdf": false\n
Action.c(140):         },\n
Action.c(140):         "historySize": 100,\n
Action.c(140):         "showCodes": true,\n
Action.c(140):         "gridSize": 16,\n
Action.c(140):         "showGrid": true\n
Action.c(140):       },\n
Action.c(140):       "IcoMoonType": "icon-set"\n
Action.c(140):     }
Action.c(140): web_custom_request("PeapodIcons.json_2") was successful, 218778 body bytes, 724 header bytes  	[MsgId: MMSG-26386]
Action.c(149): web_custom_request("cms_7") started  	[MsgId: MMSG-26355]
Action.c(149): t=23212ms: 752-byte response headers for "https://stage.peapod.com/api/v2.0/cms?regions=%7B%22resource_bundle%22:%7B%7D%7D" (RelFrameId=1, Internal ID=14)
Action.c(149):     HTTP/1.1 200 OK\r\n
Action.c(149):     Date: Sun, 24 Nov 2019 16:39:40 GMT\r\n
Action.c(149):     Content-Type: application/json;charset=utf-8\r\n
Action.c(149):     Transfer-Encoding: chunked\r\n
Action.c(149):     Connection: keep-alive\r\n
Action.c(149):     Strict-Transport-Security: max-age=63072000; includeSubdomains;\r\n
Action.c(149):     access-control-allow-credentials: true\r\n
Action.c(149):     access-control-allow-origin:\r\n
Action.c(149):     expires: 0\r\n
Action.c(149):     Vary: Accept-Encoding,User-Agent\r\n
Action.c(149):     Content-Encoding: gzip\r\n
Action.c(149):     Cache-Control: no-store\r\n
Action.c(149):     X-XSS-Protection: 1; mode=block\r\n
Action.c(149):     X-Content-Type-Options: nosniff\r\n
Action.c(149):     Strict-Transport-Security: max-age=86400; includeSubDomains\r\n
Action.c(149):     Content-Security-Policy: frame-ancestors 'self' *.giantfood.com\r\n
Action.c(149):     CF-Cache-Status: DYNAMIC\r\n
Action.c(149):     Expect-CT: max-age=604800, report-uri="https://report-uri.cloudflare.com/cdn-cgi/beacon/ex
Action.c(149):     pect-ct"\r\n
Action.c(149):     Server: cloudflare\r\n
Action.c(149):     CF-RAY: 53acd1fe380bcf08-IAD\r\n
Action.c(149):     \r\n
Action.c(149): t=23215ms: 135-byte ENCODED response body received for "https://stage.peapod.com/api/v2.0/cms?regions=%7B%22resource_bundle%22:%7B%7D%7D" (RelFrameId=1, Internal ID=14)
Action.c(149): t=23215ms: 130-byte DECODED response body for "https://stage.peapod.com/api/v2.0/cms?regions=%7B%22resource_bundle%22:%7B%7D%7D" (RelFrameId=1, Internal ID=14)
Action.c(149):     {"response":{"regionContents":[{"region":"resource_bundle","contents":[]}],"resultCount":0
Action.c(149):     },"sessionId":"IIFRJAZ4OWS4UCWWM4JCF3Q"}
Action.c(149): web_custom_request("cms_7") was successful, 135 body bytes, 752 header bytes  	[MsgId: MMSG-26386]
Action.c(158): web_custom_request("manifest-ppod.json_2") started  	[MsgId: MMSG-26355]
Action.c(158): t=24254ms: 717-byte response headers for "https://stage.peapod.com/shop/images/favicon/manifest-ppod.json" (RelFrameId=1, Internal ID=15)
Action.c(158):     HTTP/1.1 200 OK\r\n
Action.c(158):     Date: Sun, 24 Nov 2019 16:39:41 GMT\r\n
Action.c(158):     Content-Type: application/json\r\n
Action.c(158):     Content-Length: 394\r\n
Action.c(158):     Connection: keep-alive\r\n
Action.c(158):     Strict-Transport-Security: max-age=63072000; includeSubdomains;\r\n
Action.c(158):     Last-Modified: Wed, 20 Nov 2019 22:22:25 GMT\r\n
Action.c(158):     Accept-Ranges: bytes\r\n
Action.c(158):     Vary: Accept-Encoding,User-Agent\r\n
Action.c(158):     Content-Encoding: gzip\r\n
Action.c(158):     Cache-Control: no-store\r\n
Action.c(158):     X-XSS-Protection: 1; mode=block\r\n
Action.c(158):     X-Content-Type-Options: nosniff\r\n
Action.c(158):     Strict-Transport-Security: max-age=86400; includeSubDomains\r\n
Action.c(158):     Content-Security-Policy: frame-ancestors 'self' *.giantfood.com\r\n
Action.c(158):     CF-Cache-Status: DYNAMIC\r\n
Action.c(158):     Expect-CT: max-age=604800, report-uri="https://report-uri.cloudflare.com/cdn-cgi/beacon/ex
Action.c(158):     pect-ct"\r\n
Action.c(158):     Server: cloudflare\r\n
Action.c(158):     CF-RAY: 53acd205be93f0d5-IAD\r\n
Action.c(158):     \r\n
Action.c(158): t=24257ms: 394-byte ENCODED response body received for "https://stage.peapod.com/shop/images/favicon/manifest-ppod.json" (RelFrameId=1, Internal ID=15)
Action.c(158): t=24258ms: 1169-byte DECODED response body for "https://stage.peapod.com/shop/images/favicon/manifest-ppod.json" (RelFrameId=1, Internal ID=15)
Action.c(158):     {\n
Action.c(158):      "name": "Grocery Delivery Service | Online Grocery Ordering | Peapod",\n
Action.c(158):      "short_name": "Peapod",\n
Action.c(158):      "description": "Peapod offers convenient online grocery shopping. We carry fresh, healthy
Action.c(158):      foods, and supermarket staples from your favorite brands all available for delivery.",\n
Action.c(158):      "display": "browser",\n
Action.c(158):      "orientation": "landscape",\n
Action.c(158):      "icons": [\n
Action.c(158):       {\n
Action.c(158):        "src": "/shop/images/favicon/ppod-android-icon-36x36.png",\n
Action.c(158):        "sizes": "36x36",\n
Action.c(158):        "type": "image/png",\n
Action.c(158):        "density": "0.75"\n
Action.c(158):       },\n
Action.c(158):       {\n
Action.c(158):        "src": "/shop/images/favicon/ppod-android-icon-48x48.png",\n
Action.c(158):        "sizes": "48x48",\n
Action.c(158):        "type": "image/png",\n
Action.c(158):        "density": "1.0"\n
Action.c(158):       },\n
Action.c(158):       {\n
Action.c(158):        "src": "/shop/images/favicon/ppod-android-icon-72x72.png",\n
Action.c(158):        "sizes": "72x72",\n
Action.c(158):        "type": "image/png",\n
Action.c(158):        "density": "1.5"\n
Action.c(158):       },\n
Action.c(158):       {\n
Action.c(158):        "src": "/shop/images/favicon/ppod-android-icon-96x96.png",\n
Action.c(158):        "sizes": "96x96",\n
Action.c(158):        "type": "image/png",\n
Action.c(158):        "density": "2.0"\n
Action.c(158):       },\n
Action.c(158):       {\n
Action.c(158):        "src": "/shop/images/favicon/ppod-android-icon-144x144.png",\n
Action.c(158):        "sizes": "144x144",\n
Action.c(158):        "type": "image/png",\n
Action.c(158):        "density": "3.0"\n
Action.c(158):       },\n
Action.c(158):       {\n
Action.c(158):        "src": "/shop/images/favicon/ppod-android-icon-192x192.png",\n
Action.c(158):        "sizes": "192x192",\n
Action.c(158):        "type": "image/png",\n
Action.c(158):        "density": "4.0"\n
Action.c(158):       }\n
Action.c(158):      ]\n
Action.c(158):     }
Action.c(158): web_custom_request("manifest-ppod.json_2") was successful, 394 body bytes, 717 header bytes  	[MsgId: MMSG-26386]
Action.c(167): Notify: Transaction "S01_PRISM_Peapod_SIT_SignIn_Checkout_T02_Click_On_Sign_In" ended with a "Pass" status (Duration: 6.4057).
Action.c(171): web_add_auto_header("Sec-Fetch-Mode") started  	[MsgId: MMSG-26355]
Action.c(171): web_add_auto_header("Sec-Fetch-Mode") was successful  	[MsgId: MMSG-26392]
Action.c(172): web_add_auto_header("Sec-Fetch-Site") started  	[MsgId: MMSG-26355]
Action.c(172): web_add_auto_header("Sec-Fetch-Site") was successful  	[MsgId: MMSG-26392]
Action.c(174): Notify: Transaction "S01_PRISM_Peapod_SIT_SignIn_Checkout_T03_Login" started.
Action.c(176): web_custom_request("login_2") started  	[MsgId: MMSG-26355]
Action.c(176): Notify: Parameter Substitution: parameter "P_Username" =  "perftest22nov5201@test.com"
Action.c(176): t=26602ms: 1034-byte response headers for "https://stage.peapod.com/api/v2.0/user/login" (RelFrameId=1, Internal ID=16)
Action.c(176):     HTTP/1.1 200 OK\r\n
Action.c(176):     Date: Sun, 24 Nov 2019 16:39:44 GMT\r\n
Action.c(176):     Content-Type: application/json;charset=utf-8\r\n
Action.c(176):     Transfer-Encoding: chunked\r\n
Action.c(176):     Connection: keep-alive\r\n
Action.c(176):     CF-Ray: 53acd20bef8fea18-IAD\r\n
Action.c(176):     Content-Encoding: gzip\r\n
Action.c(176):     CF-Cache-Status: DYNAMIC\r\n
Action.c(176):     Cache-Control: no-store\r\n
Action.c(176):     Expires: 0\r\n
Action.c(176):     Set-Cookie: peapodCookie20=4c9763bd-a101-480c-a45e-f39c7b5acb4a; domain=.peapod.com; expir
Action.c(176):     es=Tue, 23-Nov-2021 16:39:46 GMT; path=/; HttpOnly; Secure\r\n
Action.c(176):     Strict-Transport-Security: max-age=63072000; includeSubdomains;, max-age=86400; includeSub
Action.c(176):     Domains\r\n
Action.c(176):     Vary: Accept-Encoding,User-Agent\r\n
Action.c(176):     access-control-allow-credentials: true\r\n
Action.c(176):     Content-Security-Policy: frame-ancestors 'self' *.giantfood.com\r\n
Action.c(176):     Expect-CT: max-age=604800, report-uri="https://report-uri.cloudflare.com/cdn-cgi/beacon/ex
Action.c(176):     pect-ct"\r\n
Action.c(176):     Set-Cookie: ppdtk=XFyRpHkfPhsuawjbEP7pZG2jy1VlP1a+DqDwT577Z4cnbpUbookWUoNBkugMn+l8; domain
Action.c(176):     =stage.peapod.com; expires=Sat, 19-Nov-2039 16:39:46 GMT; path=/; HttpOnly; Secure\r\n
Action.c(176):     X-Content-Type-Options: nosniff\r\n
Action.c(176):     X-sw-debug: 1\r\n
Action.c(176):     X-XSS-Protection: 1; mode=block\r\n
Action.c(176):     Server: cloudflare\r\n
Action.c(176):     \r\n
Action.c(176): t=26606ms: 127-byte ENCODED response body received for "https://stage.peapod.com/api/v2.0/user/login" (RelFrameId=1, Internal ID=16)
Action.c(176): t=26606ms: 117-byte DECODED response body for "https://stage.peapod.com/api/v2.0/user/login" (RelFrameId=1, Internal ID=16)
Action.c(176):     {"response":{"result":"SUCCESS","code":"LOGIN_SUCCESS","msg":"Login success."},"sessionId"
Action.c(176):     :"IIFRJAZ4OWS4UCWWM4JCF3Q"}
Action.c(176): web_custom_request("login_2") was successful, 127 body bytes, 1034 header bytes  	[MsgId: MMSG-26386]
Action.c(188): web_custom_request("preferred-pup") started  	[MsgId: MMSG-26355]
Action.c(188): t=27533ms: 770-byte response headers for "https://stage.peapod.com/api/v2.0/user/preferences/preferred-pup" (RelFrameId=1, Internal ID=17)
Action.c(188):     HTTP/1.1 200 OK\r\n
Action.c(188):     Date: Sun, 24 Nov 2019 16:39:45 GMT\r\n
Action.c(188):     Content-Type: application/json;charset=utf-8\r\n
Action.c(188):     Transfer-Encoding: chunked\r\n
Action.c(188):     Connection: keep-alive\r\n
Action.c(188):     Strict-Transport-Security: max-age=63072000; includeSubdomains;\r\n
Action.c(188):     access-control-allow-credentials: true\r\n
Action.c(188):     access-control-allow-origin:\r\n
Action.c(188):     Pragma: no-cache\r\n
Action.c(188):     Cache-Control: no-store\r\n
Action.c(188):     Expires: 0\r\n
Action.c(188):     Vary: Accept-Encoding,User-Agent\r\n
Action.c(188):     Content-Encoding: gzip\r\n
Action.c(188):     X-XSS-Protection: 1; mode=block\r\n
Action.c(188):     X-Content-Type-Options: nosniff\r\n
Action.c(188):     Strict-Transport-Security: max-age=86400; includeSubDomains\r\n
Action.c(188):     Content-Security-Policy: frame-ancestors 'self' *.giantfood.com\r\n
Action.c(188):     CF-Cache-Status: DYNAMIC\r\n
Action.c(188):     Expect-CT: max-age=604800, report-uri="https://report-uri.cloudflare.com/cdn-cgi/beacon/ex
Action.c(188):     pect-ct"\r\n
Action.c(188):     Server: cloudflare\r\n
Action.c(188):     CF-RAY: 53acd21a29eaf0fa-IAD\r\n
Action.c(188):     \r\n
Action.c(188): t=27536ms: 126-byte ENCODED response body received for "https://stage.peapod.com/api/v2.0/user/preferences/preferred-pup" (RelFrameId=1, Internal ID=17)
Action.c(188): t=27537ms: 122-byte DECODED response body for "https://stage.peapod.com/api/v2.0/user/preferences/preferred-pup" (RelFrameId=1, Internal ID=17)
Action.c(188):     \n
Action.c(188):     \n
Action.c(188):     \n
Action.c(188):     \n
Action.c(188):             {"response":{"preference":{"name":"preferred-pup","value":""}},"sessionId":"IIFRJA
Action.c(188):     Z4OWS4UCWWM4JCF3Q"}\n
Action.c(188):         \n
Action.c(188):     \n
Action.c(188):     \n
Action.c(188):     \n
Action.c(188): web_custom_request("preferred-pup") was successful, 126 body bytes, 770 header bytes  	[MsgId: MMSG-26386]
Action.c(198): web_reg_save_param started  	[MsgId: MMSG-26355]
Action.c(198): Registering web_reg_save_param was successful  	[MsgId: MMSG-26390]
Action.c(201): web_reg_save_param started  	[MsgId: MMSG-26355]
Action.c(201): Registering web_reg_save_param was successful  	[MsgId: MMSG-26390]
Action.c(204): web_reg_save_param started  	[MsgId: MMSG-26355]
Action.c(204): Registering web_reg_save_param was successful  	[MsgId: MMSG-26390]
Action.c(207): web_reg_save_param started  	[MsgId: MMSG-26355]
Action.c(207): Registering web_reg_save_param was successful  	[MsgId: MMSG-26390]
Action.c(210): web_reg_save_param started  	[MsgId: MMSG-26355]
Action.c(210): Registering web_reg_save_param was successful  	[MsgId: MMSG-26390]
Action.c(213): web_reg_save_param started  	[MsgId: MMSG-26355]
Action.c(213): Registering web_reg_save_param was successful  	[MsgId: MMSG-26390]
Action.c(215): web_custom_request("profile") started  	[MsgId: MMSG-26355]
Action.c(215): t=28896ms: 770-byte response headers for "https://stage.peapod.com/api/v3.0/user/profile" (RelFrameId=1, Internal ID=18)
Action.c(215):     HTTP/1.1 200 OK\r\n
Action.c(215):     Date: Sun, 24 Nov 2019 16:39:46 GMT\r\n
Action.c(215):     Content-Type: application/json;charset=utf-8\r\n
Action.c(215):     Transfer-Encoding: chunked\r\n
Action.c(215):     Connection: keep-alive\r\n
Action.c(215):     Strict-Transport-Security: max-age=63072000; includeSubdomains;\r\n
Action.c(215):     access-control-allow-credentials: true\r\n
Action.c(215):     access-control-allow-origin:\r\n
Action.c(215):     Pragma: no-cache\r\n
Action.c(215):     Cache-Control: no-store\r\n
Action.c(215):     Expires: 0\r\n
Action.c(215):     Vary: Accept-Encoding,User-Agent\r\n
Action.c(215):     Content-Encoding: gzip\r\n
Action.c(215):     X-XSS-Protection: 1; mode=block\r\n
Action.c(215):     X-Content-Type-Options: nosniff\r\n
Action.c(215):     Strict-Transport-Security: max-age=86400; includeSubDomains\r\n
Action.c(215):     Content-Security-Policy: frame-ancestors 'self' *.giantfood.com\r\n
Action.c(215):     CF-Cache-Status: DYNAMIC\r\n
Action.c(215):     Expect-CT: max-age=604800, report-uri="https://report-uri.cloudflare.com/cdn-cgi/beacon/ex
Action.c(215):     pect-ct"\r\n
Action.c(215):     Server: cloudflare\r\n
Action.c(215):     CF-RAY: 53acd21ff848f0d5-IAD\r\n
Action.c(215):     \r\n
Action.c(215): t=28900ms: 593-byte ENCODED response body received for "https://stage.peapod.com/api/v3.0/user/profile" (RelFrameId=1, Internal ID=18)
Action.c(215): t=28901ms: 1488-byte DECODED response body for "https://stage.peapod.com/api/v3.0/user/profile" (RelFrameId=1, Internal ID=18)
Action.c(215):     \n
Action.c(215):     \n
Action.c(215):     \n
Action.c(215):     \n
Action.c(215):             {"response":{"information":{"handle":"perftest22nov5201@test.com","email":"perftes
Action.c(215):     t22nov5201@test.com","buddyEmail":"","userId":91117310,"currentOrderId":135983265,"userGui
Action.c(215):     d":"4c9763bd-a101-480c-a45e-f39c7b5acb4a","userType":"C","attributes":{"Mrch2TargCd":"N","
Action.c(215):     Mktg5TargCd":"N","TimeOrdQy":"0","Prgm3SaleQy":"0.0","PrgmPup2OrdQy":"0","Prgm4OrdQy":"0",
Action.c(215):     "Prgm1SaleQy":"0.0","PrgmPup1OrdQy":"0","Mktg2TargCd":"N","Mktg4TargCd":"N","PupTimeOrdQy"
Action.c(215):     :"0","Mrch4TargCd":"N","Prgm3OrdQy":"0","mail_opt_spec_cd":"Y","Prgm4SaleQy":"0.0","Prgm2S
Action.c(215):     aleQy":"0.0","PrgmPup1SaleQy":"0.0","Mrch1TargCd":"N","mail_opt_news_cd":"Y","Mrch6TargCd"
Action.c(215):     :"N","Mktg1TargCd":"N","LastSvcDt":"1980-01-01","Prgm5OrdQy":"0","Mrch5TargCd":"N","Prgm2O
Action.c(215):     rdQy":"0","Prgm5SaleQy":"0.0","Prgm1OrdQy":"0","Mrch3TargCd":"N","PrgmPup2SaleQy":"0.0","M
Action.c(215):     ktg3TargCd":"N"}},"addresses":[{"addressId":"1","addressLine1":"7801 Main street","address
Action.c(215):     Line2":"","city":"Allston","state":"MA","zip":"02134","intersection":"","instructions":"",
Action.c(215):     "unattendedInstructions":"","name":{"firstName":"PerfKeithaabc","lastName":"TestAshbyabc",
Action.c(215):     "middleInitial":""},"phone":{"areaCode":"408","prefix":"717","suffix":"1001"},"alternatePh
Action.c(215):     one":{}},{"addressId":"2","addressLine1":"7801 Main street","addressLine2":"","city":"Alls
Action.c(215):     ton","state":"MA","zip":"02134","name":{"firstName":"PerfKeithaabc","lastName":"TestAshbya
Action.c(215):     bc","middleInitial":""},"phone":{"areaCode":"408","prefix":"716","suffix":"2501"}}],"addre
Action.c(215):     ssDefaults":{"deliveryAddressId":"1","billin
Action.c(215): Notify: Saving Parameter "C_userId = 91117310".
Action.c(215): Notify: Saving Parameter "C_orderId = 135983265".
Action.c(215): Notify: Saving Parameter "C_address = 7801 Main street".
Action.c(215): Notify: Saving Parameter "C_firstName = PerfKeithaabc".
Action.c(215): Notify: Saving Parameter "C_lastName = TestAshbyabc".
Action.c(215): t=28905ms: 447-byte ENCODED response body received for "https://stage.peapod.com/api/v3.0/user/profile" (RelFrameId=1, Internal ID=18)
Action.c(215): t=28905ms: 1642-byte DECODED response body for "https://stage.peapod.com/api/v3.0/user/profile" (RelFrameId=1, Internal ID=18)
Action.c(215):     gAddressId":"2"},"retailerCard":{"cardNumber":""},"opco":{"title":"Stop & Shop","name":"ST
Action.c(215):     SH","hasLoyaltyProgram":true},"refData":{"deliveryServiceLocation":{"serviceLocationId":26
Action.c(215):     425,"storeId":2,"priceZone":1,"zip":"02134","city":"Allston","maxPupRadius":100,"unattende
Action.c(215):     dDeliveryAllowed":false,"feeAmounts":{"standardFee":6.95,"standardQty":100.00,"level3Fee":
Action.c(215):     9.95,"level3Qty":60.00,"pickupFee":2.95,"pickupQty":60.00,"oneWayFee":0.00},"loyaltyCardAs
Action.c(215):     signmentAllowed":false,"loyaltyCardProgramTitle":"Stop & Shop Card","loyaltyCardNumberLeng
Action.c(215):     th":13,"numberOfOrdersAhead":5,"orderStatusEnabled":true,"hoursOffset":1,"showRegularPrice
Action.c(215):     ":true,"podBagAvailable":false,"oneWayAvailable":false,"serviceTypeSelectionForNewOrdersEn
Action.c(215):     abled":true,"topSpecialsEnabled":true,"loadedCouponsEnabled":true,"serviceType":"D","click
Action.c(215):     AndCollect":false},"fuelSurcharge":0.05,"availableServiceTypes":["D","P"],"customerDefault
Action.c(215):     DeliveryServiceLocation":{"serviceLocationId":26425,"storeId":2,"priceZone":1,"zip":"02134
Action.c(215):     ","city":"Allston","maxPupRadius":100,"unattendedDeliveryAllowed":false,"feeAmounts":{"sta
Action.c(215):     ndardFee":6.95,"standardQty":100.00,"level3Fee":9.95,"level3Qty":60.00,"pickupFee":2.95,"p
Action.c(215):     ickupQty":60.00,"oneWayFee":0.00},"loyaltyCardAssignmentAllowed":false,"loyaltyCardProgram
Action.c(215):     Title":"Stop & Shop Card","loyaltyCardNumberLength":13,"numberOfOrdersAhead":5,"orderStatu
Action.c(215):     sEnabled":true,"hoursOffset":1,"showRegularPrice":true,"podBagAvailable":false,"oneWayAvai
Action.c(215):     lable":false,"serviceTypeSelectionForNewOrdersEnabled":true,"topSpecialsEnabled":true,"loa
Action.c(215):     dedCouponsEnabled":true,"serviceType":"D","clickAndCollect":false}}},"sessionId":"IIFRJAZ4
Action.c(215):     OWS4UCWWM4JCF3Q"}\n
Action.c(215):         
Action.c(215): Notify: Saving Parameter "C_serviceLocationId = 26425".
Action.c(215): web_custom_request("profile") was successful, 1040 body bytes, 770 header bytes  	[MsgId: MMSG-26386]
Action.c(224): web_convert_param started  	[MsgId: MMSG-26355]
Action.c(224): Notify: Parameter Substitution: parameter "C_address" =  "7801 Main street"
Action.c(224): Notify: Saving Parameter "C_address_URL = 7801+Main+street".
Action.c(224): web_convert_param was successful  	[MsgId: MMSG-26392]
Action.c(230): web_custom_request("stage.peapod.com_2") started  	[MsgId: MMSG-26355]
Action.c(230): t=29983ms: 837-byte response headers for "https://stage.peapod.com/?gateway=1" (RelFrameId=1, Internal ID=19)
Action.c(230):     HTTP/1.1 200 OK\r\n
Action.c(230):     Date: Sun, 24 Nov 2019 16:39:47 GMT\r\n
Action.c(230):     Content-Type: text/html\r\n
Action.c(230):     Transfer-Encoding: chunked\r\n
Action.c(230):     Connection: keep-alive\r\n
Action.c(230):     Strict-Transport-Security: max-age=63072000; includeSubdomains;\r\n
Action.c(230):     Pragma: no-cache\r\n
Action.c(230):     Cache-Control: no-store\r\n
Action.c(230):     Expires: Tue, 04 Dec 1993 21:29:02 GMT\r\n
Action.c(230):     CacheControl: no-store\r\n
Action.c(230):     Set-Cookie: stype=1; domain=.peapod.com; expires=Tue, 23-Nov-2021 16:39:50 GMT; path=/; Ht
Action.c(230):     tpOnly; Secure\r\n
Action.c(230):     Vary: Accept-Encoding,User-Agent\r\n
Action.c(230):     X-XSS-Protection: 1; mode=block\r\n
Action.c(230):     X-Content-Type-Options: nosniff\r\n
Action.c(230):     Strict-Transport-Security: max-age=86400; includeSubDomains\r\n
Action.c(230):     Content-Security-Policy: frame-ancestors 'self' *.giantfood.com\r\n
Action.c(230):     CF-Cache-Status: DYNAMIC\r\n
Action.c(230):     Expect-CT: max-age=604800, report-uri="https://report-uri.cloudflare.com/cdn-cgi/beacon/ex
Action.c(230):     pect-ct"\r\n
Action.c(230):     Server: cloudflare\r\n
Action.c(230):     CF-RAY: 53acd228ef43c184-IAD\r\n
Action.c(230):     Content-Encoding: gzip\r\n
Action.c(230):     \r\n
Action.c(230): t=29987ms: 526-byte ENCODED response body received for "https://stage.peapod.com/?gateway=1" (RelFrameId=1, Internal ID=19)
Action.c(230): t=29988ms: 1030-byte DECODED response body for "https://stage.peapod.com/?gateway=1" (RelFrameId=1, Internal ID=19)
Action.c(230):     \n
Action.c(230):     <!DOCTYPE html>\n
Action.c(230):     <html route-focus-delegator route-focus-init lang="en" ng-app="userApp">\n
Action.c(230):     <head>\n
Action.c(230):     <!-- Mobile viewport optimizations -->\n
Action.c(230):     <meta name="HandheldFriendly" content="true" />\n
Action.c(230):     <meta name="viewport" content="width=device-width, initial-scale=1.0, maximum-scale=2.0, m
Action.c(230):     inimum-scale=1.0">\n
Action.c(230):     <meta name="apple-mobile-web-app-capable" content="yes">\n
Action.c(230):     <meta name="mobile-web-app-capable" content="yes">\n
Action.c(230):     <meta name="format-detection" content="telephone=no">\n
Action.c(230):     <meta name="keywords" content="home grocery delivery, home grocery shopping, grocery shopp
Action.c(230):     ing from home, home grocery delivery service">\n
Action.c(230):     <meta name="Classification" content="grocery, food, grocery shopping">\n
Action.c(230):     <meta name="apple-itunes-app" content="app-id=386315393">\n
Action.c(230):     <meta name="google-play-app" content="app-id=com.peapod.app.mobile.droid">\n
Action.c(230):     <meta http-equiv="X-UA-Compatible" content="IE=edge" />\n
Action.c(230):     <meta charset="utf-8"/>\n
Action.c(230):     <meta name="robots" content="noindex, nofollow">\n
Action.c(230):     <!-- Search have Product Name -->\n
Action.c(230):     <!-- Search do not have Product Name -->\n
Action.c(230):     <!-- Search contains splash pa
Action.c(230): t=29991ms: 5476-byte ENCODED response body received for "https://stage.peapod.com/?gateway=1" (RelFrameId=1, Internal ID=19)
Action.c(230): t=29991ms: 12288-byte DECODED response body for "https://stage.peapod.com/?gateway=1" (RelFrameId=1, Internal ID=19)
Action.c(230):     ges-->\n
Action.c(230):     <!-- Search do not contain splash pages -->\n
Action.c(230):     <title ng-bind='app.title'>Grocery Delivery Service | Online Grocery Ordering | Peapod</ti
Action.c(230):     tle>\n
Action.c(230):     <meta name="description" content="Peapod offers convenient online grocery shopping. We car
Action.c(230):     ry fresh, healthy foods, and supermarket staples from your favorite brands all available f
Action.c(230):     or delivery.">\n
Action.c(230):     <!-- Apple Icon -->\n
Action.c(230):     <link rel="apple-touch-icon" sizes="57x57" href="/shop/images/favicon/ppod-apple-icon-57x5
Action.c(230):     7.png"/>\n
Action.c(230):     <link rel="apple-touch-icon" sizes="60x60" href="/shop/images/favicon/ppod-apple-icon-60x6
Action.c(230):     0.png"/>\n
Action.c(230):     <link rel="apple-touch-icon" sizes="72x72" href="/shop/images/favicon/ppod-apple-icon-72x7
Action.c(230):     2.png"/>\n
Action.c(230):     <link rel="apple-touch-icon" sizes="76x76" href="/shop/images/favicon/ppod-apple-icon-76x7
Action.c(230):     6.png"/>\n
Action.c(230):     <link rel="apple-touch-icon" sizes="114x114" href="/shop/images/favicon/ppod-apple-icon-11
Action.c(230):     4x114.png"/>\n
Action.c(230):     <link rel="apple-touch-icon" sizes="120x120" href="/shop/images/favicon/ppod-apple-icon-12
Action.c(230):     0x120.png"/>\n
Action.c(230):     <link rel="apple-touch-icon" sizes="144x144" href="/shop/images/favicon/ppod-apple-icon-14
Action.c(230):     4x144.png"/>\n
Action.c(230):     <link rel="apple-touch-icon" sizes="152x152" href="/shop/images/favicon/ppod-apple-icon-15
Action.c(230):     2x152.png"/>\n
Action.c(230):     <link rel="apple-touch-icon" sizes="180x180" href="/shop/images/favicon/ppod-apple-icon-18
Action.c(230):     0x180.png"/>\n
Action.c(230):     <!-- Android Icon medium *1, high *1.5, x-high *2, xx-high *3, xxx-high *4-->\n
Action.c(230):     <link rel="icon" type="image/png" sizes="16x16" href="/shop/images/favicon/ppod-favicon-16
Action.c(230):     x16.png"/>\n
Action.c(230):     <link rel="icon" type="image/png" sizes="24x24" href="/shop/images/favicon/ppod-favicon-24
Action.c(230):     x24.png"/>\n
Action.c(230):     <link rel="icon" type="image/png" sizes="32x32" href="/shop/images/favicon/ppod-favicon-32
Action.c(230):     x32.png"/>\n
Action.c(230):     <link rel="icon" type="image/png" sizes="48x48" href="/shop/images/favicon/ppod-favicon-48
Action.c(230):     x48.png"/>\n
Action.c(230):     <link rel="icon" type="image/png" sizes="64x64" href="/shop/images/favicon/ppod-favicon-64
Action.c(230):     x64.png"/>\n
Action.c(230):     <link rel="icon" type="image/png" sizes="96x96" href="/shop/images/favicon/ppod-favicon-96
Action.c(230):     x96.png"/> \n
Action.c(230):     <link rel="icon" type="image/png" sizes="192x192" href="/shop/images/favicon/ppod-android-
Action.c(230):     icon-192x192.png"/>\n
Action.c(230):     <link rel="manifest" href="/shop/images/favicon/manifest-ppod.json"/>\n
Action.c(230):     <!-- IE11 Browser Icon-->\n
Action.c(230):     <meta name="msapplication-TileColor" content="#ffffff"/>\n
Action.c(230):     <meta name="msapplication-TileImage" content="/shop/images/favicon/ppod-ms-icon-144x144.pn
Action.c(230):     g"/>\n
Action.c(230):     <meta name="msapplication-config" content="/shop/images/favicon/browserconfig-ppod.xml"/>\n
Action.c(230):     <meta name="theme-color" content="#ffffff"/>\n
Action.c(230):     <script type="text/javascript" src="/ppd/bundles/js/ppdBundle.js"> </script>\n
Action.c(230):     <!-- BEGIN FullStory tracker snippet -->\n
Action.c(230):     <script>\n
Action.c(230):     if (typeof timeOrdQy === "undefined" || timeOrdQy <= 3) {\n
Action.c(230):     window['_fs_debug'] = false;\n
Action.c(230):     window['_fs_host'] = 'fullstory.com';\n
Action.c(230):     window['_fs_org'] = 'BYSXZ';\n
Action.c(230):     window['_fs_namespace'] = 'FS';\n
Action.c(230):     (function(m,n,e,t,l,o,g,y){\n
Action.c(230):     if (e in m) {if(m.console && m.console.log) { m.console.log('FullStory namespace conflict.
Action.c(230):      Please set window["_fs_namespace"].');} return;}\n
Action.c(230):     g=m[e]=function(a,b){g.q?g.q.push([a,b]):g._api(a,b);};g.q=[];\n
Action.c(230):     o=n.createElement(t);o.async=1;o.src='https://'+_fs_host+'/s/fs.js';\n
Action.c(230):     y=n.getElementsByTagName(t)[0];y.parentNode.insertBefore(o,y);\n
Action.c(230):     g.identify=function(i,v){g(l,{uid:i});if(v)g(l,v)};g.setUserVars=function(v){g(l,v)};\n
Action.c(230):     g.shutdown=function(){g("rec",!1)};g.restart=function(){g("rec",!0)};\n
Action.c(230):     g.consent=function(a){g("consent",!arguments.length||a)};\n
Action.c(230):     g.identifyAccount=function(i,v){o='account';v=v||{};v.acctId=i;g(o,v)};\n
Action.c(230):     g.clearUserCookie=function(){};\n
Action.c(230):     })(window,document,window['_fs_namespace'],'script','user');\n
Action.c(230):     }\n
Action.c(230):     </script>\n
Action.c(230):     <!-- END Fullstory tracker snippet -->\n
Action.c(230):     <script type="text/javascript">\n
Action.c(230):     var appConfig = {\n
Action.c(230):     apiKey: '400',\n
Action.c(230):     googleAnalyticsId: 'UA-20096507-3',\n
Action.c(230):     orderStatusEtaBufferMinutes: 30,\n
Action.c(230):     orderStatusLateMinutes: 30,\n
Action.c(230):     orderStatusDepartureTimeHourOffset: 1,\n
Action.c(230):     secureEnabled: true,\n
Action.c(230):     optimizelyEnabled: true,\n
Action.c(230):     sessionTrackingEnabled: true,\n
Action.c(230):     optimizelyUrl: 'https://cdn.optimizely.com/js/8545500175.js',\n
Action.c(230):     encryptionScripts: {\n
Action.c(230):     scriptKey: 'https://safetechpageencryption.chasepaymentech.com/pie/v1/64100000000007/getke
Action.c(230):     y.js?1499350371496',\n
Action.c(230):     scriptEncrypt: 'https://safetechpageencryption.chasepaymentech.com/pie/v1/encryption.js?14
Action.c(230):     993503714961574613590817'\n
Action.c(230):     },\n
Action.c(230):     drEncryptionScript: '/scripts/payment/paymentech_include.jhtml',\n
Action.c(230):     productPrefs: {\n
Action.c(230):     showRecommendations: true\n
Action.c(230):     },\n
Action.c(230):     routeLogging: true,\n
Action.c(230):     modalLogging: true,\n
Action.c(230):     eventLogging: true,\n
Action.c(230):     exceptionLogging: true,\n
Action.c(230):     bazaarVoice: {\n
Action.c(230):     apiVersion: '5.4',\n
Action.c(230):     displayApiKey: '74f52k0udzrawbn3mlh3r8z0m',\n
Action.c(230):     displayApiUrl: '//api.bazaarvoice.com',\n
Action.c(230):     submitApiKey: '74f52k0udzrawbn3mlh3r8z0m',\n
Action.c(230):     submitApiUrl: '//api.bazaarvoice.com',\n
Action.c(230):     pageSize: 10\n
Action.c(230):     },\n
Action.c(230):     cdnUrl: 'https://i5.peapod.com',\n
Action.c(230):     opcoId: 'STSH',\n
Action.c(230):     sessionTimeout: 900000,\n
Action.c(230):     devicePushEnabled: true,\n
Action.c(230):     defaultZip: null,\n
Action.c(230):     defaultPickupLocation: null\n
Action.c(230):     },\n
Action.c(230):     messageBundle = {},\n
Action.c(230):     callbacks = {},\n
Action.c(230):     resx = {},\n
Action.c(230):     UserVoice = window.UserVoice || [],\n
Action.c(230):     timeOrdQy = 0;\n
Action.c(230):     appConfig.opcoTheme = 'PPOD';\n
Action.c(230):     var googletag = googletag || {};\n
Action.c(230):     googletag.cmd = googletag.cmd || [];\n
Action.c(230):     window.dataLayer = window.dataLayer || [];\n
Action.c(230):     window.dataLayer.push({\n
Action.c(230):     'event': 'gt-dataLayer-initialized',\n
Action.c(230):     'pageCategory': 'landing',\n
Action.c(230):     'userId': 91117310,\n
Action.c(230):     'userGuid': '4c9763bd-a101-480c-a45e-f39c7b5acb4a',\n
Action.c(230):     'userLoggedIn': false,\n
Action.c(230):     'zipCode': '02134',\n
Action.c(230):     'state': 'MA',\n
Action.c(230):     'city': 'Allston',\n
Action.c(230):     'daysSinceLastOrder': 0,\n
Action.c(230):     'numberOfOrders': 0,\n
Action.c(230):     'brand': 'PPOD',\n
Action.c(230):     'customerType': 'C',\n
Action.c(230):     'orderStatus': 'WORKING'\n
Action.c(230):     });\n
Action.c(230):     </script>\n
Action.c(230):     <script src="https://www.google.com/recaptcha/api.js" async defer>\n
Action.c(230):     </script>\n
Action.c(230):     <script type="text/javascript">\n
Action.c(230):     WebFontConfig = {\n
Action.c(230):     custom: {\n
Action.c(230):     families: ['ProximaNova', 'ProximaNova-RegularIt', 'ProximaNova-SemiboldIt'],\n
Action.c(230):     urls: ['/shop/dist/css/font_proximanova_705e35c0df20c13982913d26499db9d9072559c4.css']\n
Action.c(230):     }\n
Action.c(230):     };\n
Action.c(230):     </script>\n
Action.c(230):     <link type="text/css" href="/shop/dist/css/ppod_705e35c0df20c13982913d26499db9d9072559c4.c
Action.c(230):     ss" rel="stylesheet" />\n
Action.c(230):     <script src="/shop/dist/js/project-newman-external_705e35c0df20c13982913d26499db9d9072559c
Action.c(230):     4.js" type="text/javascript"></script>\n
Action.c(230):     <script src="/shop/dist/js/project-newman-user_705e35c0df20c13982913d26499db9d9072559c4.js
Action.c(230):     " type="text/javascript"></script>\n
Action.c(230):     <script src="/shop/dist/js/project-newman-tpls_705e35c0df20c13982913d26499db9d9072559c4.js
Action.c(230):     " type="text/javascript"></script>\n
Action.c(230):     <script src="/shop/dist/js/webfontloader.1.6.28.min_705e35c0df20c13982913d26499db9d9072559
Action.c(230):     c4.js" type="text/javascript"></script>\n
Action.c(230):     <base href="/">\n
Action.c(230):     </head>\n
Action.c(230):     <body js-context-back-handler-root class="ng-cloak" coupon-configuration-listener video-li
Action.c(230):     stener width-breakpoints ppd-order-cutoff-warning ppd-order-status ppd-cart-locations user
Action.c(230):     -profile ppd-cart-route ppd-js-context watch-width checkout-view notification-controller\n
Action.c(230):     ng-controller="viewHelperController"\n
Action.c(230):     ng-class="{ 'with-subheader': app.subHeader != '', 'with-warning-header': warningHeader !=
Action.c(230):      '', animateView: animateView, authValidating: authValidating }"\n
Action.c(230):     ng-keydown="toggleFocus($event)"\n
Action.c(230):     >\n
Action.c(230):     <noscript>\n
Action.c(230):     <style>\n
Action.c(230):     header {\n
Action.c(230):     padding: 1rem 1rem 1rem 1rem;\n
Action.c(230):     background-color: #f2f2f2;\n
Action.c(230):     width: 100%;\n
Action.c(230):     font-size: larger;\n
Action.c(230):     overflow: scroll;\n
Action.c(230):     }\n
Action.c(230):     body {\n
Action.c(230):     overflow-y: scroll;\n
Action.c(230):     padding: 0rem 1rem;\n
Action.c(230):     }\n
Action.c(230):     .promo {\n
Action.c(230):     margin-left: 1rem;\n
Action.c(230):     border: 2px solid #5EA000;\n
Action.c(230):     padding: 0.5rem;\n
Action.c(230):     }\n
Action.c(230):     .large-text {\n
Action.c(230):     font-size: 3rem;\n
Action.c(230):     padding: 2rem 1rem 1rem 1rem;\n
Action.c(230):     }\n
Action.c(230):     .medium-text {\n
Action.c(230):     font-size: 2rem;\n
Action.c(230):     padding: 1rem;\n
Action.c(230):     }\n
Action.c(230):     #categories {\n
Action.c(230):     margin-left: 2rem;\n
Action.c(230):     }\n
Action.c(230):     footer {\n
Action.c(230):     margin-top: 2rem;\n
Action.c(230):     background-color: #f2f2f2;\n
Action.c(230):     }\n
Action.c(230):     #markets {\n
Action.c(230):     width: 40%;\n
Action.c(230):     }\n
Action.c(230):     #about-peapod {\n
Action.c(230):     width: 20%;\n
Action.c(230):     }\n
Action.c(230):     #follow-us {\n
Action.c(230):     width: 20%;\n
Action.c(230):     }\n
Action.c(230):     .seo_inline-block {\n
Action.c(230):     display: inline-block;\n
Action.c(230):     vertical-align: top;\n
Action.c(230):     margin: 1rem;\n
Action.c(230):     }\n
Action.c(230):     .seo_logo {\n
Action.c(230):     display: inline-block;\n
Action.c(230):     width: 49%;\n
Action.c(230):     text-align: left;\n
Action.c(230):     margin-left: 1rem;\n
Action.c(230):     font-size: x-large;\n
Action.c(230):     }\n
Action.c(230):     .seo_sign-in {\n
Action.c(230):     display: inline-block;\n
Action.c(230):     width: 48%;\n
Action.c(230):     text-align: right;\n
Action.c(230):     margin-right: 0;\n
Action.c(230):     }\n
Action.c(230):     .container--full-height {\n
Action.c(230):     display: none;\n
Action.c(230):     }\n
Action.c(230):     .product-list-entry {\n
Action.c(230):     padding: 5px 0 0;\n
Action.c(230):     }\n
Action.c(230):     .product-image {\n
Action.c(230):     vertical-align: middle;\n
Action.c(230):     padding: 0 1rem;\n
Action.c(230):     }\n
Action.c(230):     </style>\n
Action.c(230):     <header>\n
Action.c(230):     <div class="seo_logo"><a href="/">Peapod.com</a></div>\n
Action.c(230):     <div class="seo_sign-in"><a href="/shop/auth/index.jhtml?gateway=1">Sign In</a></div>\n
Action.c(230):     </header>\n
Action.c(230):     <main class="select-text">\n
Action.c(230):     <div id="categories">\n
Action.c(230):     <ul>\n
Action.c(230):     <li>\n
Action.c(230):     <a href="/browse-aisles/categories/1/categories/2-alcoholic-beverages">\n
Action.c(230):     Alcoholic Beverages\n
Action.c(230):     </a>\n
Action.c(230):     </li>\n
Action.c(230):     <li>\n
Action.c(230):     <a href="/browse-aisles/categories/1/categories/85-bread-bakery">\n
Action.c(230):     Bread &amp; Bakery\n
Action.c(230):     </a>\n
Action.c(230):     </li>\n
Action.c(230):     <li>\n
Action.c(230):     <a href="/browse-aisles/categories/1/categories/166-baking-cooking-needs">\n
Action.c(230):     Baking &amp; Cooking Needs\n
Action.c(230):     </a>\n
Action.c(230):     </li>\n
Action.c(230):     <li>\n
Action.c(230):     <a href="/browse-aisles/categories/1/categories/365-beverages">\n
Action.c(230):     Beverages\n
Action.c(230):     </a>\n
Action.c(230):     </li>\n
Action.c(230):     <li>\n
Action.c(230):     <a href="/browse-aisles/categories/1/categories/530-breakfast-cereal">\n
Action.c(230):     Breakfast &amp; Cereal\n
Action.c(230):     </a>\n
Action.c(230):     </li>\n
Action.c(230):     <li>\n
Action.c(230):     <a href="/browse-aisles/categories/1/categories/569-condiments-sauces">\n
Action.c(230):     Condiments &amp; Sauces\n
Action.c(230):     </a>\n
Action.c(230):     </li>\n
Action.c(230):     <li>\n
Action.c(230):     <a href="/browse-aisles/categories/1/categories/805-dairy">\n
Action.c(230):     Dairy\n
Action.c(230):     </a>\n
Action.c(230):     </li>\n
Action.c(230):     <li>\n
Action.c(230):     <a href="/browse-aisles/categories/1/categories/921-deli">\n
Action.c(230):     Deli\n
Action.c(230):     </a>\n
Action.c(230):     </li>\n
Action.c(230):     <li>\n
Action.c(230):     <a href="/browse-aisles/categories/1/categories/995-frozen">\n
Action.c(230):     Frozen\n
Action.c(230):     </a>\n
Action.c(230):     </li>\n
Action.c(230):     <li>\n
Action.c(230):     <a href="/browse-aisles/categories/1/categories/1066-rice-grains-pasta-beans">\n
Action.c(230):     Rice, Grains, Pasta &amp; Beans\n
Action.c(230):     </a>\n
Action.c(230):     </li>\n
Action.c(230):     <li>\n
Action.c(230):     <a href="/browse-aisles/categories/1/categories/1201-health-beauty">\n
Action.c(230):     Health &amp; Beauty\n
Action.c(230):     </a>\n
Action.c(230):     </li>\n
Action.c(230):     <li>\n
Action.c(230):     <a href="/browse-aisles/categories/1/categories/1370-baby-childcare">\n
Action.c(230):     Baby &amp; Childcare\n
Action.c(230):     </a>\n
Action.c(230):     </li>\n
Action.c(230):     <li>\n
Action.c(230):     <a href="/browse-aisles/categories/1/categories/1448-laundry-paper-cleaning">\n
Action.c(230):     Laundry, Paper &amp; Cleaning\n
Action.c(230):     </a>\n
Action.c(230):     </li>\n
Action.c(230):     <li>\n
Action.c(230):     <a href="/browse-aisles/categories/1/categories/1563-meat">\n
Action.c(230):     Meat\n
Action.c(230):     </a>\n
Action.c(230):     </li>\n
Action.c(230):     <li>\n
Action.c(230):     <a href="/browse-aisles/categories/1/categories/1633-seafood">\n
Action.c(230):     Seafood\n
Action.c(230):     </a>\n
Action.c(230):     </li>\n
Action.c(230):     <li>\n
Action.c(230):     <a href="/browse-aisles/categories/1/categories/1675-office-home-garden">\n
Action.c(230):     Office, Home &amp; Garden\n
Action.c(230):     </a>\n
Action.c(230):     </li>\n
Action.c(230):     <li>\n
Action.c(230):     <a href="/browse-aisles/categories/1/categories/2057-pet-store">\n
Action.c(230):     Pet Store\n
Action.c(230):     </a>\n
Action.c(230):     </li>\n
Action.c(230):     <li>\n
Action.c(230):     <a href="/browse-aisles/categories/1/categories/2098-produce">\n
Action.c(230):     Produce\n
Action.c(230):     </a>\n
Action.c(230):     </li>\n
Action.c(230):     <li>\n
Action.c(230):     <a href="/browse-aisles/categories/1/categories/2543-snacks-candy">\n
Action.c(230):     Snacks &amp; Candy\n
Action.c(230):     </a>\n
Action.c(230):     </li>\n
Action.c(230):     <li>\n
Action.c(230):     <a href="/browse-aisles/categories/1/categories/2708-soups-canned-goods">\n
Action.c(230):     Soups &amp; Canned Goods\n
Action.c(230):     </a>\n
Action.c(230):     </li>\n
Action.c(230):     <li>\n
Action.c(230):     <a href="/browse-aisles/categories/1/categories/4147-meal-kits">\n
Action.c(230):     Meal Kits\n
Action.c(230):     </a>\n
Action.c(230):     </li>\n
Action.c(230):     </ul>\n
Action.c(230):     </div>\n
Action.c(230):     </main>\n
Action.c(230):     <footer class="select-text">\n
Action.c(230):     <div id="about-peapod" class="seo_inline-block">\n
Action.c(230):     <h3>About Peapod</h3>\n
Action.c(230):     <ul>\n
Action.c(230):     <li><a href="http://about.peapod.com/our-company/our-mission/">Company Overview</a><br/></
Action.c(230):     li>\n
Action.c(230):     <li><a href="https://www.peapod.com/careers">Careers</a><br/></li>\n
Action.c(230):     <li><a href="https://ew23.ultipro.com/Login.aspx">Employees</a><br/></li>\n
Action.c(230):     <li><a href="https://about.peapod.com/">News Room</a><br/></li>\n
Action.c(230):     <li><a href="http://about.peapod.com/news-room/information-for-affiliates/">Affliates</a><
Action.c(230):     br/></li>\n
Action.c(230):     <li><a href="/shop/auth/login/policy">Accessibility Policy</a><br/></li>\n
Action.c(230):     </ul>\n
Action.c(230):     </div>\n
Action.c(230):     <div id="follow-us" class="seo_inline-block">\n
Action.c(230):     <h3>Follow Us</h3>\n
Action.c(230):     <ul>\n
Action.c(230):     <li><a href="https://www.facebook.com/PeapodDelivers">Facebook</a><br/></li>\n
Action.c(230):     <li><a href="https://twitter.com/PeapodDelivers">Twitter</a><br/></li>\n
Action.c(230):     <li><a href="https://www.pinterest.com/peapoddelivers/">Pinterest</a><br/></li>\n
Action.c(230):     <li><a href="https://www.instagram.com/peapoddelivers/">Instagram</a><br/></li>\n
Action.c(230):     <li><a href="https://www.youtube.com/user/peapoddelivery">YouTube</a><br/></li>\n
Action.c(230):     <li><a href="https://play.google.com/store/apps/details?id=com.peapod.app.mobile.droid">Ge
Action.c(230):     t It on Google Play</a><br/></li>\n
Action.c(230):     <li><a href="itms://itunes.apple.com/us/app/peapod/id386315393?mt=8">Download on the App S
Action.c(230):     tore</a><br/></li>\n
Action.c(230):     </ul>\n
Action.c(230):     </div>\n
Action.c(230):     </footer>\n
Action.c(230):     </noscript>\n
Action.c(230):     <!-- BEGIN Google Tag Manager noscript -->\n
Action.c(230):     <noscript>\n
Action.c(230):     <iframe\n
Action.c(230):     src="https://www.googletagmanager.com/ns.html?id=GTM-PN7ML7L"\n
Action.c(230):     height="0"\n
Action.c(230):     width="0"\n
Action.c(230):     style="display:none;visibility:hidden">\n
Action.c(230):     </iframe>\n
Action.c(230):     </noscript>\n
Action.c(230):     <!-- END Google Tag Manager noscript -->\n
Action.c(230):     <a aria-hidden="{{ activeView != '' || alertPresent || isSearchActive }}" href="" ng-click
Action.c(230):     ="focusOn('main-content')"\n
Action.c(230):     class="skip-nav" target="_self">Skip to Main Content</a>\n
Action.c(230):     <div ng-include="'/shop/site/partials/global/alert/alert.html'"></div>\n
Action.c(230):     <div ng-if="!isJSContextEnabled() && activeView === 'cart-modal'" class="printable-cart_wr
Action.c(230):     apper" aria-hidden="true">\n
Action.c(230):     <div ng-include="'/shop/site/partials/global/viewCart/printable_cart.html'">\n
Action.c(230):     </div>\n
Action.c(230):     </div>\n
Action.c(230):     <aside role="complementary" aria-label="Product result refinement window" class="sidebar s
Action.c(230):     idebar--right slide-responsive ng-cloak" aria-hidden="{{ alertPresent }}" view-name="modal
Action.c(230): t=30057ms: 11694-byte DECODED response body for "https://stage.peapod.com/?gateway=1" (RelFrameId=1, Internal ID=19)
Action.c(230):     -right" tabindex="-1" ppd-if="activeView == 'modal-right'" after-enter="afterEnter" after-
Action.c(230):     leave="afterLeaveModal" ppd-static-view-content>\n
Action.c(230):     <div class="container--full-height" ng-include="'/shop/site/pages/product-view/product_vie
Action.c(230):     w_refine.html'">\n
Action.c(230):     </div>\n
Action.c(230):     </aside>\n
Action.c(230):     <aside role="complementary" aria-labelledby="aria_modal-header" ng-switch on="screenType" 
Action.c(230):     ng-class="{'slide-up': !isDesktop(), 'modal-fade': isDesktop()}" class="sidebar sidebar--m
Action.c(230):     odal modal--large ng-cloak" aria-hidden="{{ alertPresent }}" view-name="item-detail-modal"
Action.c(230):      tabindex="-1" ppd-if="activeView == 'item-detail-modal'" after-enter="afterEnter" after-l
Action.c(230):     eave="afterLeaveModal" ppd-static-view-content>\n
Action.c(230):     <div ng-switch-default class="container--full-height" view-switcher views="[0,1]" initial-
Action.c(230):     step="0">\n
Action.c(230):     <div class="container--full-height" ng-include="'/shop/site/partials/tablet/popup/products
Action.c(230):     /product_item_detail.html'">\n
Action.c(230):     </div>\n
Action.c(230):     </div>\n
Action.c(230):     <div ng-switch-when="mobile" view-switcher animations="{ mobile: { child: 'modal-slide--fo
Action.c(230):     rward', parent: 'modal-slide--backward' } }" views="[0,1,2,3]" initial-step="0" class="con
Action.c(230):     tainer--full-height">\n
Action.c(230):     <div class="container--full-height" ng-include="'/shop/site/partials/mobile/popup/products
Action.c(230):     /product_item_detail.html'">\n
Action.c(230):     </div>\n
Action.c(230):     </div>\n
Action.c(230):     </aside>\n
Action.c(230):     <aside role="complementary"\n
Action.c(230):     aria-label="Slot reservation window"\n
Action.c(230):     ng-class="{'slide-up': !isDesktop(), 'modal-fade': isDesktop()}"\n
Action.c(230):     class="sidebar sidebar--modal slot-selection-modal ng-cloak"\n
Action.c(230):     aria-hidden="{{ alertPresent }}"\n
Action.c(230):     view-name="slot-selection-modal" tabindex="-1"\n
Action.c(230):     ppd-if="activeView == 'slot-selection-modal'"\n
Action.c(230):     after-enter="afterEnter"\n
Action.c(230):     after-leave="afterLeaveModal" ppd-static-view-content>\n
Action.c(230):     <div ng-controller="SlotManagementController as slotManagement" class="container--full-hei
Action.c(230):     ght">\n
Action.c(230):     <div class="container--full-height" ng-if="slotManagement.viewIsLoaded" ng-switch on="scre
Action.c(230):     enType" tree-view-switcher tree="slotManagement.viewSwitcher.viewTree" initial-node="slotM
Action.c(230):     anagement.viewSwitcher.initialNode" bind-api="slotManagement.viewSwitcher" callback="slotM
Action.c(230):     anagement.viewSwitcher.callback" animations="slotManagement.viewSwitcher.animations">\n
Action.c(230):     <div ng-switch-when="mobile" class="container--full-height">\n
Action.c(230):     <div class="container--full-height" ng-include="'/shop/site/partials/mobile/popup/slots/sl
Action.c(230):     ot_selection.html'">\n
Action.c(230):     </div>\n
Action.c(230):     </div>\n
Action.c(230):     <div ng-switch-default class="container--full-height">\n
Action.c(230):     <div class="container--full-height" ng-include="'/shop/site/partials/tablet/popup/slots/sl
Action.c(230):     ot_selection.html'">\n
Action.c(230):     </div>\n
Action.c(230):     </div>\n
Action.c(230):     </div>\n
Action.c(230):     </div>\n
Action.c(230):     </aside>\n
Action.c(230):     <div ng-controller="OrderStatusOverlayController as orderStatusOverlayController">\n
Action.c(230):     <aside role="complementary" aria-label="Current order status window" ng-class="{'slide-up'
Action.c(230):     : !isDesktop(), 'modal-fade': isDesktop()}" class="sidebar sidebar--modal order-status-mod
Action.c(230):     al ng-cloak" aria-hidden="{{ alertPresent }}" view-name="order-status" tabindex="-1" ppd-i
Action.c(230):     f="activeView == 'order-status'" after-enter="afterEnter" after-leave="afterLeaveModal" pp
Action.c(230):     d-static-view-content>\n
Action.c(230):     <div class="container--full-height" ng-include="'/shop/site/partials/mobile/popup/order/or
Action.c(230):     der_status.html'">\n
Action.c(230):     </div>\n
Action.c(230):     </aside>\n
Action.c(230):     </div>\n
Action.c(230):     <aside role="complementary" aria-label="Buy more save more window" ng-class="{'slide-up': 
Action.c(230):     !isDesktop(), 'modal-fade': isDesktop()}" class="sidebar sidebar--modal buy-more-save-more
Action.c(230):     -modal ng-cloak" aria-hidden="{{ alertPresent }}" view-name="buy-more-save-more-modal" tab
Action.c(230):     index="-1" ppd-if="activeView == 'buy-more-save-more-modal'" after-enter="afterEnter" afte
Action.c(230):     r-leave="afterLeaveModal" ppd-static-view-content>\n
Action.c(230):     <div class="container--full-height" ng-include="'/shop/site/partials/global/popup/product-
Action.c(230):     groups/buy-more-save-more.html'">\n
Action.c(230):     </div>\n
Action.c(230):     </aside>\n
Action.c(230):     <aside role="complementary" aria-label="Order update window" ng-class="{'slide-up': !isDes
Action.c(230):     ktop(), 'modal-fade': isDesktop()}" class="sidebar sidebar--modal order-update-modal ng-cl
Action.c(230):     oak" aria-hidden="{{ alertPresent }}" view-name="order-update-modal" tabindex="-1" ppd-if=
Action.c(230):     "activeView == 'order-update-modal'" after-enter="afterEnter" after-leave="afterLeaveModal
Action.c(230):     " ppd-static-view-content>\n
Action.c(230):     <div class="container--full-height" ng-include="'/shop/site/partials/global/popup/product-
Action.c(230):     groups/order-update.html'">\n
Action.c(230):     </div>\n
Action.c(230):     </aside>\n
Action.c(230):     <aside role="complementary" aria-label="Video window" class="video-modal_pane animation-fa
Action.c(230):     de" aria-hidden="{{ alertPresent }}" view-name="video-modal" tabindex="-1" ppd-if="activeV
Action.c(230):     iew == 'video-modal'" after-enter="afterEnter" after-leave="afterLeaveModal" ppd-static-vi
Action.c(230):     ew-content>\n
Action.c(230):     <div ng-include="'/shop/site/partials/global/video/video.html'">\n
Action.c(230):     </div>\n
Action.c(230):     </aside>\n
Action.c(230):     <aside role="complementary" aria-label="Order details window" ng-class="{'slide-up': !isDe
Action.c(230):     sktop(), 'modal-fade': isDesktop()}" class="sidebar sidebar--modal ng-cloak" aria-hidden="
Action.c(230):     {{ alertPresent }}" view-name="pending-order-modal" tabindex="-1" ppd-if="activeView == 'p
Action.c(230):     ending-order-modal'" after-enter="afterEnter" after-leave="afterLeaveModal" ppd-static-vie
Action.c(230):     w-content>\n
Action.c(230):     <div class="container--full-height" ng-include="'/shop/site/partials/global/popup/pending-
Action.c(230):     order/pending-order.html'">\n
Action.c(230):     </div>\n
Action.c(230):     </aside>\n
Action.c(230):     <aside role="complementary" aria-label="Current order status detail window" ng-class="{'sl
Action.c(230):     ide-up': !isDesktop(), 'modal-fade': isDesktop()}" class="sidebar sidebar--modal order-sta
Action.c(230):     tus-detail-modal ng-cloak" aria-hidden="{{ alertPresent }}" view-name="order-status-detail
Action.c(230):     " tabindex="-1" ppd-if="activeView == 'order-status-detail'" after-enter="afterEnter" afte
Action.c(230):     r-leave="afterLeaveModal" ppd-static-view-content>\n
Action.c(230):     <div class="container--full-height" ng-include="'/shop/site/partials/global/popup/pending-
Action.c(230):     order/order-status-detail.html'">\n
Action.c(230):     </div>\n
Action.c(230):     </aside>\n
Action.c(230):     <aside role="complementary" aria-label="Promotion details window" ng-class="{'slide-up': !
Action.c(230):     isDesktop(), 'modal-fade': isDesktop()}" class="sidebar sidebar--modal ng-cloak" aria-hidd
Action.c(230):     en="{{ alertPresent }}" view-name="promotion-details-modal" tabindex="-1" ppd-if="activeVi
Action.c(230):     ew == 'promotion-details-modal'" after-enter="afterEnter" after-leave="afterLeaveModal" pp
Action.c(230):     d-static-view-content >\n
Action.c(230):     <div class="container--full-height" ng-include="'/shop/site/partials/global/popup/promotio
Action.c(230):     nDetails/promotion-details.html'">\n
Action.c(230):     </div>\n
Action.c(230):     </aside>\n
Action.c(230):     <aside role="complementary" aria-label="User registration window" ng-class="{'slide-up': !
Action.c(230):     isDesktop(), 'modal-fade': isDesktop()}" class="sidebar sidebar--modal user-registration-m
Action.c(230):     odal ng-cloak" aria-hidden="{{ alertPresent }}" view-name="user-registration-modal" tabind
Action.c(230):     ex="-1" ppd-if="activeView == 'user-registration-modal'" after-enter="afterEnter" after-le
Action.c(230):     ave="afterLeaveModal" ppd-static-view-content>\n
Action.c(230):     <div class="container--full-height" ng-controller="RegistrationController" view-switcher b
Action.c(230):     ind-api="viewSwitcher" animations="viewSwitcher.animations" aria-label="Create Account">\n
Action.c(230):     <div class="container--full-height" ng-include="'/shop/site/partials/global/registration/r
Action.c(230):     egistration.html'">\n
Action.c(230):     </div>\n
Action.c(230):     </div>\n
Action.c(230):     </aside>\n
Action.c(230):     <aside\n
Action.c(230):     role="complementary"\n
Action.c(230):     aria-label="User registration window"\n
Action.c(230):     ng-class="{'slide-up': !isDesktop(), 'modal-fade': isDesktop()}"\n
Action.c(230):     class="sidebar sidebar--modal user-registration-modal ng-cloak"\n
Action.c(230):     aria-hidden="{{ alertPresent }}"\n
Action.c(230):     view-name="user-registration-modal-omni"\n
Action.c(230):     tabindex="-1"\n
Action.c(230):     ppd-if="activeView == 'user-registration-modal-omni'"\n
Action.c(230):     after-enter="afterEnter"\n
Action.c(230):     after-leave="afterLeaveModal"\n
Action.c(230):     ppd-static-view-content\n
Action.c(230):     >\n
Action.c(230):     <div\n
Action.c(230):     class="container--full-height"\n
Action.c(230):     ng-controller="RegistrationControllerOmni"\n
Action.c(230):     aria-label="Create Account"\n
Action.c(230):     >\n
Action.c(230):     <div class="container--full-height" ng-include="'/shop/site/partials/global/registration-o
Action.c(230):     mni/registration-omni.html'">\n
Action.c(230):     </div>\n
Action.c(230):     </div>\n
Action.c(230):     </aside>\n
Action.c(230):     <aside ng-class="{'slide-up': !isDesktop(), 'modal-fade': isDesktop()}" class="sidebar sid
Action.c(230):     ebar--modal ng-cloak" aria-label="Notification center window" view-name="notifications-mod
Action.c(230):     al" role="complementary" aria-hidden="{{ alertPresent }}" tabindex="-1" ppd-if="activeView
Action.c(230):      == 'notifications-modal'" after-enter="afterEnter" after-leave="afterLeaveModal" ppd-stat
Action.c(230):     ic-view-content >\n
Action.c(230):     <div class="container--full-height" ng-controller="NotificationCenterController as notific
Action.c(230):     ationCenter" tree-view-switcher tree="notificationCenter.viewSwitcher.tree" initial-node="
Action.c(230):     notificationCenter.viewSwitcher.initialNode" animations="notificationCenter.viewSwitcher.a
Action.c(230):     nimations">\n
Action.c(230):     <div class="container--full-height" ng-include="'/shop/site/partials/global/notification-c
Action.c(230):     enter/notifications.html'">\n
Action.c(230):     </div>\n
Action.c(230):     </div>\n
Action.c(230):     </aside>\n
Action.c(230):     <aside ng-class="{'slide-up': !isDesktop(), 'modal-fade': isDesktop()}" class="sidebar sid
Action.c(230):     ebar--modal ng-cloak" aria-label="Pod pass subscription management window" view-name="user
Action.c(230):     -podpass-modal" role="complementary" aria-hidden="{{ alertPresent }}" tabindex="-1" ppd-if
Action.c(230):     ="activeView == 'user-podpass-modal'" after-enter="afterEnter" after-leave="afterLeaveModa
Action.c(230):     l" ppd-static-view-content>\n
Action.c(230):     <div class="container--full-height" ng-controller="MyAccountPodpassIsolateController as is
Action.c(230):     olatedPodpass" tree-view-switcher tree="viewSwitcher.tree" bind-api="viewSwitcher" initial
Action.c(230):     -node="viewSwitcher.initialNode" callback="viewSwitcher.callback" animations="viewSwitcher
Action.c(230):     .animations">\n
Action.c(230):     <div class="container--full-height" ng-include="'/shop/site/partials/global/podpass/pod_pa
Action.c(230):     ss.html'">\n
Action.c(230):     </div>\n
Action.c(230):     </div>\n
Action.c(230):     </aside>\n
Action.c(230):     <aside ng-class="{'slide-up': !isDesktop(), 'modal-fade': isDesktop()}" class="sidebar sid
Action.c(230):     ebar--modal ng-cloak" aria-label="My Account Window" view-name="user-account-modal" role="
Action.c(230):     complementary" aria-hidden="{{ alertPresent }}" tabindex="-1" ppd-if="activeView == 'user-
Action.c(230):     account-modal'" after-enter="afterEnter" after-leave="afterLeaveModal" ppd-static-view-con
Action.c(230):     tent>\n
Action.c(230):     <div class="container--full-height" ng-controller="MyAccountController" tree-view-switcher
Action.c(230):      tree="viewSwitcher.tree" bind-api="viewSwitcher" initial-node="viewSwitcher.initialNode" 
Action.c(230):     callback="viewSwitcher.callback" animations="viewSwitcher.animations">\n
Action.c(230):     <div class="container--full-height" ng-include="'/shop/site/partials/global/myAccount/my_a
Action.c(230):     ccount.html'">\n
Action.c(230):     </div>\n
Action.c(230):     </div>\n
Action.c(230):     </aside>\n
Action.c(230):     <aside role="complementary" aria-label="Checkout window" ng-class="{'slide-up': !isDesktop
Action.c(230):     (), 'modal-fade': isDesktop()}" class="sidebar sidebar--modal checkout-modal ng-cloak" ari
Action.c(230):     a-hidden="{{ alertPresent }}" view-name="checkout-modal" tabindex="-1" ppd-if="activeView 
Action.c(230):     == 'checkout-modal'" after-enter="afterEnter" after-leave="afterLeaveModal" ppd-static-vie
Action.c(230):     w-content>\n
Action.c(230):     <div ng-controller="CheckoutController" class="container--full-height">\n
Action.c(230):     <div class="container--full-height" ng-include="'/shop/site/partials/global/checkout/check
Action.c(230):     out.html'">\n
Action.c(230):     </div>\n
Action.c(230):     </div>\n
Action.c(230):     </aside>\n
Action.c(230):     <aside role="complementary" aria-label="Transfer order to existing account window" ng-clas
Action.c(230):     s="{'slide-up': !isDesktop(), 'modal-fade': isDesktop()}" class="sidebar sidebar--modal gu
Action.c(230):     est-transfer-modal ng-cloak" aria-hidden="{{ alertPresent }}" ng-controller="GuestTransfer
Action.c(230):     Controller" view-name="guest-transfer-modal" tabindex="-1" ppd-if="activeView == 'guest-tr
Action.c(230):     ansfer-modal'" after-enter="afterEnter" after-leave="afterLeaveModal" ppd-static-view-cont
Action.c(230):     ent>\n
Action.c(230):     <div class="container--full-height" ng-include="'/shop/site/partials/global/popup/orderMer
Action.c(230):     ge/order_merge.html'">\n
Action.c(230):     </div>\n
Action.c(230):     </aside>\n
Action.c(230):     <aside role="complementary" aria-label="User feedback window" ng-class="{'slide-up': !isDe
Action.c(230):     sktop(), 'modal-fade': isDesktop()}" class="sidebar sidebar--modal ng-cloak" aria-hidden="
Action.c(230):     {{ alertPresent }}" view-name="user-feedback-modal" ppd-if="activeView == 'user-feedback-m
Action.c(230):     odal'" after-enter="afterEnter" after-leave="afterLeaveModal" ppd-static-view-content>\n
Action.c(230):     <div class="container--full-height" ng-include="'/shop/site/partials/global/feedback/feedb
Action.c(230):     ack.html'">\n
Action.c(230):     </div>\n
Action.c(230):     </aside>\n
Action.c(230):     <aside role="complementary" aria-label="Help window" ng-class="{'slide-up': !isDesktop(), 
Action.c(230):     'modal-fade': isDesktop()}" class="sidebar sidebar--modal ng-cloak" aria-hidden="{{ alertP
Action.c(230):     resent }}" view-name="help-modal" ppd-if="activeView == '
Action.c(230): t=30097ms: 1369-byte ENCODED response body received for "https://stage.peapod.com/?gateway=1" (RelFrameId=1, Internal ID=19)
Action.c(230): t=30097ms: 12288-byte DECODED response body for "https://stage.peapod.com/?gateway=1" (RelFrameId=1, Internal ID=19)
Action.c(230):     help-modal'" after-enter="afterEnter" after-leave="afterLeaveModal" ppd-static-view-conten
Action.c(230):     t>\n
Action.c(230):     <div class="container--full-height" ng-include="'/shop/site/partials/global/help/help.html
Action.c(230):     '">\n
Action.c(230):     </div>\n
Action.c(230):     </aside>\n
Action.c(230):     <aside role="complementary" aria-label="Main menu window" class="sidebar sidebar--left sid
Action.c(230):     ebar--menu slide-right ng-cloak" aria-hidden="{{ alertPresent }}" ppd-if="activeView == 's
Action.c(230):     idebarLeft'" after-enter="afterEnter" after-leave="afterLeaveModal" ppd-static-view-conten
Action.c(230):     t view-name="sidebarLeft" focus-on-id="home-button" tabindex="-1">\n
Action.c(230):     <div class="container--full-height" ng-include="'/shop/site/partials/global/menu/menu.html
Action.c(230):     '">\n
Action.c(230):     </div>\n
Action.c(230):     </aside>\n
Action.c(230):     <aside role="complementary" aria-label="View cart window" ng-class="{'slide-up': !isDeskto
Action.c(230):     p(), 'modal-fade': isDesktop()}" class="sidebar sidebar--modal ng-cloak" aria-hidden="{{ a
Action.c(230):     lertPresent }}" ppd-if="activeView == 'cart-modal'" after-enter="afterEnter" after-leave="
Action.c(230):     afterLeaveModal" ppd-static-view-content view-name="cart-modal">\n
Action.c(230):     <div class="container--full-height" ng-include="'/shop/site/partials/global/viewCart/view_
Action.c(230):     cart.html'">\n
Action.c(230):     </div>\n
Action.c(230):     </aside>\n
Action.c(230):     <aside role="complementary" aria-label="Current savings description window" ng-class="{'sl
Action.c(230):     ide-up': !isDesktop(), 'modal-fade': isDesktop()}" class="sidebar sidebar--modal savings-m
Action.c(230):     odal ng-cloak" aria-hidden="{{ alertPresent }}" view-name="savings-modal" tabindex="-1" pp
Action.c(230):     d-if="activeView == 'savings-modal'" after-enter="afterEnter" after-leave="afterLeaveModal
Action.c(230):     " ppd-static-view-content>\n
Action.c(230):     <div class="container--full-height" ng-include="'/shop/site/partials/global/viewSavings/vi
Action.c(230):     ew_savings.html'">\n
Action.c(230):     </div>\n
Action.c(230):     </aside>\n
Action.c(230):     <aside role="complementary" aria-label="Confirm zip code" ng-class="{'slide-up': !isDeskto
Action.c(230):     p(), 'modal-fade': isDesktop()}" class="sidebar modal--small ng-cloak" aria-hidden="{{ ale
Action.c(230):     rtPresent }}" view-name="zip-code-confirm-modal" tabindex="-1" ppd-if="activeView == 'zip-
Action.c(230):     code-confirm-modal'" after-enter="afterEnter" after-leave="afterLeaveModal" ppd-static-vie
Action.c(230):     w-content>\n
Action.c(230):     <div class="container--full-height" ng-include="'/shop/site/partials/global/zip-code-confi
Action.c(230):     rm/zip_code_confirm.html'">\n
Action.c(230):     </div>\n
Action.c(230):     </aside>\n
Action.c(230):     <aside role="complementary" aria-label="Fill my cart window" class="sidebar sidebar--modal
Action.c(230):      modal--medium ng-cloak slide-up modal--prime-background" aria-hidden="{{ alertPresent }}"
Action.c(230):      view-name="fill-cart-modal" tabindex="-1" ppd-if="activeView == 'fill-cart-modal'" after-
Action.c(230):     enter="afterEnter" after-leave="afterLeaveModal" ppd-static-view-content>\n
Action.c(230):     <div class="container--full-height" ng-include="'/shop/site/partials/global/fill-cart/fill
Action.c(230):     -cart.html'">\n
Action.c(230):     </div>\n
Action.c(230):     </aside>\n
Action.c(230):     <aside role="complementary" aria-label="Go to banner site" ng-class="{'slide-up': !isDeskt
Action.c(230):     op() && !isTablet(), 'modal-fade': isDesktop() || isTablet()}" class="sidebar modal--small
Action.c(230):      ng-cloak" aria-hidden="{{ alertPresent }}" view-name="banner-site-modal" tabindex="-1" pp
Action.c(230):     d-if="activeView == 'banner-site-modal'" after-enter="afterEnter" after-leave="afterLeaveM
Action.c(230):     odal" ppd-static-view-content>\n
Action.c(230):     <div class="container--full-height" ng-include="'/shop/site/partials/global/banner-redirec
Action.c(230):     t/banner_redirect.html'">\n
Action.c(230):     </div>\n
Action.c(230):     </aside>\n
Action.c(230):     <aside role="complementary" aria-label="Offer Disclaimer" class="modal-fade sidebar modal-
Action.c(230):     -small modal--small-unavailable ng-cloak" aria-hidden="{{ alertPresent }}" view-name="offe
Action.c(230):     r-disclaimer-modal" tabindex="-1" ppd-if="activeView == 'offer-disclaimer-modal'" after-en
Action.c(230):     ter="afterEnter" after-leave="afterLeaveModal" ppd-static-view-content>\n
Action.c(230):     <div class="container--full-height" ng-include="'/shop/site/templates/banner-redirect/offe
Action.c(230):     r-disclaimer.html'">\n
Action.c(230):     </div>\n
Action.c(230):     </aside>\n
Action.c(230):     <aside role="complementary" aria-label="Rewards How It Works" ng-class="{'slide-up': !isDe
Action.c(230):     sktop(), 'modal-fade': isDesktop()}" class="sidebar modal--medium ng-cloak" aria-hidden="{
Action.c(230):     { alertPresent }}" view-name="how-it-works-modal" tabindex="-1" ppd-if="activeView == 'how
Action.c(230):     -it-works-modal'" after-enter="afterEnter" after-leave="afterLeaveModal" ppd-static-view-c
Action.c(230):     ontent>\n
Action.c(230):     <div class="container--full-height" ng-include="'/shop/site/pages/rewards/rewards_how-it-w
Action.c(230):     orks.html'">\n
Action.c(230):     </div>\n
Action.c(230):     </aside>\n
Action.c(230):     <aside role="complementary" aria-label="Rewards Special Offer" ng-class="{'slide-up': !isD
Action.c(230):     esktop(), 'modal-fade': isDesktop()}" class="sidebar sidebar--modal ng-cloak" aria-hidden=
Action.c(230):     "{{ alertPresent }}" view-name="special-offers-details" tabindex="-1" ppd-if="activeView =
Action.c(230):     = 'special-offers-details'" after-enter="afterEnter" after-leave="afterLeaveModal" ppd-sta
Action.c(230):     tic-view-content>\n
Action.c(230):     <div class="container--full-height" ng-include="'/shop/site/pages/rewards/special-offers-d
Action.c(230):     etails.html'">\n
Action.c(230):     </div>\n
Action.c(230):     </aside>\n
Action.c(230):     <aside role="complementary" aria-label="Redeemed Special Offer" ng-class="{'slide-up': !is
Action.c(230):     Desktop(), 'modal-fade': isDesktop()}" class="sidebar sidebar--modal ng-cloak" aria-hidden
Action.c(230):     ="{{ alertPresent }}" view-name="redeemed-special-offers" tabindex="-1" ppd-if="activeView
Action.c(230):      == 'redeemed-special-offers'" after-enter="afterEnter" after-leave="afterLeaveModal" ppd-
Action.c(230):     static-view-content>\n
Action.c(230):     <div class="container--full-height" ng-include="'/shop/site/pages/rewards/redeemed-special
Action.c(230):     -offers.html'">\n
Action.c(230):     </div>\n
Action.c(230):     </aside>\n
Action.c(230):     <aside role="complementary" aria-label="Rewards Offer" ng-class="{'slide-up': !isDesktop()
Action.c(230):     , 'modal-fade': isDesktop()}" class="sidebar sidebar--modal ng-cloak" aria-hidden="{{ aler
Action.c(230):     tPresent }}" view-name="rewards-offer-modal" tabindex="-1" ppd-if="activeView == 'rewards-
Action.c(230):     offer-modal'" after-enter="afterEnter" after-leave="afterLeaveModal" ppd-static-view-conte
Action.c(230):     nt>\n
Action.c(230):     <div class="container--full-height" ng-include="'/shop/site/pages/rewards/rewards_offer-mo
Action.c(230):     dal.html'">\n
Action.c(230):     </div>\n
Action.c(230):     </aside>\n
Action.c(230):     <aside role="complementary" aria-label="Wallet Grocery Dollars Modal" ng-class="{'slide-up
Action.c(230):     ': !isDesktop(), 'modal-fade': isDesktop()}" class="sidebar modal--medium ng-cloak" aria-h
Action.c(230):     idden="{{ alertPresent }}" view-name="wallet-grocery-dollars-modal" tabindex="-1" ppd-if="
Action.c(230):     activeView == 'wallet-grocery-dollars-modal'" after-enter="afterEnter" after-leave="afterL
Action.c(230):     eaveModal" ppd-static-view-content>\n
Action.c(230):     <div class="container--full-height" ng-include="'/shop/site/pages/rewards/wallet-grocery-d
Action.c(230):     ollars-modal.html'">\n
Action.c(230):     </div>\n
Action.c(230):     </aside>\n
Action.c(230):     <aside role="complementary" aria-label="Rewards Point Details" ng-class="{'slide-up': !isD
Action.c(230):     esktop(), 'modal-fade': isDesktop()}" class="sidebar modal--medium ng-cloak" aria-hidden="
Action.c(230):     {{ alertPresent }}" view-name="rewards-point-details" tabindex="-1" ppd-if="activeView == 
Action.c(230):     'rewards-point-details'" after-enter="afterEnter" after-leave="afterLeaveModal" ppd-static
Action.c(230):     -view-content>\n
Action.c(230):     <div class="container--full-height" ng-include="'/shop/site/pages/rewards/rewards-point-de
Action.c(230):     tails.html'">\n
Action.c(230):     </div>\n
Action.c(230):     </aside>\n
Action.c(230):     <aside role="complementary" aria-label="Rewards Grocery Dollars" ng-class="{'slide-up': !i
Action.c(230):     sDesktop(), 'modal-fade': isDesktop()}" class="sidebar modal--medium ng-cloak" aria-hidden
Action.c(230):     ="{{ alertPresent }}" view-name="grocery-dollars-modal" tabindex="-1" ppd-if="activeView =
Action.c(230):     = 'grocery-dollars-modal'" after-enter="afterEnter" after-leave="afterLeaveModal" ppd-stat
Action.c(230):     ic-view-content>\n
Action.c(230):     <div class="container--full-height" ng-include="'/shop/site/pages/rewards/rewards-grocery-
Action.c(230):     dollars-modal.html'">\n
Action.c(230):     </div>\n
Action.c(230):     </aside>\n
Action.c(230):     <aside role="complementary" aria-label="Rewards Gas Savings" ng-class="{'slide-up': !isDes
Action.c(230):     ktop(), 'modal-fade': isDesktop()}" class="sidebar modal--medium ng-cloak" aria-hidden="{{
Action.c(230):      alertPresent }}" view-name="gas-savings-modal" tabindex="-1" ppd-if="activeView == 'gas-s
Action.c(230):     avings-modal'" after-enter="afterEnter" after-leave="afterLeaveModal" ppd-static-view-cont
Action.c(230):     ent>\n
Action.c(230):     <div class="container--full-height" ng-include="'/shop/site/pages/rewards/rewards_gas-savi
Action.c(230):     ngs.html'">\n
Action.c(230):     </div>\n
Action.c(230):     </aside>\n
Action.c(230):     <aside role="complementary" aria-label="Wallet Gas Savings" ng-class="{'slide-up': !isDesk
Action.c(230):     top(), 'modal-fade': isDesktop()}" class="sidebar modal--medium ng-cloak" aria-hidden="{{ 
Action.c(230):     alertPresent }}" view-name="wallet-gas-savings-modal" tabindex="-1" ppd-if="activeView == 
Action.c(230):     'wallet-gas-savings-modal'" after-enter="afterEnter" after-leave="afterLeaveModal" ppd-sta
Action.c(230):     tic-view-content>\n
Action.c(230):     <div class="container--full-height" ng-include="'/shop/site/pages/rewards/wallet_gas-savin
Action.c(230):     gs.html'">\n
Action.c(230):     </div>\n
Action.c(230):     </aside>\n
Action.c(230):     <aside role="complementary" aria-label="Service type selection window" ng-class="{'slide-u
Action.c(230):     p': !isDesktop(), 'modal-fade': isDesktop()}" class="sidebar sidebar--modal slot-selection
Action.c(230):     -modal ng-cloak" aria-hidden="{{ alertPresent }}" view-name="service-type-selection-modal"
Action.c(230):      tabindex="-1" ppd-if="activeView == 'service-type-selection-modal'" after-enter="afterEnt
Action.c(230):     er" after-leave="afterLeaveModal" ppd-static-view-content >\n
Action.c(230):     <div ng-controller="SlotManagementController as slotManagement" class="container--full-hei
Action.c(230):     ght">\n
Action.c(230):     <div class="container--full-height" ng-if="slotManagement.viewIsLoaded" ng-switch on="scre
Action.c(230):     enType" tree-view-switcher tree="slotManagement.viewSwitcher.viewTree" initial-node="slotM
Action.c(230):     anagement.viewSwitcher.initialNode" bind-api="slotManagement.viewSwitcher" callback="slotM
Action.c(230):     anagement.viewSwitcher.callback" animations="slotManagement.viewSwitcher.animations">\n
Action.c(230):     <div ng-switch-when="mobile" class="container--full-height">\n
Action.c(230):     <div class="container--full-height" ng-include="'/shop/site/partials/mobile/popup/slots/se
Action.c(230):     rvice_selection.html'">\n
Action.c(230):     </div>\n
Action.c(230):     </div>\n
Action.c(230):     </div>\n
Action.c(230):     </div>\n
Action.c(230):     </aside>\n
Action.c(230):     <aside role="complementary" aria-label="Recall Item Details" ng-class="{'slide-up': !isDes
Action.c(230):     ktop(), 'modal-fade': isDesktop()}" class="sidebar modal--medium ng-cloak" aria-hidden="{{
Action.c(230):      alertPresent }}" view-name="recall-item-details-modal" tabindex="-1" ppd-if="activeView =
Action.c(230):     = 'recall-item-details-modal'" after-enter="afterEnter" after-leave="afterLeaveModal" ppd-
Action.c(230):     static-view-content>\n
Action.c(230):     <div class="container--full-height" ng-include="'/shop/site/pages/recall/recall_item-detai
Action.c(230):     ls.html'">\n
Action.c(230):     </div>\n
Action.c(230):     </aside>\n
Action.c(230):     <aside role="complementary"\n
Action.c(230):     aria-label="Service type selection window"\n
Action.c(230):     ng-class="{'slide-up': !isDesktop(), 'modal-fade': isDesktop()}"\n
Action.c(230):     class="sidebar sidebar--modal service-type-selection-modal ng-cloak"\n
Action.c(230):     aria-hidden="{{ alertPresent }}"\n
Action.c(230):     view-name="service-type-selection-modal"\n
Action.c(230):     tabindex="-1"\n
Action.c(230):     ppd-if="activeView == 'service-type-selection-modal'"\n
Action.c(230):     after-enter="afterEnter"\n
Action.c(230):     after-leave="afterLeaveModal"\n
Action.c(230):     ppd-static-view-content>\n
Action.c(230):     <div ng-controller="ServiceTypeController as serviceTypeCtrl" class="container--full-heigh
Action.c(230):     t">\n
Action.c(230):     <div class="container--full-height"\n
Action.c(230):     ng-if="serviceTypeCtrl.viewIsLoaded"\n
Action.c(230):     tree-view-switcher\n
Action.c(230):     tree="serviceTypeCtrl.viewSwitcher.viewTree"\n
Action.c(230):     initial-node="serviceTypeCtrl.viewSwitcher.initialNode"\n
Action.c(230):     bind-api="serviceTypeCtrl.viewSwitcher"\n
Action.c(230):     callback="serviceTypeCtrl.viewSwitcher.callback"\n
Action.c(230):     animations="serviceTypeCtrl.viewSwitcher.animations">\n
Action.c(230):     <div class="container--full-height">\n
Action.c(230):     <div class="container--full-height"\n
Action.c(230):     ng-include="'/shop/site/partials/tablet/popup/slots/service_selection.html'">\n
Action.c(230):     </div>\n
Action.c(230):     </div>\n
Action.c(230):     </div>\n
Action.c(230):     </div>\n
Action.c(230):     </aside>\n
Action.c(230):     <aside role="complementary"\n
Action.c(230):     aria-label="Pickup location window"\n
Action.c(230):     ng-class="{'slide-up': !isDesktop(), 'modal-fade': isDesktop()}"\n
Action.c(230):     class="sidebar sidebar--modal pickup-location-modal ng-cloak"\n
Action.c(230):     aria-hidden="{{ alertPresent }}"\n
Action.c(230):     view-name="pickup-location-modal"\n
Action.c(230):     tabindex="-1"\n
Action.c(230):     ppd-if="activeView == 'pickup-location-modal'"\n
Action.c(230):     after-enter="afterEnter"\n
Action.c(230):     after-leave="afterLeaveModal"\n
Action.c(230):     ppd-static-view-content>\n
Action.c(230):     <div class="flex-content_container container--full-height">\n
Action.c(230):     <div class="container--full-height" ng-include="'/shop/site/partials/global/popup/pup/pick
Action.c(230):     up-point-selection.html'">\n
Action.c(230):     </div>\n
Action.c(230):     </div>\n
Action.c(230):     </aside>\n
Action.c(230):     <aside role="complementary" aria-label="Site transition window"\n
Action.c(230):     class="sidebar modal--full-screen"\n
Action.c(230):     ng-class="{'slide-up': !isDesktop(), 'modal-fade': isDesktop()}"\n
Action.c(230):     aria-hidden="{{ alertPresent }}" view-name="site-transition"\n
Action.c(230):     tabindex="-1" ppd-if="activeView == 'site-transition'"\n
Action.c(230):     after-enter="afterEnter" after-leave="afterLeaveModal"\n
Action.c(230):     ppd-static-view-content>\n
Action.c(230):     <div class="flex-content_container container--full-height">\n
Action.c(230):     <div class="st_container st_container--page" ng-include="'/shop/site/partials/global/site-
Action.c(230):     transition/peapod-to-brand/index.html'"></div>\n
Action.c(230):     </div>\n
Action.c(230):     </aside>\n
Action.c(230):     <aside role="complementary" aria-label="Site transition modal" ng-class="{'slide-up': !isD
Action.c(230):     esktop(), 'modal-fade': isDesktop()}"\n
Action.c(230):     class="sidebar sidebar--modal site-transition-modal ng-cloak" aria-hidden="{{ alertPresent
Action.c(230):      }}" view-name="site-transition-modal"\n
Action.c(230):     tabindex="-1" ppd-if="activeView == 'site-transition-modal'" after-enter="afterEnter" afte
Action.c(230):     r-leave="afterLeaveModal" ppd-static-view-content>\n
Action.c(230):     <div class="flex-content_container contain
Action.c(230): t=30137ms: 5833-byte DECODED response body for "https://stage.peapod.com/?gateway=1" (RelFrameId=1, Internal ID=19)
Action.c(230):     er--full-height">\n
Action.c(230):     <div class="container--full-height" ng-include="'/shop/site/partials/global/site-transitio
Action.c(230):     n/site-transition.html'"></div>\n
Action.c(230):     </div>\n
Action.c(230):     </aside>\n
Action.c(230):     <div\n
Action.c(230):     ng-class="{'slide-up': !isDesktop(), 'modal-fade': isDesktop()}"\n
Action.c(230):     class="sidebar sidebar--modal ng-cloak"\n
Action.c(230):     view-name="store-filter-modal"\n
Action.c(230):     tabindex="-1"\n
Action.c(230):     role="dialog"\n
Action.c(230):     aria-label="Store Filter Modal"\n
Action.c(230):     aria-hidden="{{ alertPresent }}"\n
Action.c(230):     ppd-if="activeView == 'store-filter-modal'"\n
Action.c(230):     after-enter="afterEnter"\n
Action.c(230):     after-leave="afterLeaveModal"\n
Action.c(230):     ppd-static-view-content\n
Action.c(230):     >\n
Action.c(230):     <div class="container--full-height" ng-include="'/shop/site/partials/global/store-locator/
Action.c(230):     store_filter_modal.html'">\n
Action.c(230):     </div>\n
Action.c(230):     </div>\n
Action.c(230):     <aside\n
Action.c(230):     ng-class="{'slide-up': !isDesktop(), 'modal-fade': isDesktop()}"\n
Action.c(230):     class="sidebar modal--narrow ng-cloak"\n
Action.c(230):     view-name="order-rating-modal"\n
Action.c(230):     tabindex="-1"\n
Action.c(230):     role="complementary"\n
Action.c(230):     aria-label="Order Rating Modal"\n
Action.c(230):     aria-hidden="{{ alertPresent }}"\n
Action.c(230):     ppd-if="activeView == 'order-rating-modal'"\n
Action.c(230):     after-enter="afterEnter"\n
Action.c(230):     after-leave="afterLeaveModal"\n
Action.c(230):     ppd-static-view-content\n
Action.c(230):     >\n
Action.c(230):     <div class="container--full-height" ng-include="'/shop/site/partials/global/order-rating/o
Action.c(230):     rder-rating.html'"></div>\n
Action.c(230):     </aside>\n
Action.c(230):     <aside\n
Action.c(230):     ng-class="{'slide-up': !isDesktop(), 'modal-fade': isDesktop()}"\n
Action.c(230):     class="sidebar sidebar--modal ng-cloak"\n
Action.c(230):     view-name="weekly-ad-selector-modal"\n
Action.c(230):     tabindex="-1"\n
Action.c(230):     role="complementary"\n
Action.c(230):     aria-label="Weekly Ad Selector Modal"\n
Action.c(230):     aria-hidden="{{ alertPresent }}"\n
Action.c(230):     ppd-if="activeView == 'weekly-ad-selector-modal'"\n
Action.c(230):     after-enter="afterEnter"\n
Action.c(230):     after-leave="afterLeaveModal"\n
Action.c(230):     ppd-static-view-content\n
Action.c(230):     >\n
Action.c(230):     <div class="container--full-height" ng-include="'/shop/site/partials/global/weekly-ad/week
Action.c(230):     ly-ad-selector.html'"></div>\n
Action.c(230):     </aside>\n
Action.c(230):     <aside\n
Action.c(230):     ng-class="{'slide-up': !isDesktop(), 'modal-fade': isDesktop()}"\n
Action.c(230):     class="sidebar sidebar--modal ng-cloak"\n
Action.c(230):     view-name="weekly-ad-print-view-modal"\n
Action.c(230):     tabindex="-1"\n
Action.c(230):     role="complementary"\n
Action.c(230):     aria-label="Weekly Ad Print View Modal"\n
Action.c(230):     aria-hidden="{{ alertPresent }}"\n
Action.c(230):     ppd-if="activeView == 'weekly-ad-print-view-modal'"\n
Action.c(230):     after-enter="afterEnter"\n
Action.c(230):     after-leave="afterLeaveModal"\n
Action.c(230):     ppd-static-view-content\n
Action.c(230):     >\n
Action.c(230):     <div class="container--full-height" ng-include="'/shop/site/partials/global/weekly-ad/week
Action.c(230):     ly-ad-print-view.html'"></div>\n
Action.c(230):     </aside>\n
Action.c(230):     <aside\n
Action.c(230):     ng-class="{'slide-up': !isDesktop(), 'modal-fade': isDesktop()}"\n
Action.c(230):     class="sidebar sidebar--modal ng-cloak"\n
Action.c(230):     view-name="weekly-ad-item-details-modal"\n
Action.c(230):     tabindex="-1"\n
Action.c(230):     role="complementary"\n
Action.c(230):     aria-label="Weekly Ad Item Details Modal"\n
Action.c(230):     aria-hidden="{{ alertPresent }}"\n
Action.c(230):     ppd-if="activeView == 'weekly-ad-item-details-modal'"\n
Action.c(230):     after-enter="afterEnter"\n
Action.c(230):     after-leave="afterLeaveModal"\n
Action.c(230):     ppd-static-view-content\n
Action.c(230):     >\n
Action.c(230):     <div class="container--full-height" ng-include="'/shop/site/partials/global/weekly-ad/week
Action.c(230):     ly-ad-item-details.html'"></div>\n
Action.c(230):     </aside>\n
Action.c(230):     <aside\n
Action.c(230):     ng-class="{'slide-up': !isDesktop(), 'modal-fade': isDesktop()}"\n
Action.c(230):     class="sidebar sidebar--modal ng-cloak"\n
Action.c(230):     view-name="weekly-ad-variety-modal"\n
Action.c(230):     tabindex="-1"\n
Action.c(230):     role="complementary"\n
Action.c(230):     aria-label="Weekly Ad Modal"\n
Action.c(230):     aria-hidden="{{ alertPresent }}"\n
Action.c(230):     ppd-if="activeView == 'weekly-ad-variety-modal'"\n
Action.c(230):     after-enter="afterEnter"\n
Action.c(230):     after-leave="afterLeaveModal"\n
Action.c(230):     ppd-static-view-content\n
Action.c(230):     >\n
Action.c(230):     <div class="container--full-height" ng-include="'/shop/site/partials/global/weekly-ad/week
Action.c(230):     ly-ad-variety-modal.html'"></div>\n
Action.c(230):     </aside>\n
Action.c(230):     <aside\n
Action.c(230):     ng-class="{'slide-up': !isDesktop(), 'modal-fade': isDesktop()}"\n
Action.c(230):     class="sidebar sidebar--modal ng-cloak"\n
Action.c(230):     view-name="weekly-ad-list-controls-modal"\n
Action.c(230):     tabindex="-1"\n
Action.c(230):     role="complementary"\n
Action.c(230):     aria-label="Weekly Ad List Controls Modal"\n
Action.c(230):     aria-hidden="{{ alertPresent }}"\n
Action.c(230):     ppd-if="activeView == 'weekly-ad-list-controls-modal'"\n
Action.c(230):     after-enter="afterEnter"\n
Action.c(230):     after-leave="afterLeaveModal"\n
Action.c(230):     ppd-static-view-content\n
Action.c(230):     >\n
Action.c(230):     <div class="container--full-height" ng-include="'/shop/site/partials/global/weekly-ad/week
Action.c(230):     ly-ad-list-controls-mobile.html'"></div>\n
Action.c(230):     </aside>\n
Action.c(230):     <aside\n
Action.c(230):     ng-class="{'slide-up': !isDesktop(), 'modal-fade': isDesktop()}"\n
Action.c(230):     class="sidebar sidebar--modal ng-cloak"\n
Action.c(230):     view-name="coupon-details-modal"\n
Action.c(230):     tabindex="-1"\n
Action.c(230):     role="complementary"\n
Action.c(230):     aria-label="Coupon Details Modal"\n
Action.c(230):     aria-hidden="{{ alertPresent }}"\n
Action.c(230):     ppd-if="activeView == 'coupon-details-modal'"\n
Action.c(230):     after-enter="afterEnter"\n
Action.c(230):     after-leave="afterLeaveModal"\n
Action.c(230):     ppd-static-view-content\n
Action.c(230):     >\n
Action.c(230):     <div class="container--full-height" ng-include="'/shop/site/pages/coupon/coupon-details-mo
Action.c(230):     dal.html'"></div>\n
Action.c(230):     </aside>\n
Action.c(230):     <aside\n
Action.c(230):     ng-class="{'slide-up': !isDesktop(), 'modal-fade': isDesktop()}"\n
Action.c(230):     class="sidebar sidebar--modal ng-cloak"\n
Action.c(230):     view-name="coupon-search-mobile-modal"\n
Action.c(230):     tabindex="-1"\n
Action.c(230):     role="complementary"\n
Action.c(230):     aria-label="Coupon Filter/Sort Modal"\n
Action.c(230):     aria-hidden="{{ alertPresent }}"\n
Action.c(230):     ppd-if="activeView == 'coupon-search-mobile-modal'"\n
Action.c(230):     after-enter="afterEnter"\n
Action.c(230):     after-leave="afterLeaveModal"\n
Action.c(230):     ppd-static-view-content\n
Action.c(230):     >\n
Action.c(230):     <div class="container--full-height" ng-include="'/shop/site/pages/coupon/coupon-search-mob
Action.c(230):     ile-modal.html'">\n
Action.c(230):     </div>\n
Action.c(230):     </aside>\n
Action.c(230):     <aside\n
Action.c(230):     ng-class="{'slide-up': !isDesktop(), 'modal-fade': isDesktop()}"\n
Action.c(230):     class="sidebar sidebar--modal ng-cloak"\n
Action.c(230):     view-name="coupon-mobile-modal"\n
Action.c(230):     tabindex="-1"\n
Action.c(230):     role="complementary"\n
Action.c(230):     aria-label="Coupon Filter/Sort Modal"\n
Action.c(230):     aria-hidden="{{ alertPresent }}"\n
Action.c(230):     ppd-if="activeView == 'coupon-mobile-modal'"\n
Action.c(230):     after-enter="afterEnter"\n
Action.c(230):     after-leave="afterLeaveModal"\n
Action.c(230):     ppd-static-view-content\n
Action.c(230):     >\n
Action.c(230):     <div class="container--full-height" ng-include="'/shop/site/pages/coupon/coupon-mobile-mod
Action.c(230):     al.html'">\n
Action.c(230):     </div>\n
Action.c(230):     </aside>\n
Action.c(230):     <aside\n
Action.c(230):     ng-class="{'slide-up': !isDesktop(), 'modal-fade': isDesktop()}"\n
Action.c(230):     class="sidebar sidebar--modal ng-cloak"\n
Action.c(230):     view-name="coupon-search-details-modal"\n
Action.c(230):     tabindex="-1"\n
Action.c(230):     role="complementary"\n
Action.c(230):     aria-label="Coupon Search Details Modal"\n
Action.c(230):     aria-hidden="{{ alertPresent }}"\n
Action.c(230):     ppd-if="activeView == 'coupon-search-details-modal'"\n
Action.c(230):     after-enter="afterEnter"\n
Action.c(230):     after-leave="afterLeaveModal"\n
Action.c(230):     ppd-static-view-content\n
Action.c(230):     >\n
Action.c(230):     <div class="container--full-height" ng-include="'/shop/site/pages/coupon/coupon-search-det
Action.c(230):     ails-modal.html'"></div>\n
Action.c(230):     </aside>\n
Action.c(230):     <div class="mask mask--black ng-cloak" ng-click="(transitioning
Action.c(230): t=30165ms: 220-byte ENCODED response body received for "https://stage.peapod.com/?gateway=1" (RelFrameId=1, Internal ID=19)
Action.c(230): t=30165ms: 678-byte DECODED response body for "https://stage.peapod.com/?gateway=1" (RelFrameId=1, Internal ID=19)
Action.c(230):     ToModal !== true && activeView !== 'site-transition-modal') && openNamedView('')"\n
Action.c(230):     ng-if="((activeView !== '' && !isSearchActive) && (activeView != 'site-transition')) || tr
Action.c(230):     ansitioningToModal"></div>\n
Action.c(230):     <div class="container--absolutely-fill" ng-include="'/shop/site/partials/global/page/page-
Action.c(230):     view.html'">\n
Action.c(230):     </div>\n
Action.c(230):     <div class="superuser_status-display-wrapper" ng-if="suUserState.enabled && suUserState.st
Action.c(230):     atusVisible">\n
Action.c(230):     <div class="superuser_status-display" ng-switch="!!suUserState.redeliveryMode">\n
Action.c(230):     <p class="superuser_status-mode" ng-switch-when="true">Redelivery Order Mode</p>\n
Action.c(230):     <p class="superuser_status-mode" ng-switch-default>Regular Order Mode</p>\n
Action.c(230):     </div>\n
Action.c(230):     </div>\n
Action.c(230):     </body>\n
Action.c(230):     </html>\n
Action.c(230): web_custom_request("stage.peapod.com_2") was successful, 7591 body bytes, 837 header bytes  	[MsgId: MMSG-26386]
Action.c(240): web_custom_request("status") started  	[MsgId: MMSG-26355]
Action.c(240): t=40266ms: 770-byte response headers for "https://stage.peapod.com/api/v2.0/user/status" (RelFrameId=1, Internal ID=20)
Action.c(240):     HTTP/1.1 200 OK\r\n
Action.c(240):     Date: Sun, 24 Nov 2019 16:39:57 GMT\r\n
Action.c(240):     Content-Type: application/json;charset=utf-8\r\n
Action.c(240):     Transfer-Encoding: chunked\r\n
Action.c(240):     Connection: keep-alive\r\n
Action.c(240):     Strict-Transport-Security: max-age=63072000; includeSubdomains;\r\n
Action.c(240):     access-control-allow-credentials: true\r\n
Action.c(240):     access-control-allow-origin:\r\n
Action.c(240):     Pragma: no-cache\r\n
Action.c(240):     Cache-Control: no-store\r\n
Action.c(240):     Expires: 0\r\n
Action.c(240):     Vary: Accept-Encoding,User-Agent\r\n
Action.c(240):     Content-Encoding: gzip\r\n
Action.c(240):     X-XSS-Protection: 1; mode=block\r\n
Action.c(240):     X-Content-Type-Options: nosniff\r\n
Action.c(240):     Strict-Transport-Security: max-age=86400; includeSubDomains\r\n
Action.c(240):     Content-Security-Policy: frame-ancestors 'self' *.giantfood.com\r\n
Action.c(240):     CF-Cache-Status: DYNAMIC\r\n
Action.c(240):     Expect-CT: max-age=604800, report-uri="https://report-uri.cloudflare.com/cdn-cgi/beacon/ex
Action.c(240):     pect-ct"\r\n
Action.c(240):     Server: cloudflare\r\n
Action.c(240):     CF-RAY: 53acd2697c6feaae-IAD\r\n
Action.c(240):     \r\n
Action.c(240): t=40270ms: 120-byte ENCODED response body received for "https://stage.peapod.com/api/v2.0/user/status" (RelFrameId=1, Internal ID=20)
Action.c(240): t=40270ms: 105-byte DECODED response body for "https://stage.peapod.com/api/v2.0/user/status" (RelFrameId=1, Internal ID=20)
Action.c(240):     \n
Action.c(240):     \n
Action.c(240):     \n
Action.c(240):     \n
Action.c(240):             {"response":{"userStatus":"R","secureLogin":true},"sessionId":"IIFRJAZ4OWS4UCWWM4J
Action.c(240):     CF3Q"}\n
Action.c(240):         
Action.c(240): web_custom_request("status") was successful, 120 body bytes, 770 header bytes  	[MsgId: MMSG-26386]
Action.c(249): web_custom_request("slots") started  	[MsgId: MMSG-26355]
Action.c(249): t=41437ms: 752-byte response headers for "https://stage.peapod.com/api/v2.0/user/slots?delivAvail=true&headers=false&pupAvail=true&selected=true" (RelFrameId=1, Internal ID=21)
Action.c(249):     HTTP/1.1 200 OK\r\n
Action.c(249):     Date: Sun, 24 Nov 2019 16:39:58 GMT\r\n
Action.c(249):     Content-Type: application/json;charset=utf-8\r\n
Action.c(249):     Transfer-Encoding: chunked\r\n
Action.c(249):     Connection: keep-alive\r\n
Action.c(249):     Strict-Transport-Security: max-age=63072000; includeSubdomains;\r\n
Action.c(249):     access-control-allow-credentials: true\r\n
Action.c(249):     access-control-allow-origin:\r\n
Action.c(249):     expires: 0\r\n
Action.c(249):     Vary: Accept-Encoding,User-Agent\r\n
Action.c(249):     Content-Encoding: gzip\r\n
Action.c(249):     Cache-Control: no-store\r\n
Action.c(249):     X-XSS-Protection: 1; mode=block\r\n
Action.c(249):     X-Content-Type-Options: nosniff\r\n
Action.c(249):     Strict-Transport-Security: max-age=86400; includeSubDomains\r\n
Action.c(249):     Content-Security-Policy: frame-ancestors 'self' *.giantfood.com\r\n
Action.c(249):     CF-Cache-Status: DYNAMIC\r\n
Action.c(249):     Expect-CT: max-age=604800, report-uri="https://report-uri.cloudflare.com/cdn-cgi/beacon/ex
Action.c(249):     pect-ct"\r\n
Action.c(249):     Server: cloudflare\r\n
Action.c(249):     CF-RAY: 53acd2705effcf0c-IAD\r\n
Action.c(249):     \r\n
Action.c(249): t=41443ms: 132-byte ENCODED response body received for "https://stage.peapod.com/api/v2.0/user/slots?delivAvail=true&headers=false&pupAvail=true&selected=true" (RelFrameId=1, Internal ID=21)
Action.c(249): t=41443ms: 123-byte DECODED response body for "https://stage.peapod.com/api/v2.0/user/slots?delivAvail=true&headers=false&pupAvail=true&selected=true" (RelFrameId=1, Internal ID=21)
Action.c(249):     {"response":{"serviceType":"D","delivAvail":true,"pupAvail":true,"selectedSlotId":0},"sess
Action.c(249):     ionId":"IIFRJAZ4OWS4UCWWM4JCF3Q"}
Action.c(249): web_custom_request("slots") was successful, 132 body bytes, 752 header bytes  	[MsgId: MMSG-26386]
Action.c(258): web_custom_request("status_2") started  	[MsgId: MMSG-26355]
Action.c(258): t=43083ms: 770-byte response headers for "https://stage.peapod.com/api/v2.0/user/status" (RelFrameId=1, Internal ID=22)
Action.c(258):     HTTP/1.1 200 OK\r\n
Action.c(258):     Date: Sun, 24 Nov 2019 16:40:00 GMT\r\n
Action.c(258):     Content-Type: application/json;charset=utf-8\r\n
Action.c(258):     Transfer-Encoding: chunked\r\n
Action.c(258):     Connection: keep-alive\r\n
Action.c(258):     Strict-Transport-Security: max-age=63072000; includeSubdomains;\r\n
Action.c(258):     access-control-allow-credentials: true\r\n
Action.c(258):     access-control-allow-origin:\r\n
Action.c(258):     Pragma: no-cache\r\n
Action.c(258):     Cache-Control: no-store\r\n
Action.c(258):     Expires: 0\r\n
Action.c(258):     Vary: Accept-Encoding,User-Agent\r\n
Action.c(258):     Content-Encoding: gzip\r\n
Action.c(258):     X-XSS-Protection: 1; mode=block\r\n
Action.c(258):     X-Content-Type-Options: nosniff\r\n
Action.c(258):     Strict-Transport-Security: max-age=86400; includeSubDomains\r\n
Action.c(258):     Content-Security-Policy: frame-ancestors 'self' *.giantfood.com\r\n
Action.c(258):     CF-Cache-Status: DYNAMIC\r\n
Action.c(258):     Expect-CT: max-age=604800, report-uri="https://report-uri.cloudflare.com/cdn-cgi/beacon/ex
Action.c(258):     pect-ct"\r\n
Action.c(258):     Server: cloudflare\r\n
Action.c(258):     CF-RAY: 53acd27b5f6aea18-IAD\r\n
Action.c(258):     \r\n
Action.c(258): t=43086ms: 120-byte ENCODED response body received for "https://stage.peapod.com/api/v2.0/user/status" (RelFrameId=1, Internal ID=22)
Action.c(258): t=43087ms: 105-byte DECODED response body for "https://stage.peapod.com/api/v2.0/user/status" (RelFrameId=1, Internal ID=22)
Action.c(258):     \n
Action.c(258):     \n
Action.c(258):     \n
Action.c(258):     \n
Action.c(258):             {"response":{"userStatus":"R","secureLogin":true},"sessionId":"IIFRJAZ4OWS4UCWWM4J
Action.c(258):     CF3Q"}\n
Action.c(258):         
Action.c(258): web_custom_request("status_2") was successful, 120 body bytes, 770 header bytes  	[MsgId: MMSG-26386]
Action.c(267): web_custom_request("status_3") started  	[MsgId: MMSG-26355]
Action.c(267): t=44136ms: 752-byte response headers for "https://stage.peapod.com/api/v3.0/user/order/status?routeService=false" (RelFrameId=1, Internal ID=23)
Action.c(267):     HTTP/1.1 200 OK\r\n
Action.c(267):     Date: Sun, 24 Nov 2019 16:40:01 GMT\r\n
Action.c(267):     Content-Type: application/json;charset=utf-8\r\n
Action.c(267):     Transfer-Encoding: chunked\r\n
Action.c(267):     Connection: keep-alive\r\n
Action.c(267):     Strict-Transport-Security: max-age=63072000; includeSubdomains;\r\n
Action.c(267):     access-control-allow-credentials: true\r\n
Action.c(267):     access-control-allow-origin:\r\n
Action.c(267):     expires: 0\r\n
Action.c(267):     Vary: Accept-Encoding,User-Agent\r\n
Action.c(267):     Content-Encoding: gzip\r\n
Action.c(267):     Cache-Control: no-store\r\n
Action.c(267):     X-XSS-Protection: 1; mode=block\r\n
Action.c(267):     X-Content-Type-Options: nosniff\r\n
Action.c(267):     Strict-Transport-Security: max-age=86400; includeSubDomains\r\n
Action.c(267):     Content-Security-Policy: frame-ancestors 'self' *.giantfood.com\r\n
Action.c(267):     CF-Cache-Status: DYNAMIC\r\n
Action.c(267):     Expect-CT: max-age=604800, report-uri="https://report-uri.cloudflare.com/cdn-cgi/beacon/ex
Action.c(267):     pect-ct"\r\n
Action.c(267):     Server: cloudflare\r\n
Action.c(267):     CF-RAY: 53acd2818fb2cef4-IAD\r\n
Action.c(267):     \r\n
Action.c(267): t=44140ms: 219-byte ENCODED response body received for "https://stage.peapod.com/api/v3.0/user/order/status?routeService=false" (RelFrameId=1, Internal ID=23)
Action.c(267): t=44140ms: 297-byte DECODED response body for "https://stage.peapod.com/api/v3.0/user/order/status?routeService=false" (RelFrameId=1, Internal ID=23)
Action.c(267):     {"response":{"currentOrder":{"status":"WORKING","unattended":false,"eta":false,"isRedelive
Action.c(267):     ry":false,"orderId":"d135967125"},"pendingOrder":[],"orderId":"d135967125","store":{"id":2
Action.c(267):     ,"priceZone":1,"pickupMinOrder":0.0,"deliveryMinOrder":60.0,"isPickup":false}},"sessionId"
Action.c(267):     :"IIFRJAZ4OWS4UCWWM4JCF3Q"}
Action.c(267): web_custom_request("status_3") was successful, 219 body bytes, 752 header bytes  	[MsgId: MMSG-26386]
Action.c(276): web_custom_request("token") started  	[MsgId: MMSG-26355]
Action.c(276): t=45317ms: 752-byte response headers for "https://stage.peapod.com/api/v3.0/user/token" (RelFrameId=1, Internal ID=24)
Action.c(276):     HTTP/1.1 200 OK\r\n
Action.c(276):     Date: Sun, 24 Nov 2019 16:40:02 GMT\r\n
Action.c(276):     Content-Type: application/json;charset=utf-8\r\n
Action.c(276):     Transfer-Encoding: chunked\r\n
Action.c(276):     Connection: keep-alive\r\n
Action.c(276):     Strict-Transport-Security: max-age=63072000; includeSubdomains;\r\n
Action.c(276):     access-control-allow-credentials: true\r\n
Action.c(276):     access-control-allow-origin:\r\n
Action.c(276):     expires: 0\r\n
Action.c(276):     Vary: Accept-Encoding,User-Agent\r\n
Action.c(276):     Content-Encoding: gzip\r\n
Action.c(276):     Cache-Control: no-store\r\n
Action.c(276):     X-XSS-Protection: 1; mode=block\r\n
Action.c(276):     X-Content-Type-Options: nosniff\r\n
Action.c(276):     Strict-Transport-Security: max-age=86400; includeSubDomains\r\n
Action.c(276):     Content-Security-Policy: frame-ancestors 'self' *.giantfood.com\r\n
Action.c(276):     CF-Cache-Status: DYNAMIC\r\n
Action.c(276):     Expect-CT: max-age=604800, report-uri="https://report-uri.cloudflare.com/cdn-cgi/beacon/ex
Action.c(276):     pect-ct"\r\n
Action.c(276):     Server: cloudflare\r\n
Action.c(276):     CF-RAY: 53acd2894e23f0d5-IAD\r\n
Action.c(276):     \r\n
Action.c(276): t=45320ms: 611-byte ENCODED response body received for "https://stage.peapod.com/api/v3.0/user/token" (RelFrameId=1, Internal ID=24)
Action.c(276): t=45320ms: 741-byte DECODED response body for "https://stage.peapod.com/api/v3.0/user/token" (RelFrameId=1, Internal ID=24)
Action.c(276):     {"response":{"token":"eyJjdHkiOiJKV1QiLCJlbmMiOiJBMjU2R0NNIiwiYWxnIjoiUlNBLU9BRVAtMjU2In0.
Action.c(276):     Mibr2tAoWIWjm9HbcrhYQeL9NoBiAc1KLorJDlDMZuuNGj-X8LGRNKzyNEm3evYL-bsqqwR32-YRZ4vMkE_6BQ9xma
Action.c(276):     4S_crZhEjUSyeR7RUVwKbNuzKjdoQ1rqLqZhldO3SJIg5PGOanJqWxXNAUz2tvJL2pn158IrVmGiVq_8Y2XRljp9Lh
Action.c(276):     qCmoRz85rpRG_ogITXm3kxtpnQ5aokQtinM4tAuB_bdE60hx0WXlA0fwxnCghtqGry0tHs31UypBf20eAGgQL3kuuZ
Action.c(276):     zkUF-mD4HlbnwLQmxQvJsfWfi63RACYKrV40COrCIclk8PG16sqPEjy7lPKpQZXOdEZRFtGQ.hR9_QlFwF7a0MLFi.
Action.c(276):     HdnLaPbcltsRlnvw1kMnDxeVamTLM3dBZlRtHH-xiN2AClu1n5-qTBW35IhZf3P_j02i7sHB_XRyRk9a0_It9ToA88
Action.c(276):     J4XVuUp7kM5JRSOpjiAX8D9RRbkt5384lRanC7UeZIljMzlNi299F_GhGnYuXNWy0vSxewO7clzcY3CxbNDwxqe8Zt
Action.c(276):     gQkDd00yvWdNW1i8F-MjQ-W3GiMFfieP3h2fXgoGhAMxdOVI23lgJG05eKDdH9E77loR34fw-0YBqW9R4RK_pqMhTc
Action.c(276):     5HkLX98fJ_nlb1SST9RyJ
Action.c(276): t=45321ms: 635-byte ENCODED response body received for "https://stage.peapod.com/api/v3.0/user/token" (RelFrameId=1, Internal ID=24)
Action.c(276): t=45322ms: 818-byte DECODED response body for "https://stage.peapod.com/api/v3.0/user/token" (RelFrameId=1, Internal ID=24)
Action.c(276):     rrbO-PhLK6AQ91llhPUrqzU7HqVJb8GcW6pGkSXSLotZtvBu2N41HweL5rwOnfSVS1dQ9XE41c1d0WXt3y9mk2rfR9
Action.c(276):     lHbaSWBhQiQhEPn0XQLujrdX1lXK9IM6gZCpCdNZiwzqSPXiDjKY3dGugDYQO5w_IWmpxWU3IVH2r3Cb6ylFCzFT_N
Action.c(276):     6-ZY2ZV8UZBw-m49eaEpvteKgu923_cWJdb9hwz8VZxSO1S2pso8Y3g4A31Q3c6gdRPyDsfqFzi980FWFB_r6G7Ke5
Action.c(276):     TXoEYovaOYqmNpWRu4pkDfEgJmuBRWTSSTDavcVf9kt6Fh6WfUv1qpqxgG9qGBK5lrwUBGXiuzBlmIErNy-2_ZIQOA
Action.c(276):     zzpM510zd53xa_F24jcLKwDwLA-T00yPAL0ZrI_D7dVLqJ_FcOxOjqBpkRTDwUOc2KZkJn8m3BQXdovOUYwSNNRoqY
Action.c(276):     SDB4MlzFLooSxxUiCnisgCLa1nIv0WIrb9CMwUTK7WCCDP6SiZo1qtxPWHKC0RJhPRuQ4-0jQCO7YIUQhW2OTL3Tbj
Action.c(276):     htPXNsJ8hIzlNxIV2zw-SYl88nAgA49U3PAbqLkWdXFA9MpoT6jNWzEKF4IB6N6ShCbxY9T3xVIBY5zt6wH7TD8Zr-
Action.c(276):     fyv_HQAmeGpaSeZcbevzhdr58FcQt70TwLSfw.6RBcS-J_tmjA2AtUKkSo0w","site":"https://www.stopands
Action.c(276):     hop.com/coupons-weekly-circular/digital-coupons/?idToken="},"sessionId":"IIFRJAZ4OWS4UCWWM
Action.c(276):     4JCF3Q"}
Action.c(276): web_custom_request("token") was successful, 1246 body bytes, 752 header bytes  	[MsgId: MMSG-26386]
Action.c(285): web_custom_request("PeapodIcons.json_3") started  	[MsgId: MMSG-26355]
Action.c(285): t=46302ms: 724-byte response headers for "https://stage.peapod.com/shop/images/icons/PeapodIcons.json" (RelFrameId=1, Internal ID=25)
Action.c(285):     HTTP/1.1 200 OK\r\n
Action.c(285):     Date: Sun, 24 Nov 2019 16:40:03 GMT\r\n
Action.c(285):     Content-Type: application/json\r\n
Action.c(285):     Transfer-Encoding: chunked\r\n
Action.c(285):     Connection: keep-alive\r\n
Action.c(285):     Strict-Transport-Security: max-age=63072000; includeSubdomains;\r\n
Action.c(285):     Last-Modified: Wed, 20 Nov 2019 22:22:25 GMT\r\n
Action.c(285):     Accept-Ranges: bytes\r\n
Action.c(285):     Vary: Accept-Encoding,User-Agent\r\n
Action.c(285):     Content-Encoding: gzip\r\n
Action.c(285):     Cache-Control: no-store\r\n
Action.c(285):     X-XSS-Protection: 1; mode=block\r\n
Action.c(285):     X-Content-Type-Options: nosniff\r\n
Action.c(285):     Strict-Transport-Security: max-age=86400; includeSubDomains\r\n
Action.c(285):     Content-Security-Policy: frame-ancestors 'self' *.giantfood.com\r\n
Action.c(285):     CF-Cache-Status: DYNAMIC\r\n
Action.c(285):     Expect-CT: max-age=604800, report-uri="https://report-uri.cloudflare.com/cdn-cgi/beacon/ex
Action.c(285):     pect-ct"\r\n
Action.c(285):     Server: cloudflare\r\n
Action.c(285):     CF-RAY: 53acd28f3d2ce0f2-IAD\r\n
Action.c(285):     \r\n
Action.c(285): t=46306ms: 639-byte ENCODED response body received for "https://stage.peapod.com/shop/images/icons/PeapodIcons.json" (RelFrameId=1, Internal ID=25)
Action.c(285): t=46306ms: 4067-byte DECODED response body for "https://stage.peapod.com/shop/images/icons/PeapodIcons.json" (RelFrameId=1, Internal ID=25)
Action.c(285):     {\n
Action.c(285):       "selection": [\n
Action.c(285):         {\n
Action.c(285):           "order": 0,\n
Action.c(285):           "name": "gntl-logo"\n
Action.c(285):         },\n
Action.c(285):         {\n
Action.c(285):           "order": 0,\n
Action.c(285):           "name": "flexible-rewards-mark",\n
Action.c(285):           "prevSize": 32\n
Action.c(285):         },\n
Action.c(285):         {\n
Action.c(285):           "order": 0,\n
Action.c(285):           "name": "giant-choice-rewards-logo",\n
Action.c(285):           "prevSize": 32\n
Action.c(285):         },\n
Action.c(285):         {\n
Action.c(285):           "order": 0,\n
Action.c(285):           "name": "go-rewards-logo",\n
Action.c(285):           "prevSize": 32\n
Action.c(285):         },\n
Action.c(285):         {\n
Action.c(285):           "order": 0,\n
Action.c(285):           "name": "martins-choice-rewards-logo",\n
Action.c(285):           "prevSize": 32\n
Action.c(285):         },\n
Action.c(285):         {\n
Action.c(285):           "order": 0,\n
Action.c(285):           "name": "sns-special-offers-icon",\n
Action.c(285):           "prevSize": 32\n
Action.c(285):         },\n
Action.c(285):         {\n
Action.c(285):           "order": 0,\n
Action.c(285):           "name": "gm-special-offers-icon",\n
Action.c(285):           "prevSize": 32\n
Action.c(285):         },\n
Action.c(285):         {\n
Action.c(285):           "order": 0,\n
Action.c(285):           "name": "gf-special-offers-icon",\n
Action.c(285):           "prevSize": 32\n
Action.c(285):         },\n
Action.c(285):         {\n
Action.c(285):           "order": 0,\n
Action.c(285):           "name": "Confirmation-Check",\n
Action.c(285):           "prevSize": 32\n
Action.c(285):         },\n
Action.c(285):         {\n
Action.c(285):           "order": 0,\n
Action.c(285):           "name": "Home_GM",\n
Action.c(285):           "prevSize": 32\n
Action.c(285):         },\n
Action.c(285):         {\n
Action.c(285):           "order": 0,\n
Action.c(285):           "name": "More_GM",\n
Action.c(285):           "prevSize": 32\n
Action.c(285):         },\n
Action.c(285):         {\n
Action.c(285):           "order": 0,\n
Action.c(285):           "name": "Rewards_GM",\n
Action.c(285):           "prevSize": 32\n
Action.c(285):         },\n
Action.c(285):         {\n
Action.c(285):           "order": 0,\n
Action.c(285):           "name": "icon-list-add",\n
Action.c(285):           "prevSize": 32\n
Action.c(285):         },\n
Action.c(285):         {\n
Action.c(285):           "order": 0,\n
Action.c(285):           "name": "icon-list-nav",\n
Action.c(285):           "prevSize": 32\n
Action.c(285):         },\n
Action.c(285):         {\n
Action.c(285):           "order": 0,\n
Action.c(285):           "name": "delivery-gntc-inverse",\n
Action.c(285):           "prevSize": 32\n
Action.c(285):         },\n
Action.c(285):         {\n
Action.c(285):           "order": 0,\n
Action.c(285):           "name": "in-store-gntc-inverse"\n
Action.c(285):         },\n
Action.c(285):         {\n
Action.c(285):           "order": 0,\n
Action.c(285):           "name": "pick-up-gntc-inverse"\n
Action.c(285):         },\n
Action.c(285):         {\n
Action.c(285):           "order": 0,\n
Action.c(285):           "name": "delivery-mrtn-inverse"\n
Action.c(285):         },\n
Action.c(285):         {\n
Action.c(285):           "order": 0,\n
Action.c(285):           "name": "in-store-mrtn-inverse"\n
Action.c(285):         },\n
Action.c(285):         {\n
Action.c(285):           "order": 0,\n
Action.c(285):           "name": "pick-up-mrtn-inverse"\n
Action.c(285):         },\n
Action.c(285):         {\n
Action.c(285):           "order": 0,\n
Action.c(285):           "name": "delivery-gntl-inverse"\n
Action.c(285):         },\n
Action.c(285):         {\n
Action.c(285):           "order": 0,\n
Action.c(285):           "name": "in-store-gntl-inverse"\n
Action.c(285):         },\n
Action.c(285):         {\n
Action.c(285):           "order": 0,\n
Action.c(285):           "name": "pick-up-gntl-inverse"\n
Action.c(285):         },\n
Action.c(285):         {\n
Action.c(285):           "order": 0,\n
Action.c(285):           "name": "delivery-stsh-inverse"\n
Action.c(285):         },\n
Action.c(285):         {\n
Action.c(285):           "order": 0,\n
Action.c(285):           "name": "in-store-stsh-inverse"\n
Action.c(285):         },\n
Action.c(285):         {\n
Action.c(285):           "order": 0,\n
Action.c(285):           "name": "pick-up-stsh-inverse"\n
Action.c(285):         },\n
Action.c(285):         {\n
Action.c(285):           "order": 0,\n
Action.c(285):           "name": "Order-Genius_GM",\n
Action.c(285):           "prevSize": 32\n
Action.c(285):         },\n
Action.c(285):         {\n
Action.c(285):           "order": 0,\n
Action.c(285):           "name": "Recipes_GM",\n
Action.c(285):           "prevSize": 32\n
Action.c(285):         },\n
Action.c(285):         {\n
Action.c(285):           "order": 0,\n
Action.c(285):           "name": "gf-gas-savings-icon-orig",\n
Action.c(285):           "prevSize": 32\n
Action.c(285):         },\n
Action.c(285):         {\n
Action.c(285):           "order": 0,\n
Action.c(285):           "name": "gm-gas-savings-icon-1",\n
Action.c(285):           "prevSize": 32\n
Action.c(285):         },\n
Action.c(285):         {\n
Action.c(285):           "order": 0,\n
Action.c(285):           "name": "sns-gas-savings-icon",\n
Action.c(285):           "prevSize": 32\n
Action.c(285):         },\n
Action.c(285):         {\n
Action.c(285):           "order": 0,\n
Action.c(285):           "name": "gm-grocery-dollars-icon",\n
Action.c(285):           "prevSize": 32\n
Action.c(285):         },\n
Action.c(285):         {\n
Action.c(285):           "order": 0,\n
Action.c(285):           "name": "sns-grocery-dollars-icon",\n
Action.c(285):           "prevSize": 32\n
Action.c(285):         },\n
Action.c(285):         {\n
Action.c(285):           "order": 0,\n
Action.c(285):           "name": "peapod-powered-by-stop-and-shop",\n
Action.c(285):           "prevSize": 32\n
Action.c(285):         },\n
Action.c(285):         {\n
Action.c(285):           "order": 0,\n
Action.c(285):           "name": "pick-up-gntl",\n
Action.c(285):           "prevSize": 32\n
Action.c(285):         },\n
Action.c(285):         {\n
Action.c(285):           "order": 0,\n
Action.c(285):           "name": "pick-up-gntc"\n
Action.c(285):         },\n
Action.c(285):         {\n
Action.c(285):           "order": 0,\n
Action.c(285):           "name": "delivery-gntc",\n
Action.c(285):           "prevSize": 32\n
Action.c(285):         },\n
Action.c(285):         {\n
Action.c(285):           "order": 0,\n
Action.c(285):           "name": "delivery-mrtn"\n
Action.c(285):         },\n
Action.c(285):         {\n
Action.c(285):           "order": 0,\n
Action.c(285):           "name": "in-store-gntc"\n
Action.c(285):         },\n
Action.c(285):         {\n
Action.c(285):           "order": 0,\n
Action.c(285):           "name": "in-store-gntl"\n
Action.c(285):         },\n
Action.c(285):         {\n
Action.c(285):           "order": 0,\n
Action.c(285):           "name": "in-store-mrtn"\n
Action.c(285):         },\n
Action.c(285):         {\n
Action.c(285):           "order": 0,\n
Action.c(285):           "name": "pick-up-mrtn"\n
Action.c(285):         },\n
Action.c(285):         {\n
Action.c(285):           "order": 0,\n
Action.c(285):           "name": "delivery-gntl"\n
Action.c(285):         },\n
Action.c(285):         {\n
Action.c(285):           "order": 0,\n
Action.c(285):           "name": "delivery-stsh"\n
Action.c(285):         },\n
Action.c(285):         {\n
Action.c(285):           "order": 0,\n
Action.c(285):           "name": "in-store-stsh"\n
Action.c(285):         },\n
Action.c(285):         {\n
Action.c(285):           "order": 0,\n
Action.c(285):           "name": "pick-up-stsh"\n
Action.c(285):         },\n
Action.c(285):         {\n
Action.c(285):           "order": 0,\n
Action.c(285):           "name": "martins-powered-by-peapod"\n
Action.c(285):         },\n
Action.c(285):         {\n
Action.c(285):           "order": 0,\n
Action.c(285):           "name": "giant-carlisle-powered-by-peapod"\n
Action.c(285):         },\n
Action.c(285):         {\n
Action.c(285):           "order": 0,\n
Action.c(285):           "name": "giant-landover-powered-by-peapod"\n
Action.c(285):         },\n
Action.c(285):         {\n
Action.c(285):           "order": 0,\n
Action.c(285):           "name": "stop-and-shop-powered-by-peapod"\n
Action.c(285):         },\n
Action.c(285):         {\n
Action.c(285):           "order": 0,\n
Action.c(285):           "name": "barcode-icon",\n
Action.c(285):           "prevSize": 32\n
Action.c(285):         },\n
Action.c(285):         {\n
Action.c(285):           "order": 0,\n
Action.c(285):           "name": "Print",\n
Action.c(285):           "prevSize": 32\n
Action.c(285):         },\n
Action.c(285):         {\n
Action.c(285):           "order": 0,\n
Action.c(285):           "name": "icon
Action.c(285): t=46339ms: 8214-byte ENCODED response body received for "https://stage.peapod.com/shop/images/icons/PeapodIcons.json" (RelFrameId=1, Internal ID=25)
Action.c(285): t=46339ms: 12288-byte DECODED response body for "https://stage.peapod.com/shop/images/icons/PeapodIcons.json" (RelFrameId=1, Internal ID=25)
Action.c(285):     _rewards"\n
Action.c(285):         },\n
Action.c(285):         {\n
Action.c(285):           "order": 0,\n
Action.c(285):           "name": "Coupon-Fulfilled-3",\n
Action.c(285):           "prevSize": 32\n
Action.c(285):         },\n
Action.c(285):         {\n
Action.c(285):           "order": 0,\n
Action.c(285):           "name": "Information",\n
Action.c(285):           "prevSize": 32\n
Action.c(285):         },\n
Action.c(285):         {\n
Action.c(285):           "order": 0,\n
Action.c(285):           "name": "Coupon-Fulfilled-1",\n
Action.c(285):           "prevSize": 32\n
Action.c(285):         },\n
Action.c(285):         {\n
Action.c(285):           "order": 0,\n
Action.c(285):           "name": "person",\n
Action.c(285):           "prevSize": 32\n
Action.c(285):         },\n
Action.c(285):         {\n
Action.c(285):           "order": 0,\n
Action.c(285):           "name": "menu",\n
Action.c(285):           "prevSize": 32\n
Action.c(285):         },\n
Action.c(285):         {\n
Action.c(285):           "order": 0,\n
Action.c(285):           "name": "fuel-rewards",\n
Action.c(285):           "prevSize": 32\n
Action.c(285):         },\n
Action.c(285):         {\n
Action.c(285):           "order": 0,\n
Action.c(285):           "name": "Fuel-savings",\n
Action.c(285):           "prevSize": 32\n
Action.c(285):         },\n
Action.c(285):         {\n
Action.c(285):           "order": 0,\n
Action.c(285):           "name": "pin",\n
Action.c(285):           "prevSize": 32\n
Action.c(285):         },\n
Action.c(285):         {\n
Action.c(285):           "order": 0,\n
Action.c(285):           "name": "google-play",\n
Action.c(285):           "prevSize": 32\n
Action.c(285):         },\n
Action.c(285):         {\n
Action.c(285):           "order": 0,\n
Action.c(285):           "name": "app-store",\n
Action.c(285):           "prevSize": 32\n
Action.c(285):         },\n
Action.c(285):         {\n
Action.c(285):           "order": 0,\n
Action.c(285):           "name": "icon-directions",\n
Action.c(285):           "prevSize": 32\n
Action.c(285):         },\n
Action.c(285):         {\n
Action.c(285):           "order": 0,\n
Action.c(285):           "name": "icon-locator-pin",\n
Action.c(285):           "prevSize": 32\n
Action.c(285):         },\n
Action.c(285):         {\n
Action.c(285):           "order": 0,\n
Action.c(285):           "name": "organic",\n
Action.c(285):           "prevSize": 32\n
Action.c(285):         },\n
Action.c(285):         {\n
Action.c(285):           "order": 0,\n
Action.c(285):           "name": "giant-logo-solo",\n
Action.c(285):           "prevSize": 32\n
Action.c(285):         },\n
Action.c(285):         {\n
Action.c(285):           "order": 0,\n
Action.c(285):           "name": "martins-logo-solo",\n
Action.c(285):           "prevSize": 32\n
Action.c(285):         },\n
Action.c(285):         {\n
Action.c(285):           "order": 0,\n
Action.c(285):           "name": "martins-direct-logo",\n
Action.c(285):           "prevSize": 32\n
Action.c(285):         },\n
Action.c(285):         {\n
Action.c(285):           "order": 0,\n
Action.c(285):           "name": "giant-direct-logo",\n
Action.c(285):           "prevSize": 32\n
Action.c(285):         },\n
Action.c(285):         {\n
Action.c(285):           "order": 0,\n
Action.c(285):           "name": "martins-logo",\n
Action.c(285):           "prevSize": 32,\n
Action.c(285):           "codes": [\n
Action.c(285):             59649,\n
Action.c(285):             59650,\n
Action.c(285):             59651,\n
Action.c(285):             59652,\n
Action.c(285):             59653,\n
Action.c(285):             59654,\n
Action.c(285):             59665,\n
Action.c(285):             59666,\n
Action.c(285):             59667,\n
Action.c(285):             59668,\n
Action.c(285):             59669,\n
Action.c(285):             59670,\n
Action.c(285):             59671,\n
Action.c(285):             59672,\n
Action.c(285):             59673,\n
Action.c(285):             59674,\n
Action.c(285):             59675,\n
Action.c(285):             59676,\n
Action.c(285):             59677,\n
Action.c(285):             59678,\n
Action.c(285):             59679,\n
Action.c(285):             59680,\n
Action.c(285):             59681,\n
Action.c(285):             59682,\n
Action.c(285):             59683,\n
Action.c(285):             59684,\n
Action.c(285):             59685,\n
Action.c(285):             59686,\n
Action.c(285):             59687,\n
Action.c(285):             59688,\n
Action.c(285):             59689,\n
Action.c(285):             59690,\n
Action.c(285):             59691,\n
Action.c(285):             59692,\n
Action.c(285):             59693,\n
Action.c(285):             59694,\n
Action.c(285):             59695,\n
Action.c(285):             59696,\n
Action.c(285):             59697,\n
Action.c(285):             59698\n
Action.c(285):           ]\n
Action.c(285):         },\n
Action.c(285):         {\n
Action.c(285):           "order": 0,\n
Action.c(285):           "name": "peapod-by-martins",\n
Action.c(285):           "prevSize": 32\n
Action.c(285):         },\n
Action.c(285):         {\n
Action.c(285):           "order": 0,\n
Action.c(285):           "name": "SSlogo_noTM",\n
Action.c(285):           "prevSize": 32,\n
Action.c(285):           "codes": [\n
Action.c(285):             59699,\n
Action.c(285):             59700,\n
Action.c(285):             59701,\n
Action.c(285):             59702,\n
Action.c(285):             59703,\n
Action.c(285):             59704,\n
Action.c(285):             59705,\n
Action.c(285):             59706,\n
Action.c(285):             59707,\n
Action.c(285):             59708,\n
Action.c(285):             59709\n
Action.c(285):           ]\n
Action.c(285):         },\n
Action.c(285):         {\n
Action.c(285):           "order": 0,\n
Action.c(285):           "name": "svgxmlbase64, PHN2ZyB4bWxucz0iaHR0cDovL3d3dy53My5vcmcvMjAwMC9zdmciIHZlcnNpb
Action.c(285):     249IjEuMSIgeD0iMHB4IiB5PSIwcHgiIGZvY3VzYWJsZT0iZmFsc2UiIHZpZXdCb3g9IjAgMCAzNTIwIDEwMjQiIGN
Action.c(285):     sYXNzPSIiIHJvbGU9InByZXNlbnRhdGlvbiIgYXJpYS1oaWRkZW49InRydWUiPjx0aXRsZT5QZ",\n
Action.c(285):           "prevSize": 32\n
Action.c(285):         },\n
Action.c(285):         {\n
Action.c(285):           "order": 0,\n
Action.c(285):           "name": "giant-carlisle-logo",\n
Action.c(285):           "prevSize": 32,\n
Action.c(285):           "codes": [\n
Action.c(285):             59655,\n
Action.c(285):             59656,\n
Action.c(285):             59657,\n
Action.c(285):             59658,\n
Action.c(285):             59659,\n
Action.c(285):             59660,\n
Action.c(285):             59661,\n
Action.c(285):             59662,\n
Action.c(285):             59663,\n
Action.c(285):             59664\n
Action.c(285):           ]\n
Action.c(285):         },\n
Action.c(285):         {\n
Action.c(285):           "order": 13,\n
Action.c(285):           "name": "giant-landover-logo",\n
Action.c(285):           "prevSize": 32,\n
Action.c(285):           "codes": [\n
Action.c(285):             59665,\n
Action.c(285):             59666,\n
Action.c(285):             59667,\n
Action.c(285):             59668,\n
Action.c(285):             59669,\n
Action.c(285):             59670,\n
Action.c(285):             59671,\n
Action.c(285):             59672,\n
Action.c(285):             59673,\n
Action.c(285):             59674,\n
Action.c(285):             59675\n
Action.c(285):           ]\n
Action.c(285):         },\n
Action.c(285):         {\n
Action.c(285):           "order": 0,\n
Action.c(285):           "name": "sns-logo",\n
Action.c(285):           "prevSize": 32,\n
Action.c(285):           "codes": [\n
Action.c(285):             59676,\n
Action.c(285):             59677,\n
Action.c(285):             59678,\n
Action.c(285):             59679,\n
Action.c(285):             59680,\n
Action.c(285):             59681,\n
Action.c(285):             59682,\n
Action.c(285):             59683,\n
Action.c(285):             59684,\n
Action.c(285):             59685,\n
Action.c(285):             59686,\n
Action.c(285):             59687,\n
Action.c(285):             59688,\n
Action.c(285):             59689,\n
Action.c(285):             59690\n
Action.c(285):           ]\n
Action.c(285):         },\n
Action.c(285):         {\n
Action.c(285):           "order": 0,\n
Action.c(285):           "name": "peapod-giant-landover-link-logo",\n
Action.c(285):           "prevSize": 32,\n
Action.c(285):           "codes": [\n
Action.c(285):             59691,\n
Action.c(285):             59692,\n
Action.c(285):             59693,\n
Action.c(285):             59694,\n
Action.c(285):             59695,\n
Action.c(285):             59696,\n
Action.c(285):             59697,\n
Action.c(285):             59698,\n
Action.c(285):             59699,\n
Action.c(285):             59700,\n
Action.c(285):             59701,\n
Action.c(285):             59702,\n
Action.c(285):             59703,\n
Action.c(285):             59704,\n
Action.c(285):             59705,\n
Action.c(285):             59706,\n
Action.c(285):             59707,\n
Action.c(285):             59708,\n
Action.c(285):             59709,\n
Action.c(285):             59710\n
Action.c(285):           ]\n
Action.c(285):         },\n
Action.c(285):         {\n
Action.c(285):           "order": 0,\n
Action.c(285):           "name": "peapod-giant-carlisle-link-logo",\n
Action.c(285):           "prevSize": 32,\n
Action.c(285):           "codes": [\n
Action.c(285):             59711,\n
Action.c(285):             59712,\n
Action.c(285):             59713,\n
Action.c(285):             59714,\n
Action.c(285):             59715,\n
Action.c(285):             59716,\n
Action.c(285):             59717,\n
Action.c(285):             59718,\n
Action.c(285):             59719,\n
Action.c(285):             59720,\n
Action.c(285):             59721,\n
Action.c(285):             59722,\n
Action.c(285):             59723,\n
Action.c(285):             59724,\n
Action.c(285):             59725,\n
Action.c(285):             59726,\n
Action.c(285):             59727,\n
Action.c(285):             59728,\n
Action.c(285):             59729\n
Action.c(285):           ]\n
Action.c(285):         },\n
Action.c(285):         {\n
Action.c(285):           "order": 0,\n
Action.c(285):           "name": "peapod-stopnshop-link-logo",\n
Action.c(285):           "prevSize": 32,\n
Action.c(285):           "codes": [\n
Action.c(285):             59730,\n
Action.c(285):             59731,\n
Action.c(285):             59732,\n
Action.c(285):             59733,\n
Action.c(285):             59734,\n
Action.c(285):             59735,\n
Action.c(285):             59736,\n
Action.c(285):             59737,\n
Action.c(285):             59738,\n
Action.c(285):             59739,\n
Action.c(285):             59740,\n
Action.c(285):             59741,\n
Action.c(285):             59742,\n
Action.c(285):             59743,\n
Action.c(285):             59744,\n
Action.c(285):             59745,\n
Action.c(285):             59746,\n
Action.c(285):             59747,\n
Action.c(285):             59748,\n
Action.c(285):             59749,\n
Action.c(285):             59750,\n
Action.c(285):             59751,\n
Action.c(285):             59752,\n
Action.c(285):             59753\n
Action.c(285):           ]\n
Action.c(285):         },\n
Action.c(285):         {\n
Action.c(285):           "order": 0,\n
Action.c(285):           "name": "icon_truck",\n
Action.c(285):           "prevSize": 32\n
Action.c(285):         },\n
Action.c(285):         {\n
Action.c(285):           "order": 0,\n
Action.c(285):           "name": "truck",\n
Action.c(285):           "prevSize": 32\n
Action.c(285):         },\n
Action.c(285):         {\n
Action.c(285):           "order": 0,\n
Action.c(285):           "prevSize": 32,\n
Action.c(285):           "name": "peapod-logo-giant-carlisle",\n
Action.c(285):           "codes": [\n
Action.c(285):             59756,\n
Action.c(285):             59757,\n
Action.c(285):             59758,\n
Action.c(285):             59759,\n
Action.c(285):             59760,\n
Action.c(285):             59761,\n
Action.c(285):             59762,\n
Action.c(285):             59763,\n
Action.c(285):             59764,\n
Action.c(285):             59765,\n
Action.c(285):             59766,\n
Action.c(285):             59767,\n
Action.c(285):             59768,\n
Action.c(285):             59769,\n
Action.c(285):             59770,\n
Action.c(285):             59771,\n
Action.c(285):             59772,\n
Action.c(285):             59773,\n
Action.c(285):             59774,\n
Action.c(285):             59775,\n
Action.c(285):             59776,\n
Action.c(285):             59777\n
Action.c(285):           ]\n
Action.c(285):         },\n
Action.c(285):         {\n
Action.c(285):           "order": 0,\n
Action.c(285):           "name": "guiding-stars-1",\n
Action.c(285):           "prevSize": 32,\n
Action.c(285):           "codes": [\n
Action.c(285):             59778,\n
Action.c(285):             59779,\n
Action.c(285):             59780,\n
Action.c(285):             59781,\n
Action.c(285):             59782,\n
Action.c(285):             59783,\n
Action.c(285):             59784,\n
Action.c(285):             59785\n
Action.c(285):           ]\n
Action.c(285):         },\n
Action.c(285):         {\n
Action.c(285):           "order": 0,\n
Action.c(285):           "name": "guiding-stars-2",\n
Action.c(285):           "prevSize": 32,\n
Action.c(285):           "codes": [\n
Action.c(285):             59786,\n
Action.c(285):             59787,\n
Action.c(285):             59788,\n
Action.c(285):             59789,\n
Action.c(285):             59790,\n
Action.c(285):             59791,\n
Action.c(285):             59792,\n
Action.c(285):             59793,\n
Action.c(285):             59794,\n
Action.c(285):             59795\n
Action.c(285):           ]\n
Action.c(285):         },\n
Action.c(285):         {\n
Action.c(285):           "order": 0,\n
Action.c(285):           "name": "guiding-stars-3",\n
Action.c(285):           "prevSize": 32,\n
Action.c(285):           "codes": [\n
Action.c(285):             59796,\n
Action.c(285):             59797,\n
Action.c(285):             59798,\n
Action.c(285):             59799,\n
Action.c(285):             59800,\n
Action.c(285):             59801,\n
Action.c(285):             59802,\n
Action.c(285):             59803,\n
Action.c(285):             59804,\n
Action.c(285):             59805,\n
Action.c(285):             59806,\n
Action.c(285):             59807\n
Action.c(285):           ]\n
Action.c(285):         },\n
Action.c(285):         {\n
Action.c(285):           "order": 0,\n
Action.c(285):           "name": "shop_icon",\n
Action.c(285):           "prevSize": 32,\n
Action.c(285):           "codes": [\n
Action.c(285):             59808,\n
Action.c(285):             59809,\n
Action.c(285):             59810,\n
Action.c(285):             59811,\n
Action.c(285):             59812,\n
Action.c(285):             59813\n
Action.c(285):           ]\n
Action.c(285):         },\n
Action.c(285):         {\n
Action.c(285):           "order": 0,\n
Action.c(285):           "name": "schedule_icon",\n
Action.c(285):           "prevSize": 32,\n
Action.c(285):           "codes": [\n
Action.c(285):             59814,\n
Action.c(285):             59815,\n
Action.c(285):             59816,\n
Action.c(285):             59817\n
Action.c(285):           ]\n
Action.c(285):         },\n
Action.c(285):         {\n
Action.c(285):           "order": 0,\n
Action.c(285):           "name": "deliver_icon",\n
Action.c(285):           "prevSize": 32,\n
Action.c(285):           "codes": [\n
Action.c(285):             59818,\n
Action.c(285):             59819,\n
Action.c(285):             59820\n
Action.c(285):           ]\n
Action.c(285):         },\n
Action.c(285):         {\n
Action.c(285):           "order": 0,\n
Action.c(285):           "name": "trash-can-closed",\n
Action.c(285):           "prevSize": 32\n
Action.c(285):         },\n
Action.c(285):         {\n
Action.c(285):           "order": 0,\n
Action.c(285):           "name": "trash-can-open",\n
Action.c(285):           "prevSize": 32\n
Action.c(285):         },\n
Action.c(285):         {\n
Action.c(285):           "order": 0,\n
Action.c(285):           "name": "coffee",\n
Action.c(285):           "prevSize": 32\n
Action.c(285):         },\n
Action.c(285):         {\n
Action.c(285):           "order": 0,\n
Action.c(285):           "name": "carrot",\n
Action.c(285):           "prevSize": 32\n
Action.c(285):         },\n
Action.c(285):         {\n
Action.c(285):           "order": 0,\n
Action.c(285):           "name": "minus",\n
Action.c(285):           "prevSize": 32\n
Action.c(285):         },\n
Action.c(285):         {\n
Action.c(285):           "order": 0,\n
Action.c(285):           "name": "plus",\n
Action.c(285):           "prevSize": 32\n
Action.c(285):         },\n
Action.c(285):         {\n
Action.c(285):           "order": 0,\n
Action.c(285):           "prevSize": 32,\n
Action.c(285):           "name": "icon_pencil-edit"\n
Action.c(285):         },\n
Action.c(285):         {\n
Action.c(285):           "order": 0,\n
Action.c(285):           "prevSize": 32,\n
Action.c(285):           "name": "barcode"\n
Action.c(285):         },\n
Action.c(285):         {\n
Action.c(285):           "order": 0,\n
Action.c(285):           "prevSize": 32,\n
Action.c(285):           "name": "social-facebook"\n
Action.c(285):         },\n
Action.c(285):         {\n
Action.c(285):           "order": 0,\n
Action.c(285):           "prevSize": 32,\n
Action.c(285):           "name": "social-instagram"\n
Action.c(285):         },\n
Action.c(285):         {\n
Action.c(285):           "order": 0,\n
Action.c(285):           "prevSize": 32,\n
Action.c(285):           "name": "social-pinterest"\n
Action.c(285):         },\n
Action.c(285):         {\n
Action.c(285):           "order": 0,\n
Action.c(285):           "prevSize": 32,\n
Action.c(285):           "name": "social-twitter"\n
Action.c(285):         },\n
Action.c(285):         {\n
Action.c(285):           "order": 0,\n
Action.c(285):           "prevSize": 32,\n
Action.c(285):           "name": "social-youtube"\n
Action.c(285):         },\n
Action.c(285):         {\n
Action.c(285):           "order": 0,\n
Action.c(285):           "prevSize": 32,\n
Action.c(285):           "name": "icon_star"\n
Action.c(285):         },\n
Action.c(285):         {\n
Action.c(285):           "order": 0,\n
Action.c(285):           "prevSize": 32,\n
Action.c(285):           "name": "icon_contacts_alt"\n
Action.c(285):         },\n
Action.c(285):         {\n
Action.c(285):           "order": 0,\n
Action.c(285):           "prevSize": 32,\n
Action.c(285):           "name": "peapod-logo-2c",\n
Action.c(285):           "codes": [\n
Action.c(285):             59648,\n
Action.c(285):             59649,\n
Action.c(285):             59650,\n
Action.c(285):             59651,\n
Action.c(285):             59652,\n
Action.c(285):             59653,\n
Action.c(285):             59654\n
Action.c(285):           ]\n
Action.c(285):         },\n
Action.c(285):         {\n
Action.c(285):           "order": 0,\n
Action.c(285):           "prevSize": 32,\n
Action.c(285):           "name": "peapod-logo-business-2c",\n
Action.c(285):           "codes": [\n
Action.c(285):             59836,\n
Action.c(285):             59837,\n
Action.c(285):             59838,\n
Action.c(285):             59839,\n
Action.c(285):             59840,\n
Action.c(285):             59841,\n
Action.c(285):             59842,\n
Action.c(285):             59843,\n
Action.c(285):             59844,\n
Action.c(285):             59845,\n
Action.c(285):             59846,\n
Action.c(285):             59847,\n
Action.c(285):             59848,\n
Action.c(285):             59849,\n
Action.c(285):             59850,\n
Action.c(285):             59851,\n
Action.c(285):             59852,\n
Action.c(285):             59853,\n
Action.c(285):             59854,\n
Action.c(285):             59855,\n
Action.c(285):             59856,\n
Action.c(285):             59857,\n
Action.c(285):             59858\n
Action.c(285):           ]\n
Action.c(285):         },\n
Action.c(285):         {\n
Action.c(285):           "order": 0,\n
Action.c(285):           "prevSize": 32,\n
Action.c(285):           "name": "peapod-logo-giant-carlisle1",\n
Action.c(285):           "codes": [\n
Action.c(285):             59859,\n
Action.c(285):             59860,\n
Action.c(285):             59861,\n
Action.c(285):             59862,\n
Action.c(285):             59863,\n
Action.c(285):             59864,\n
Action.c(285):             59865,\n
Action.c(285):             59866,\n
Action.c(285):             59867,\n
Action.c(285):             59868,\n
Action.c(285):             59869,\n
Action.c(285):             59870,\n
Action.c(285):             59871,\n
Action.c(285):             59872,\n
Action.c(285):             59873,\n
Action.c(285):             59874,\n
Action.c(285):             59875,\n
Action.c(285):             59876,\n
Action.c(285):             59877,\n
Action.c(285):             59878,\n
Action.c(285):             59879,\n
Action.c(285):             59880\n
Action.c(285):           ]\n
Action.c(285):         },\n
Action.c(285):         {\n
Action.c(285):           "order": 0,\n
Action.c(285):           "prevSize": 32,\n
Action.c(285):           "name": "peapod-logo-giant-landover",\n
Action.c(285):           "codes": [\n
Action.c(285):             59881,\n
Action.c(285):             59882,\n
Action.c(285):             59883,\n
Action.c(285):             59884,\n
Action.c(285):             59885,\n
Action.c(285):             59886,\n
Action.c(285):             59887,\n
Action.c(285):             59888,\n
Action.c(285):             59889,\n
Action.c(285):             59890,\n
Action.c(285):             59891,\n
Action.c(285):             59892,\n
Action.c(285):             59893,\n
Action.c(285):             59894,\n
Action.c(285):             59895,\n
Action.c(285):             59896,\n
Action.c(285):             59897,\n
Action.c(285):             59898,\n
Action.c(285):             59899,\n
Action.c(285):             59900\n
Action.c(285):           ]\n
Action.c(285):         },\n
Action.c(285):         {\n
Action.c(285):           "order": 0,\n
Action.c(285):           "prevSize": 32,\n
Action.c(285):           "name": "peapod-logo-stopnshop",\n
Action.c(285):           "codes": [\n
Action.c(285):             59901,\n
Action.c(285):             59902,\n
Action.c(285):             59903,\n
Action.c(285):             59904,\n
Action.c(285):             59905,\n
Action.c(285):             59906,\n
Action.c(285):             59907,\n
Action.c(285):             59908,\n
Action.c(285):             59909,\n
Action.c(285):             59910,\n
Action.c(285):             59911,\n
Action.c(285):             59912,\n
Action.c(285):             59913,\n
Action.c(285):             59914,\n
Action.c(285):             59915,\n
Action.c(285):             59916,\n
Action.c(285):             59917,\n
Action.c(285):             59918,\n
Action.c(285):             59919,\n
Action.c(285):             59920,\n
Action.c(285):             59921,\n
Action.c(285):             59922,\n
Action.c(285):             59923\n
Action.c(285):           ]\n
Action.c(285):         },\n
Action.c(285):         {\n
Action.c(285):           "order": 0,\n
Action.c(285):           "prevSize": 32,\n
Action.c(285):           "name": "icon_ul"\n
Action.c(285):         },\n
Action.c(285):         {\n
Action.c(285):           "order": 0,\n
Action.c(285):           "prevSize": 32,\n
Action.c(285):           "name": "icon_grid-2x2"\n
Action.c(285):         },\n
Action.c(285):         {\n
Action.c(285):           "order": 0,\n
Action.c(285):           "prevSize": 32,\n
Action.c(285):           "name": "icon_plus"\n
Action.c(285):         },\n
Action.c(285):         {\n
Action.c(285):           "order": 0,\n
Action.c(285):           "prevSize": 32,\n
Action.c(285):           "name": "icon_error-triangle_alt"\n
Action.c(285):         },\n
Action.c(285):         {\n
Action.c(285):           "order": 0,\n
Action.c(285):           "prevSize": 32,\n
Action.c(285):           "name": "icon_check_circle"\n
Action.c(285):         },\n
Action.c(285):         {\n
Action.c(285):           "order": 0,\n
Action.c(285):           "prevSize": 32,\n
Action.c(285):           "name": "arrow_triangle-down"\n
Action.c(285):         },\n
Action.c(285):         {\n
Action.c(285):           "order": 0,\n
Action.c(285):           "prevSize": 32,\n
Action.c(285):           "name": "icon_chat_alt"\n
Action.c(285):         },\n
Action.c(285):         {\n
Action.c(285):           "order": 0,\n
Action.c(285):           "prevSize": 32,\n
Action.c(285):           "name": "icon_box-checked"\n
Action.c(285):         },\n
Action.c(285):         {\n
Action.c(285):           "order": 0,\n
Action.c(285):           "prevSize": 32,\n
Action.c(285):           "name": "vip_ribbon"\n
Action.c(285):         },\n
Action.c(285):         {\n
Action.c(285):           "order": 0,\n
Action.c(285):           "prevSize": 32,\n
Action.c(285):           "name": "cc_amex_bw"\n
Action.c(285):         },\n
Action.c(285):         {\n
Action.c(285):           "order": 0,\n
Action.c(285):           "prevSize": 32,\n
Action.c(285):           "name": "cc_discover_bw",\n
Action.c(285):           "codes": [\n
Action.c(285):             59934,\n
Action.c(285):             59935,\n
Action.c(285):             59936,\n
Action.c(285):             59937,\n
Action.c(285):             59938,\n
Action.c(285):             59939,\n
Action.c(285):             59940,\n
Action.c(285):             59941\n
Action.c(285):           ]\n
Action.c(285):         },\n
Action.c(285):         {\n
Action.c(285):           "order": 0,\n
Action.c(285):           "prevSize": 32,\n
Action.c(285):           "name": "cc_mastercard_bw",\n
Action.c(285):           "codes": [\n
Action.c(285):             59942,\n
Action.c(285):             59943\n
Action.c(285):           ]\n
Action.c(285):         },\n
Action.c(285):         {\n
Action.c(285):           "order": 0,\n
Action.c(285):           "prevSize": 32,\n
Action.c(285):           "name": "cc_visa_bw"\n
Action.c(285):         },\n
Action.c(285):         {\n
Action.c(285):           "order": 0,\n
Action.c(285):           "prevSize": 32,\n
Action.c(285):           "name": "largeIcon_addToCart"\n
Action.c(285):         },\n
Action.c(285):         {\n
Action.c(285):           "order": 0,\n
Action.c(285):           "prevSize": 32,\n
Action.c(285):           "name": "largeIcon_addToCartSuccess"\n
Action.c(285):         },\n
Action.c(285):         {\n
Action.c(285):           "order": 0,\n
Action.c(285):           "prevSize": 32,\n
Action.c(285):           "name": "largeIcon_calendar"\n
Action.c(285):         },\n
Action.c(285):         {\n
Action.c(285):           "order": 0,\n
Action.c(285):           "prevSize": 32,\n
Action.c(285):           "name": "largeIcon_calendarClock"\n
Action.c(285):         },\n
Action.c(285):         {\n
Action.c(285):           "order": 0,\n
Action.c(285):           "prevSize": 32,\n
Action.c(285):           "name": "largeIcon_dollarSign"\n
Action.c(285):         },\n
Action.c(285):         {\n
Action.c(285):           "order": 0,\n
Action.c(285):           "prevSize": 32,\n
Action.c(285):           "name": "largeIcon_orderGenius"\n
Action.c(285):         },\n
Action.c(285):         {\n
Action.c(285):           "order": 0,\n
Action.c(285):           "prevSize": 32,\n
Action.c(285):           "name": "largeIcon_success"\n
Action.c(285):         },\n
Action.c(285):         {\n
Action.c(285):           "order": 0,\n
Action.c(285):           "prevSize": 32,\n
Action.c(285):           "name": "cc_visa",\n
Action.c(285):           "codes": [\n
Action.c(285):             59952,\n
Action.c(285):             59953,\n
Action.c(285):             59954,\n
Action.c(285):             59955,\n
Action.c(285):             59956,\n
Action.c(285):             59957\n
Action.c(285):           ]\n
Action.c(285):         },\n
Action.c(285):         {\n
Action.c(285):           "order": 0,\n
Action.c(285):           "prevSize": 32,\n
Action.c(285):           "name"
Action.c(285): t=46471ms: 12288-byte DECODED response body for "https://stage.peapod.com/shop/images/icons/PeapodIcons.json" (RelFrameId=1, Internal ID=25)
Action.c(285):     : "cc_mastercard",\n
Action.c(285):           "codes": [\n
Action.c(285):             59958,\n
Action.c(285):             59959,\n
Action.c(285):             59960\n
Action.c(285):           ]\n
Action.c(285):         },\n
Action.c(285):         {\n
Action.c(285):           "order": 0,\n
Action.c(285):           "prevSize": 32,\n
Action.c(285):           "name": "cc_discover",\n
Action.c(285):           "codes": [\n
Action.c(285):             59961,\n
Action.c(285):             59962,\n
Action.c(285):             59963,\n
Action.c(285):             59964,\n
Action.c(285):             59965,\n
Action.c(285):             59966,\n
Action.c(285):             59967,\n
Action.c(285):             59968,\n
Action.c(285):             59969\n
Action.c(285):           ]\n
Action.c(285):         },\n
Action.c(285):         {\n
Action.c(285):           "order": 0,\n
Action.c(285):           "prevSize": 32,\n
Action.c(285):           "name": "cc_amex",\n
Action.c(285):           "codes": [\n
Action.c(285):             59970,\n
Action.c(285):             59971,\n
Action.c(285):             59972,\n
Action.c(285):             59973,\n
Action.c(285):             59974\n
Action.c(285):           ]\n
Action.c(285):         },\n
Action.c(285):         {\n
Action.c(285):           "order": 0,\n
Action.c(285):           "prevSize": 32,\n
Action.c(285):           "name": "icon_printer"\n
Action.c(285):         },\n
Action.c(285):         {\n
Action.c(285):           "order": 0,\n
Action.c(285):           "prevSize": 32,\n
Action.c(285):           "name": "icon_lightbulb"\n
Action.c(285):         },\n
Action.c(285):         {\n
Action.c(285):           "order": 0,\n
Action.c(285):           "prevSize": 32,\n
Action.c(285):           "name": "ahold-wedge",\n
Action.c(285):           "codes": [\n
Action.c(285):             59977,\n
Action.c(285):             59978,\n
Action.c(285):             59979,\n
Action.c(285):             59980\n
Action.c(285):           ]\n
Action.c(285):         },\n
Action.c(285):         {\n
Action.c(285):           "order": 0,\n
Action.c(285):           "prevSize": 32,\n
Action.c(285):           "name": "icon_logout"\n
Action.c(285):         },\n
Action.c(285):         {\n
Action.c(285):           "order": 0,\n
Action.c(285):           "prevSize": 32,\n
Action.c(285):           "name": "icon_login"\n
Action.c(285):         },\n
Action.c(285):         {\n
Action.c(285):           "order": 0,\n
Action.c(285):           "prevSize": 32,\n
Action.c(285):           "name": "icon_search"\n
Action.c(285):         },\n
Action.c(285):         {\n
Action.c(285):           "order": 0,\n
Action.c(285):           "prevSize": 32,\n
Action.c(285):           "name": "icon_zoom-in_alt"\n
Action.c(285):         },\n
Action.c(285):         {\n
Action.c(285):           "order": 0,\n
Action.c(285):           "prevSize": 32,\n
Action.c(285):           "name": "icon_wallet"\n
Action.c(285):         },\n
Action.c(285):         {\n
Action.c(285):           "order": 0,\n
Action.c(285):           "prevSize": 32,\n
Action.c(285):           "name": "icon_profile"\n
Action.c(285):         },\n
Action.c(285):         {\n
Action.c(285):           "order": 0,\n
Action.c(285):           "prevSize": 32,\n
Action.c(285):           "name": "icon_mobile"\n
Action.c(285):         },\n
Action.c(285):         {\n
Action.c(285):           "order": 0,\n
Action.c(285):           "prevSize": 32,\n
Action.c(285):           "name": "icon_old-phone"\n
Action.c(285):         },\n
Action.c(285):         {\n
Action.c(285):           "order": 0,\n
Action.c(285):           "prevSize": 32,\n
Action.c(285):           "name": "icon_pin_alt"\n
Action.c(285):         },\n
Action.c(285):         {\n
Action.c(285):           "order": 0,\n
Action.c(285):           "prevSize": 32,\n
Action.c(285):           "name": "icon_mail_alt"\n
Action.c(285):         },\n
Action.c(285):         {\n
Action.c(285):           "order": 0,\n
Action.c(285):           "prevSize": 32,\n
Action.c(285):           "name": "icon_lock_alt"\n
Action.c(285):         },\n
Action.c(285):         {\n
Action.c(285):           "order": 0,\n
Action.c(285):           "prevSize": 32,\n
Action.c(285):           "name": "icon_info"\n
Action.c(285):         },\n
Action.c(285):         {\n
Action.c(285):           "order": 0,\n
Action.c(285):           "prevSize": 32,\n
Action.c(285):           "name": "icon_id"\n
Action.c(285):         },\n
Action.c(285):         {\n
Action.c(285):           "order": 0,\n
Action.c(285):           "prevSize": 32,\n
Action.c(285):           "name": "icon_house_alt"\n
Action.c(285):         },\n
Action.c(285):         {\n
Action.c(285):           "order": 0,\n
Action.c(285):           "prevSize": 32,\n
Action.c(285):           "name": "icon_heart_alt"\n
Action.c(285):         },\n
Action.c(285):         {\n
Action.c(285):           "order": 0,\n
Action.c(285):           "prevSize": 32,\n
Action.c(285):           "name": "icon_grid-2x22"\n
Action.c(285):         },\n
Action.c(285):         {\n
Action.c(285):           "order": 0,\n
Action.c(285):           "prevSize": 32,\n
Action.c(285):           "name": "icon_gift_alt"\n
Action.c(285):         },\n
Action.c(285):         {\n
Action.c(285):           "order": 0,\n
Action.c(285):           "prevSize": 32,\n
Action.c(285):           "name": "icon_error-circle_alt"\n
Action.c(285):         },\n
Action.c(285):         {\n
Action.c(285):           "order": 0,\n
Action.c(285):           "prevSize": 32,\n
Action.c(285):           "name": "icon_document_alt"\n
Action.c(285):         },\n
Action.c(285):         {\n
Action.c(285):           "order": 0,\n
Action.c(285):           "prevSize": 32,\n
Action.c(285):           "name": "icon_currency"\n
Action.c(285):         },\n
Action.c(285):         {\n
Action.c(285):           "order": 0,\n
Action.c(285):           "prevSize": 32,\n
Action.c(285):           "name": "icon_creditcard"\n
Action.c(285):         },\n
Action.c(285):         {\n
Action.c(285):           "order": 0,\n
Action.c(285):           "prevSize": 32,\n
Action.c(285):           "name": "icon_contacts_alt1"\n
Action.c(285):         },\n
Action.c(285):         {\n
Action.c(285):           "order": 0,\n
Action.c(285):           "prevSize": 32,\n
Action.c(285):           "name": "icon_comment_alt"\n
Action.c(285):         },\n
Action.c(285):         {\n
Action.c(285):           "order": 0,\n
Action.c(285):           "prevSize": 32,\n
Action.c(285):           "name": "icon_check"\n
Action.c(285):         },\n
Action.c(285):         {\n
Action.c(285):           "order": 0,\n
Action.c(285):           "prevSize": 32,\n
Action.c(285):           "name": "icon_cart_alt"\n
Action.c(285):         },\n
Action.c(285):         {\n
Action.c(285):           "order": 0,\n
Action.c(285):           "prevSize": 32,\n
Action.c(285):           "name": "icon_bag_alt"\n
Action.c(285):         },\n
Action.c(285):         {\n
Action.c(285):           "order": 0,\n
Action.c(285):           "prevSize": 32,\n
Action.c(285):           "name": "icon_calendar"\n
Action.c(285):         },\n
Action.c(285):         {\n
Action.c(285):           "order": 0,\n
Action.c(285):           "prevSize": 32,\n
Action.c(285):           "name": "arrow_triangle-right_alt2"\n
Action.c(285):         },\n
Action.c(285):         {\n
Action.c(285):           "order": 0,\n
Action.c(285):           "prevSize": 32,\n
Action.c(285):           "name": "icon_easel"\n
Action.c(285):         },\n
Action.c(285):         {\n
Action.c(285):           "order": 0,\n
Action.c(285):           "prevSize": 32,\n
Action.c(285):           "name": "arrow_carrot-left"\n
Action.c(285):         },\n
Action.c(285):         {\n
Action.c(285):           "order": 0,\n
Action.c(285):           "prevSize": 32,\n
Action.c(285):           "name": "arrow_carrot-right"\n
Action.c(285):         },\n
Action.c(285):         {\n
Action.c(285):           "order": 0,\n
Action.c(285):           "prevSize": 32,\n
Action.c(285):           "name": "arrow_carrot-up"\n
Action.c(285):         },\n
Action.c(285):         {\n
Action.c(285):           "order": 0,\n
Action.c(285):           "prevSize": 32,\n
Action.c(285):           "name": "arrow_carrot-down"\n
Action.c(285):         },\n
Action.c(285):         {\n
Action.c(285):           "order": 0,\n
Action.c(285):           "prevSize": 32,\n
Action.c(285):           "name": "icon_star-half-color",\n
Action.c(285):           "codes": [\n
Action.c(285):             60014,\n
Action.c(285):             60015\n
Action.c(285):           ]\n
Action.c(285):         },\n
Action.c(285):         {\n
Action.c(285):           "order": 0,\n
Action.c(285):           "prevSize": 32,\n
Action.c(285):           "name": "icon_clock_alt"\n
Action.c(285):         },\n
Action.c(285):         {\n
Action.c(285):           "order": 0,\n
Action.c(285):           "prevSize": 32,\n
Action.c(285):           "name": "icon_close"\n
Action.c(285):         },\n
Action.c(285):         {\n
Action.c(285):           "order": 0,\n
Action.c(285):           "name": "location_alt",\n
Action.c(285):           "prevSize": 32\n
Action.c(285):         },\n
Action.c(285):         {\n
Action.c(285):           "order": 0,\n
Action.c(285):           "name": "bmsm-sticker",\n
Action.c(285):           "prevSize": 32,\n
Action.c(285):           "codes": [\n
Action.c(285):             60019,\n
Action.c(285):             60020,\n
Action.c(285):             60021,\n
Action.c(285):             60022,\n
Action.c(285):             60023,\n
Action.c(285):             60024,\n
Action.c(285):             60025,\n
Action.c(285):             60026,\n
Action.c(285):             60027,\n
Action.c(285):             60028,\n
Action.c(285):             60029,\n
Action.c(285):             60030\n
Action.c(285):           ]\n
Action.c(285):         },\n
Action.c(285):         {\n
Action.c(285):           "order": 0,\n
Action.c(285):           "name": "view-deal-sticker",\n
Action.c(285):           "prevSize": 32,\n
Action.c(285):           "codes": [\n
Action.c(285):             60031,\n
Action.c(285):             60032,\n
Action.c(285):             60033,\n
Action.c(285):             60034,\n
Action.c(285):             60035,\n
Action.c(285):             60036,\n
Action.c(285):             60037,\n
Action.c(285):             60038,\n
Action.c(285):             60039,\n
Action.c(285):             60040\n
Action.c(285):           ]\n
Action.c(285):         },\n
Action.c(285):         {\n
Action.c(285):           "order": 0,\n
Action.c(285):           "name": "tool-tip",\n
Action.c(285):           "prevSize": 32,\n
Action.c(285):           "codes": [\n
Action.c(285):             60041\n
Action.c(285):           ]\n
Action.c(285):         }\n
Action.c(285):       ],\n
Action.c(285):       "metadata": {\n
Action.c(285):         "name": "PeapodIcons",\n
Action.c(285):         "importSize": {\n
Action.c(285):           "width": 332,\n
Action.c(285):           "height": 92\n
Action.c(285):         },\n
Action.c(285):         "iconsHash": 716739837\n
Action.c(285):       },\n
Action.c(285):       "height": 1024,\n
Action.c(285):       "prevSize": 32,\n
Action.c(285):       "icons": [\n
Action.c(285):         {\n
Action.c(285):           "paths": [\n
Action.c(285):             "M1871.237 913.481c-89.867 46.612-196.15 74.073-308.818 74.385l-0.1 0c-264.978 0-4
Action.c(285):     40.737-167.953-440.737-413.637 0-233.305 176.986-421.667 462.149-421.667 87.908 0.788 171.
Action.c(285):     909 16.454 249.95 44.596l-5.27-1.66v137.284c-66.583-41.941-147.289-67.339-233.831-68.693l-
Action.c(285):     0.366-0.005c-183.678 0-317.839 126.244-317.839 307.691 0 171.299 117.21 308.806 301.111 30
Action.c(285):     8.806 2.724 0.086 5.928 0.135 9.143 0.135 53.188 0 103.241-13.428 146.952-37.078l-1.636 0.
Action.c(285):     809 3.346-182.562h-204.532l66.914-109.404h280.145z",\n
Action.c(285):             "M2107.107 968.573h-131.82v-557.613h131.82zM2111.568 224.495c0.038 0.864 0.060 1.8
Action.c(285):     78 0.060 2.897 0 38.926-31.556 70.482-70.482 70.482s-70.482-31.556-70.482-70.482c0-38.709 
Action.c(285):     31.205-70.13 69.832-70.479l0.033-0c1.066-0.060 2.314-0.094 3.569-0.094 37.425 0 67.78 30.2
Action.c(285):     7 67.917 67.663l0 0.013z",\n
Action.c(285):             "M2315.989 809.654c0-36.133 20.297-71.151 67.583-85.761 13.494-4.572 37.249-9.033 
Action.c(285):     89.218-9.033 11.152 0 23.754 1.115 36.022 2.342v146.541c-28.877 14.64-62.712 23.987-98.528
Action.c(285):      25.848l-0.615 0.025c-69.925 0-93.567-40.594-93.567-79.962zM2646.43 968.573c-6.803-24.758-
Action.c(285):     9.033-32.676-9.033-144.979v-224.829c-1.115-47.397-1.115-103.716-47.286-149.998-48.512-48.4
Action.c(285):     01-118.437-51.858-159.031-51.858-49.096 1.447-95.931 7.992-140.953 19.133l4.561-0.955-68.8
Action.c(285):     09 117.21c48.512-19.182 103.604-39.479 165.723-39.479 100.37 0 117.21 52.973 117.21 137.50
Action.c(285):     7-20.665-2.913-44.537-4.577-68.797-4.577-0.749 0-1.498 0.002-2.247 0.005l0.116-0c-2.293-0.
Action.c(285):     051-4.995-0.080-7.704-0.080-50.042 0-97.762 9.946-141.289 27.968l2.452-0.9c-58.661 24.87-1
Action.c(285):     09.404 78.066-109.404 161.15-0.060 1.626-0.095 3.536-0.095 5.454 0 47.266 20.913 89.647 53
Action.c(285):     .992 118.396l0.192 0.163c30.446 25.985 75.501 44.051 142.080 44.051 49.565-1.806 96.396-11
Action.c(285):     .015 140.233-26.553l-3.283 1.015c0.892 4.015 1.673 8.253 2.9 12.044z",\n
Action.c(285):             "M3539.503 974.484c-20.087 5.078-43.153 8.004-66.898 8.030l-0.016 0c-31.561 0-76.6
Action.c(285):     16-4.572-111.523-42.936s-33.457-78.066-32.676-127.359l2.342-305.46h-72.155v-95.129h74.386v
Action.c(285):     -104.831l130.704-40.594v144.979h125.128v95.798h-127.359l-2.23 243.454c0 60.891 0 84.646 13
Action.c(285):     .494 104.831 10.149 14.609 31.672 30.446 68.809 30.446 26.978-1.087 52.395-6.352 76.086-15
Action.c(285):     .163l-1.7 0.554z",\n
Action.c(285):             "M3165.233 444.417c-46.17-41.598-105.835-46.17-139.738-46.17-40.185 0.968-78.396 8
Action.c(285):     .037-114.19 20.311l2.667-0.795c-13.16 4.684-30.669 12.602-45.724 19.739v-25.093h-133.827v5
Action.c(285):     56.832h133.827v-434.938c28.683-21.395 64.788-34.308 103.903-34.46l0.036-0c1.908-0.111 4.13
Action.c(285):     9-0.175 6.384-0.175 26.494 0 50.927 8.824 70.521 23.694l-0.29-0.211c37.137 31.672 37.137 7
Action.c(285):     5.612 38.252 163.492v282.598h131.82v-371.482c-0.669-48.512-1.784-105.835-53.642-153.343z",
Action.c(285):     \n
Action.c(285):             "M3660.17 455.681h6.914c4.349 0 7.695-0.669 7.695-5.465s-4.461-4.907-8.030-4.907h-
Action.c(285):     6.58zM3652.363 439.287h14.832c9.814 0 15.39 3.123 15.39 11.152 0.015 0.204 0.024 0.441 0.0
Action.c(285):     24 0.68 0 5.42-4.394 9.814-9.814 9.814-0.165 0-0.329-0.004-0.493-0.012l0.023 0.001 10.483 
Action.c(285):     17.063h-8.141l-9.479-16.728h-4.907v17.286h-7.807zM3666.304 486.573c0.333 0.014 0.723 0.023
Action.c(285):      1.115 0.023 15.213 0 27.546-12.333 27.546-27.546s-12.333-27.546-27.546-27.546c-15.166 0-2
Action.c(285):     7.47 12.256-27.546 27.405l-0 0.007c-0.012 0.299-0.019 0.651-0.019 1.004 0 14.626 11.831 26
Action.c(285):     .49 26.445 26.542l0.005 0zM3666.304 424.009c18.952 0.498 34.126 15.981 34.126 35.007 0 19.
Action.c(285):     34-15.678 35.018-35.018 35.018s-35.018-15.678-35.018-35.018c0-0.035 0-0.070 0-0.106l-0 0.0
Action.c(285):     05c-0.001-0.073-0.001-0.159-0.001-0.245 0-19.155 15.528-34.684 34.684-34.684 0.432 0 0.862
Action.c(285):      0.008 1.289 0.024l-0.062-0.002z",\n
Action.c(285):             "M889.615 640.362h-248.138l295.646-295.646c9.265-9.247 14.997-22.031 14.997-36.154
Action.c(285):      0-21.653-13.473-40.159-32.493-47.591l-0.347-0.12-2.342-0.781h1.004c-23.886-8.46-51.433-13
Action.c(285):     .348-80.121-13.348-67.946 0-129.488 27.421-174.164 71.8l0.014-0.014c-4.238 4.126-8.141 8.4
Action.c(285):     76-12.044 12.937v-277.357c-0.040-29.842-24.241-54.018-54.088-54.018-7.912 0-15.426 1.699-2
Action.c(285):     2.2 4.751l0.341-0.138-1.896 0.892h-1.004c-103.387 52.103-173.149 157.263-173.529 278.755l-
Action.c(285):     0 0.051c0.016 16.864 1.394 33.394 4.031 49.5l-0.239-1.769-205.090-205.090c-10.528-10.494-2
Action.c(285):     5.054-16.983-41.096-16.983s-30.568 6.489-41.098 16.984l0.002-0.002c-5.563 5.553-9.993 12.2
Action.c(285):     4-12.913 19.684l-0.135 0.39-0.781 2.23v-0.892c-14.075 39.274-22.21 84.586-22.21 131.797 0 
Action.c(285):     156.799 89.737 292.639 220.656 358.963l2.294 1.054h-239.104c-0.033-0-0.072-0-0.112-0-35.04
Action.c(285):     6 0-63.456 28.41-63.456 63.456 0 9.327 2.012 18.184 5.626 26.161l-0.162-0.399 1.004 2.007v
Action.c(285):     -0.669c86.271 175.149 263.507 293.537 468.395 293.537s382.124-118.387 467.035-290.487l1.36
Action.c(285):     -3.049-1.338 2.453c0.781-1.338 1.45-2.677 2.007-4.015 3.526-7.641 5.582-16.58 5.582-26 0-3
Action.c(285):     3.574-26.12-61.047-59.147-63.208l-0.189-0.010z",\n
Action.c(285):             "M43.717 712.741c-1.154-2.561-1.826-5.551-1.826-8.699 0-11.949 9.686-21.635 21.635
Action.c(285):     -21.635 0.015 0 0.029 0 0.044 0l-0.002-0h821.698c0.063-0.001 0.138-0.001 0.213-0.001 11.88
Action.c(285):     7 0 21.524 9.637 21.524 21.524 0 3.192-0.695 6.221-1.941 8.946l0.055-0.134c-79.384 160.946
Action.c(285):     -242.312 269.715-430.644 269.715s-351.26-108.769-429.393-266.915l-1.251-2.8z",\n
Action.c(285):             "M141.634 162.154c0.865-2.179 2.114-4.037 3.678-5.574l0.002-0.002c2.944-2.931 7.00
Action.c(285):     4-4.743 11.487-4.743s8.543 1.812 11.487 4.743l-0.001-0.001 437.168 437.168c2.964 2.949 4.7
Action.c(285):     98 7.032 4.798 11.543s-1.834 8.593-4.798 11.542l-0.001 0.001c-1.541 1.564-3.398 2.812-5.46
Action.c(285):     8 3.642l-0.108 0.038c-35.185 12.616-75.78 19.909-118.078 19.909-198.881 0-360.106-161.225-
Action.c(285):     360.106-360.106 0-42.329 7.303-82.952 20.718-120.678l-0.781 2.517z",\n
Action.c(285):             "M592.854 42.936c1.36-0.636 2.952-1.007 4.631-1.007 0.097 0 0.194 0.001 0.29 0.004
Action.c(285):     l-0.014-0c6.714 0 12.156 5.442 12.156 12.156v0 0 461.257c0 6.714-5.442 12.156-12.156 12.15
Action.c(285):     6v0c-0.028 0-0.060 0-0.093 0-1.741 0-3.396-0.37-4.891-1.035l0.077 0.030c-90.415-44.529-151
Action.c(285):     .53-136.018-151.53-241.781s61.115-197.252 149.956-241.079l1.574-0.702z",\n
Action.c(285):             "M904.448 300.107c1.265 0.491 2.344 1.211 3.233 2.117l0.001 0.001c1.662 1.673 2.69
Action.c(285):      3.979 2.69 6.524s-1.028 4.851-2.691 6.525l0-0-247.58 247.022c-1.66 1.688-3.969 2.735-6.52
Action.c(285):     2 2.735-3.868 0-7.175-2.402-8.512-5.795l-0.022-0.062c-7.047-19.794-11.12-42.626-11.12-66.4
Action.c(285):     09 0-112.591 91.273-203.863 203.863-203.863 23.876 0 46.793 4.104 68.084 11.646l-1.426-0.4
Action.c(285):     4z"\n
Action.c(285):           ],\n
Action.c(285):           "attrs": [\n
Action.c(285):             {\n
Action.c(285):               "fill": "rgb(112, 40, 119)"\n
Action.c(285):             },\n
Action.c(285):             {\n
Action.c(285):               "fill": "rgb(112, 40, 119)"\n
Action.c(285):             },\n
Action.c(285):             {\n
Action.c(285):               "fill": "rgb(112, 40, 119)"\n
Action.c(285):             },\n
Action.c(285):             {\n
Action.c(285):               "fill": "rgb(112, 40, 119)"\n
Action.c(285):             },\n
Action.c(285):             {\n
Action.c(285):               "fill": "rgb(112, 40, 119)"\n
Action.c(285):             },\n
Action.c(285):             {\n
Action.c(285):               "fill": "rgb(112, 40, 119)"\n
Action.c(285):             },\n
Action.c(285):             {\n
Action.c(285):               "fill": "rgb(255, 255, 255)"\n
Action.c(285):             },\n
Action.c(285):             {\n
Action.c(285):               "fill": "rgb(247, 168, 0)"\n
Action.c(285):             },\n
Action.c(285):             {\n
Action.c(285):               "fill": "rgb(226, 35, 26)"\n
Action.c(285):             },\n
Action.c(285):             {\n
Action.c(285):               "fill": "rgb(113, 33, 119)"\n
Action.c(285):             },\n
Action.c(285):             {\n
Action.c(285):               "fill": "rgb(130, 188, 0)"\n
Action.c(285):             }\n
Action.c(285):           ],\n
Action.c(285):           "width": 3702,\n
Action.c(285):           "isMulticolor": true,\n
Action.c(285):           "grid": 32,\n
Action.c(285):           "tags": [\n
Action.c(285):             "gntl-logo"\n
Action.c(285):           ]\n
Action.c(285):         },\n
Action.c(285):         {\n
Action.c(285):           "paths": [\n
Action.c(285):             "M512 0l152.316 345.623 359.684 45.506-265.563 259.113 70.015 373.758-316.452-185.
Action.c(285):     497-316.428 185.497 69.992-373.758-265.563-259.113 359.708-45.506 152.292-345.623zM512.002
Action.c(285):      84.646l-128.848 292.416-308.673 39.049 227.995 222.457-59.572 318.118 269.096-157.75 269.
Action.c(285):     116 157.75-59.592-318.117 227.996-222.459-308.65-39.049-128.867-292.416z",\n
Action.c(285):             "M410.125 593.875c-0.525-0.525-0.525-1.050-0.525-2.1 0-2.625 2.1-4.725 4.725-4.725
Action.c(285):     v0h187.94c2.625 0 4.725 2.1 4.725 4.725 0 0.525 0 1.575-0.525 2.1v0c-17.849 36.748-55.
Action.c(285): t=46536ms: 7685-byte DECODED response body for "https://stage.peapod.com/shop/images/icons/PeapodIcons.json" (RelFrameId=1, Internal ID=25)
Action.c(285):     122 61.422-98.695 61.422-41.998 0.525-79.796-24.674-97.645-61.422z",\n
Action.c(285):             "M432.699 468.406c0-0.525 0.525-1.050 1.050-1.050 1.575-1.575 3.675-1.575 5.25 0v0
Action.c(285):     l99.745 99.745c1.575 1.575 1.575 3.675 0 5.25-0.525 0.525-1.050 0.525-1.050 1.050v0c-28.87
Action.c(285):     4 9.974-61.947 3.675-85.046-19.424-23.624-23.624-29.923-56.697-19.949-85.571z",\n
Action.c(285):             "M536.118 441.108c0.525 0 0.525 0 1.050 0 1.575 0 2.625 1.050 2.625 2.625v0 105.52
Action.c(285):     c0 1.575-1.050 2.625-2.625 2.625-0.525 0-0.525 0-1.050 0v0c-20.474-9.974-34.648-30.973-34.
Action.c(285):     648-55.122 0-24.674 14.174-45.673 34.648-55.647z",\n
Action.c(285):             "M606.99 499.905c0 0 0.525 0 0.525 0.525 1.050 1.050 1.050 2.1 0 3.15v0l-56.697 56
Action.c(285):     .697c-1.050 1.050-2.1 1.050-3.15 0 0 0-0.525-0.525-0.525-0.525v0c-5.775-16.274-2.1-35.173 
Action.c(285):     11.024-48.298 13.649-13.649 32.548-17.324 48.822-11.549z"\n
Action.c(285):           ],\n
Action.c(285):           "attrs": [\n
Action.c(285):             {\n
Action.c(285):               "fill": "rgb(255, 255, 255)"\n
Action.c(285):             },\n
Action.c(285):             {\n
Action.c(285):               "fill": "rgb(255, 255, 255)"\n
Action.c(285):             },\n
Action.c(285):             {\n
Action.c(285):               "fill": "rgb(255, 255, 255)"\n
Action.c(285):             },\n
Action.c(285):             {\n
Action.c(285):               "fill": "rgb(255, 255, 255)"\n
Action.c(285):             },\n
Action.c(285):             {\n
Action.c(285):               "fill": "rgb(255, 255, 255)"\n
Action.c(285):             }\n
Action.c(285):           ],\n
Action.c(285):           "grid": 32,\n
Action.c(285):           "tags": [\n
Action.c(285):             "flexible rewards mark"\n
Action.c(285):           ]\n
Action.c(285):         },\n
Action.c(285):         {\n
Action.c(285):           "paths": [\n
Action.c(285):             "M628.765 140.272l-1.89-140.272 459.381 507.020-456.734 516.85-1.89-136.113-627.63
Action.c(285):     1 5.293 1.512-747.108z",\n
Action.c(285):             "M118.721 770.549h-23.82v-139.894h33.65c26.844 0 40.834 11.343 40.834 41.212 0 22.
Action.c(285):     307-8.696 31.382-17.014 35.162l20.417 63.141h-24.576l-17.014-57.47c-3.025 0.378-7.94 0.756
Action.c(285):     -12.477 0.756v57.092zM118.721 693.419h8.696c12.855 0 17.77-4.915 17.77-21.551s-4.915-21.55
Action.c(285):     1-17.77-21.551h-8.696v43.102z",\n
Action.c(285):             "M185.265 770.549v-139.894h64.275v20.795h-40.078v35.919h31.003v20.795h-31.003v41.2
Action.c(285):     12h43.102v20.795h-67.3z",\n
Action.c(285):             "M310.791 630.656h19.661l16.258 88.851h0.378l13.233-88.851h22.307l-24.576 139.894h
Action.c(285):     -20.039l-17.392-92.254h-0.378l-16.258 92.254h-20.039l-26.466-139.894h22.307l14.746 88.851h
Action.c(285):     0.378z",\n
Action.c(285):             "M400.776 770.549h-23.064l25.71-139.894h29.869l25.71 139.894h-23.064l-4.159-31.003
Action.c(285):     h-26.466l-4.537 31.003zM408.716 718.751h19.283l-9.452-60.116h-0.378l-9.452 60.116z",\n
Action.c(285):             "M493.031 770.549h-23.82v-139.894h33.65c26.844 0 40.834 11.343 40.834 41.212 0 22.
Action.c(285):     307-8.696 31.382-17.014 35.162l20.417 63.141h-24.576l-17.014-57.848c-3.025 0.378-8.318 0.7
Action.c(285):     56-12.477 0.756v57.47zM493.031 693.419h8.696c12.855 0 17.77-4.915 17.77-21.551s-4.915-21.5
Action.c(285):     51-17.77-21.551h-8.696v43.102z",\n
Action.c(285):             "M559.197 630.656h35.541c24.954 0 37.809 13.611 37.809 42.346v55.201c0 28.735-13.2
Action.c(285):     33 42.346-37.809 42.346h-35.541v-139.894zM583.394 750.889h8.318c12.855 0 17.392-4.915 17.3
Action.c(285):     92-19.661v-61.251c0-14.746-4.537-19.661-17.392-19.661h-8.318v100.572z",\n
Action.c(285):             "M694.175 665.062c-1.134-12.099-7.184-15.502-12.855-15.502-7.562 0-12.099 4.915-12
Action.c(285):     .099 13.611 0 23.82 48.774 35.162 48.774 73.35 0 23.064-15.502 35.919-37.809 35.919s-35.16
Action.c(285):     2-17.77-35.919-38.565l22.685-3.403c1.134 13.989 6.428 21.173 14.367 21.173 8.318 0 13.989-
Action.c(285):     4.537 13.989-12.855 0-27.601-48.774-35.162-48.774-75.24 0-22.307 13.611-34.784 37.053-34.7
Action.c(285):     84 19.661 0 31.003 13.989 33.272 34.028l-22.685 2.269z",\n
Action.c(285):             "M717.239 605.702v-28.735h-58.982v-56.336h42.724v-28.735h-42.724v-49.53h55.201v-28
Action.c(285):     .735h-88.473v192.070h92.254zM605.324 477.907v-13.989c0-28.735-15.88-52.555-48.774-52.555-3
Action.c(285):     4.406 0-50.664 21.929-50.664 49.152v99.060c0 27.223 15.88 49.152 50.664 49.152 32.894 0 48
Action.c(285):     .774-21.929 48.774-49.152v-21.929h-32.894v23.064c0 12.477-4.159 19.283-15.88 19.283-13.233
Action.c(285):      0-17.392-6.806-17.392-21.173v-97.169c0-14.367 4.159-21.173 17.392-21.173 8.318 0 15.88 6.
Action.c(285):     806 15.88 23.064v14.746h32.894v-0.378z",\n
Action.c(285):             "M454.087 413.632h32.894v192.070h-32.894v-192.070z",\n
Action.c(285):             "M367.126 460.893c0-14.367 4.159-21.173 17.392-21.173s17.392 6.806 17.392 21.173v9
Action.c(285):     7.169c0 14.367-4.159 21.173-17.392 21.173s-17.392-6.806-17.392-21.173v-97.169zM334.232 559
Action.c(285):     .197c0 27.223 15.88 49.152 50.664 49.152s50.664-21.929 50.664-49.152v-99.060c0-27.223-15.8
Action.c(285):     8-49.152-50.664-49.152s-50.664 21.929-50.664 49.152v99.060zM246.137 605.702v-85.070h35.162
Action.c(285):     v85.070h32.894v-192.070h-32.894v78.265h-35.162v-78.265h-32.894v192.070h32.894zM193.204 477
Action.c(285):     .907v-13.989c0-28.735-15.88-52.555-48.774-52.555-34.406 0-50.664 21.929-50.664 49.152v99.0
Action.c(285):     60c0 27.223 15.88 49.152 50.664 49.152 32.894 0 48.774-21.929 48.774-49.152v-21.929h-32.89
Action.c(285):     4v23.064c0 12.477-4.159 19.283-15.88 19.283-13.233 0-17.392-6.806-17.392-21.173v-97.169c0-
Action.c(285):     14.367 4.159-21.173 17.392-21.173 8.318 0 15.88 6.806 15.88 23.064v14.746h32.894v-0.378z",
Action.c(285):     \n
Action.c(285):             "M703.249 374.31c0-2.269-1.512-3.403-4.159-3.403h-4.537v12.099h1.89v-5.293h2.269l3
Action.c(285):     .025 5.293h1.89l-3.403-5.293c1.512-0.378 3.025-1.134 3.025-3.403v0zM696.065 376.201v-3.781
Action.c(285):     h2.647c1.134 0 2.647 0.378 2.647 1.89 0 1.89-1.512 1.89-3.025 1.89h-2.269z",\n
Action.c(285):             "M698.334 366.748c-5.671 0-10.587 4.537-10.587 10.208 0 6.049 4.915 10.587 10.587 
Action.c(285):     10.587s10.587-4.537 10.587-10.587c0-6.049-4.915-10.208-10.587-10.208zM698.334 385.653c-4.9
Action.c(285):     15 0-8.318-3.781-8.318-8.696s3.781-8.696 8.318-8.696c4.537 0 8.318 3.781 8.318 8.696s-3.78
Action.c(285):     1 8.696-8.318 8.696z",\n
Action.c(285):             "M134.978 316.462v0c0.756-5.671 4.159-12.099 8.318-17.014 2.269-2.269 4.537-4.159 
Action.c(285):     6.806-5.671s4.537-2.269 6.428-1.89h75.24v-39.321h-72.972c-1.134 0-2.269 0-3.025 0-8.318 0-
Action.c(285):     15.88 1.134-23.064 3.781s-13.989 7.184-20.795 13.611v0 0c-13.989 13.611-20.039 31.76-20.03
Action.c(285):     9 49.152 0 7.94 1.134 15.88 3.781 23.442 3.781 11.721 11.343 22.307 20.795 30.625s20.795 1
Action.c(285):     3.611 32.516 14.746v0h82.424v-70.325h-40.456v31.382h-36.297c-2.647 0-4.915-1.134-7.562-3.0
Action.c(285):     25-3.403-2.647-6.806-7.562-9.074-12.477s-3.403-10.587-3.403-14.367c0.378-1.134 0.378-1.89 
Action.c(285):     0.378-2.647v0z",\n
Action.c(285):             "M455.6 384.14l-52.177-111.915-5.293-10.587c-3.781-6.806-11.343-10.965-18.526-12.4
Action.c(285):     77-1.512-0.378-3.403-0.378-4.915-0.378-4.537 0-9.074 1.134-12.855 3.403-4.159 1.89-7.562 4
Action.c(285):     .915-9.83 8.696v0 0c-0.378 0.756-0.756 1.512-1.512 2.647-2.647 4.537-7.184 14.746-12.477 2
Action.c(285):     6.844-16.636 37.053-41.59 95.279-41.59 95.279l-1.134 2.269h45.371l34.406-86.205 19.661 46.
Action.c(285):     127h-28.357v39.7h86.583c0.756 0 1.134 0 1.512 0s0.756 0 1.134-0.378c0.378 0 0.378-0.378 0.
Action.c(285):     378-0.756s0-0.756 0-0.756c0-0.756 0-1.134-0.378-1.512z",\n
Action.c(285):             "M552.769 251.809v69.569l-39.7-59.738c-1.512-2.647-3.403-4.915-5.671-6.806s-4.915-
Action.c(285):     3.403-7.562-4.537v0 0c-3.781-1.512-7.184-2.269-10.587-2.269-6.806 0-13.233 2.647-17.392 6.
Action.c(285):     049s-6.806 8.318-8.696 13.233c-1.89 4.915-2.647 9.83-2.647 13.233v105.865h40.456v-70.703l4
Action.c(285):     6.505 70.703h45.749v-1.512c0 0 0-62.007 0-94.145h40.456v96.035h43.859v-94.901h40.456v-40.0
Action.c(285):     78h-165.226z",\n
Action.c(285):             "M243.869 388.678h44.615v-136.869h-44.615z"\n
Action.c(285):           ],\n
Action.c(285):           "attrs": [\n
Action.c(285):             {\n
Action.c(285):               "fill": "rgb(255, 255, 255)"\n
Action.c(285):             },\n
Action.c(285):             {\n
Action.c(285):               "fill": "rgb(234, 0, 41)"\n
Action.c(285):             },\n
Action.c(285):             {\n
Action.c(285):               "fill": "rgb(234, 0, 41)"\n
Action.c(285):             },\n
Action.c(285):             {\n
Action.c(285):               "fill": "rgb(234, 0, 41)"\n
Action.c(285):             },\n
Action.c(285):             {\n
Action.c(285):               "fill": "rgb(234, 0, 41)"\n
Action.c(285):             },\n
Action.c(285):             {\n
Action.c(285):               "fill": "rgb(234, 0, 41)"\n
Action.c(285):             },\n
Action.c(285):             {\n
Action.c(285):               "fill": "rgb(234, 0, 41)"\n
Action.c(285):             },\n
Action.c(285):             {\n
Action.c(285):               "fill": "rgb(234, 0, 41)"\n
Action.c(285):             },\n
Action.c(285):             {\n
Action.c(285):               "fill": "rgb(0, 0, 0)"\n
Action.c(285):             },\n
Action.c(285):             {\n
Action.c(285):               "fill": "rgb(0, 0, 0)"\n
Action.c(285):             },\n
Action.c(285):             {\n
Action.c(285):               "fill": "rgb(0, 0, 0)"\n
Action.c(285):             },\n
Action.c(285):             {\n
Action.c(285):               "fill": "rgb(234, 0, 41)"\n
Action.c(285):             },\n
Action.c(285):             {\n
Action.c(285):               "fill": "rgb(234, 0, 41)"\n
Action.c(285):             },\n
Action.c(285):             {\n
Action.c(285):               "fill": "rgb(234, 0, 41)"\n
Action.c(285):             },\n
Action.c(285):             {\n
Action.c(285):               "fill": "rgb(234, 0, 41)"\n
Action.c(285):             },\n
Action.c(285):             {\n
Action.c(285):               "fill": "rgb(234, 0, 41)"\n
Action.c(285):             },\n
Action.c(285):             {\n
Action.c(285):               "fill": "rgb(234, 0, 41)"\n
Action.c(285):             }\n
Action.c(285):           ],\n
Action.c(285):           "width": 1086,\n
Action.c(285):           "isMulticolor": true,\n
Action.c(285):           "grid": 32,\n
Action.c(285):           "tags": [\n
Action.c(285):             "giant choice rewards logo"\n
Action.c(285):           ]\n
Action.c(285):         },\n
Action.c(285):         {\n
Action.c(285):           "paths": [\n
Action.c(285):             "M512 1024c-28
Action.c(285): t=46564ms: 1369-byte ENCODED response body received for "https://stage.peapod.com/shop/images/icons/PeapodIcons.json" (RelFrameId=1, Internal ID=25)
Action.c(285): t=46565ms: 3059-byte DECODED response body for "https://stage.peapod.com/shop/images/icons/PeapodIcons.json" (RelFrameId=1, Internal ID=25)
Action.c(285):     2.772 0-512-229.228-512-512s229.228-512 512-512c282.772 0 512 229.228 512 512s-229.228 512
Action.c(285):     -512 512z",\n
Action.c(285):             "M365.334 492.066h111.209v125.051c-15.002 12.991-32.527 23.015-52.576 30.078-20.05
Action.c(285):     4 7.069-42.915 10.604-68.583 10.604-23.657 0-44.791-3.683-63.395-11.036-18.605-7.359-34.39
Action.c(285):     7-17.667-47.375-30.942-12.985-13.263-22.873-29.135-29.647-47.597-6.779-18.457-10.166-38.79
Action.c(285):     5-10.166-61.014 0-21.634 3.603-41.682 10.814-60.145 7.211-18.457 17.457-34.545 30.726-48.2
Action.c(285):     51 13.263-13.694 28.987-24.446 47.16-32.237 18.179-7.785 38.369-11.677 60.583-11.677 26.24
Action.c(285):     8 0 49.257 4.83 69.021 14.49 19.752 9.672 36.13 23.151 49.109 40.46l-44.137 41.972c-9.235-
Action.c(285):     10.962-19.4-19.9-30.504-26.828-11.11-6.921-24.736-10.388-40.892-10.388-13.275 0-25.094 2.4
Action.c(285):     61-35.482 7.359-10.388 4.91-19.185 11.542-26.396 19.906-7.211 8.371-12.695 18.173-16.44 29
Action.c(285):     .425-3.757 11.252-5.626 23.225-5.626 35.914 0 13.849 2.165 26.396 6.489 37.647s10.388 20.8
Action.c(285):     44 18.173 28.777c7.791 7.933 16.945 14.058 27.475 18.395 10.53 4.324 21.997 6.483 34.403 6
Action.c(285):     .483 11.535 0 22.065-1.363 31.584-4.108 9.524-2.739 18.031-7.137 25.538-13.201v-36.346h-51
Action.c(285):     .064v-52.792z",\n
Action.c(285):             "M667.796 596.779c12.689 0 24.083-2.443 34.187-7.353 10.092-4.898 18.673-11.529 25
Action.c(285):     .742-19.906 7.069-8.359 12.479-18.025 16.23-28.987 3.744-10.962 5.626-22.645 5.626-35.050s
Action.c(285):     -1.881-24.083-5.626-35.050c-3.751-10.962-9.16-20.554-16.23-28.777s-15.65-14.712-25.742-19.
Action.c(285):     475c-10.104-4.762-21.498-7.137-34.187-7.137-12.695 0-24.163 2.375-34.403 7.137-10.246 4.76
Action.c(285):     2-18.895 11.252-25.964 19.475s-12.479 17.815-16.217 28.777c-3.757 10.968-5.632 22.645-5.63
Action.c(285):     2 35.050s1.875 24.089 5.632 35.050c3.738 10.962 9.148 20.628 16.217 28.987 7.069 8.377 15.
Action.c(285):     718 15.008 25.964 19.906 10.24 4.91 21.708 7.353 34.403 7.353zM667.796 658.232c-21.35 0-41
Action.c(285):     .182-3.899-59.497-11.683-18.327-7.791-34.187-18.463-47.597-32.022-13.417-13.559-23.953-29.
Action.c(285):     647-31.59-48.245-7.643-18.611-11.468-38.579-11.468-59.935 0-21.634 3.825-41.682 11.468-60.
Action.c(285):     151 7.637-18.457 18.173-34.464 31.59-48.029 13.411-13.553 29.27-24.231 47.597-32.022 18.31
Action.c(285):     5-7.791 38.147-11.683 59.497-11.683s41.17 3.892 59.497 11.683c18.315 7.791 34.187 18.469 4
Action.c(285):     7.597 32.022 13.417 13.565 23.947 29.573 31.59 48.029 7.637 18.469 11.461 38.517 11.461 60
Action.c(285):     .151 0 21.356-3.825 41.324-11.461 59.935-7.643 18.599-18.173 34.686-31.59 48.245-13.411 13
Action.c(285):     .559-29.283 24.231-47.597 32.022-18.327 7.785-38.147 11.683-59.497 11.683v0z",\n
Action.c(285):             "M239.776 748.134c3.788 0 6.761-1.123 8.926-3.387 2.165-2.245 3.245-5.083 3.245-8.
Action.c(285):     507 0-3.701-1.080-6.631-3.245-8.797s-5.139-3.245-8.926-3.245h-12.572v23.934h12.572zM207.32
Action.c(285):     9 707.433h33.533c5.225 0 9.821 0.746 13.793 2.233 3.96 1.48 7.273 3.51 9.938 6.082 2.659 2
Action.c(285):     .566 4.639 5.57 5.947 8.988 1.308 3.43 1.962 7.088 1.962 10.956 0 5.86-1.283 10.98-3.855 1
Action.c(285):     5.348-2.572 4.374-6.193 7.865-10.882 10.481l20.011 36.105h-22.448l-16.766-33.126h-11.357v3
Action.c(285):     3.126h-19.875v-90.192z",\n
Action.c(285):             "M289.403 707.433h61.662v17.846h-41.244v17.587h32.046v17.303h-32.046v19.475h44.217
Action.c(285):     v17.982h-64.635v-90.192z",\n
Action.c(285):             "M360.8 707.433h21.905l13.256 65.314 15.823-62.883h18.525l15.952 62.883 13.115-65.
Action.c(285):     314h21.097l-22.991 9
Action.c(285): t=46571ms: 12288-byte ENCODED response body received for "https://stage.peapod.com/shop/images/icons/PeapodIcons.json" (RelFrameId=1, Internal ID=25)
Action.c(285): t=46571ms: 12288-byte DECODED response body for "https://stage.peapod.com/shop/images/icons/PeapodIcons.json" (RelFrameId=1, Internal ID=25)
Action.c(285):     0.192h-21.498l-15.416-58.954-15.687 58.954h-21.498l-22.584-90.192z",\n
Action.c(285):             "M530.907 761.119l-10.949-34.082-11.227 34.082h22.176zM509.409 707.433h22.584l32.9
Action.c(285):     96 90.192h-22.318l-6.897-20.69h-31.775l-6.897 20.69h-21.362l33.669-90.192z",\n
Action.c(285):             "M607.17 748.134c3.794 0 6.761-1.123 8.932-3.387 2.159-2.245 3.239-5.083 3.239-8.5
Action.c(285):     07 0-3.701-1.080-6.631-3.239-8.797-2.171-2.165-5.139-3.245-8.932-3.245h-12.572v23.934h12.5
Action.c(285):     72zM574.723 707.433h33.533c5.225 0 9.827 0.746 13.793 2.233 3.96 1.48 7.273 3.51 9.938 6.0
Action.c(285):     82 2.659 2.566 4.645 5.57 5.953 8.988 1.308 3.43 1.955 7.088 1.955 10.956 0 5.86-1.283 10.
Action.c(285):     98-3.849 15.348-2.572 4.374-6.2 7.865-10.888 10.481l20.017 36.105h-22.448l-16.773-33.126h-
Action.c(285):     11.357v33.126h-19.875v-90.192z",\n
Action.c(285):             "M689.664 779.508c9.006 0 15.946-2.375 20.819-7.1 4.873-4.738 7.304-11.245 7.304-1
Action.c(285):     9.542 0-4.145-0.568-7.908-1.69-11.289-1.129-3.38-2.838-6.267-5.139-8.655s-5.206-4.238-8.71
Action.c(285):     6-5.546c-3.522-1.308-7.711-1.955-12.578-1.955h-12.442v54.087h12.442zM656.797 707.433h34.08
Action.c(285):     2c6.94 0 13.361 0.901 19.265 2.702 5.903 1.807 10.999 4.552 15.28 8.248 4.287 3.701 7.618 
Action.c(285):     8.433 10.006 14.2s3.584 12.578 3.584 20.418c0 7.483-1.215 13.997-3.646 19.542-2.437 5.546-
Action.c(285):     5.799 10.191-10.073 13.923-4.287 3.751-9.383 6.545-15.286 8.389s-12.331 2.77-19.271 2.77h-
Action.c(285):     33.94v-90.192z",\n
Action.c(285):             "M759.839 770.718c1.172 1.265 2.548 2.554 4.121 3.849 1.579 1.308 3.337 2.511 5.28
Action.c(285):      3.59 1.937 1.080 4.053 1.962 6.348 2.634 2.301 0.679 4.762 1.012 7.378 1.012 1.53 0 3.060
Action.c(285):     -0.222 4.596-0.672s2.93-1.104 4.189-1.955c1.265-0.864 2.276-1.9 3.041-3.115 0.771-1.221 1.
Action.c(285):     154-2.591 1.154-4.121 0-3.337-1.629-5.928-4.867-7.779-3.245-1.851-8.383-3.677-15.416-5.478
Action.c(285):     -3.43-0.814-6.6-1.98-9.537-3.516-2.93-1.53-5.453-3.38-7.575-5.539-2.11-2.171-3.763-4.645-4
Action.c(285):     .929-7.446-1.178-2.794-1.758-5.903-1.758-9.327 0-3.788 0.672-7.347 2.029-10.684 1.345-3.33
Action.c(285):     1 3.399-6.286 6.15-8.852 2.745-2.572 6.175-4.602 10.277-6.095 4.102-1.48 8.945-2.227 14.53
Action.c(285):     3-2.227 4.596 0 8.655 0.475 12.171 1.425 3.516 0.944 6.508 2.073 8.994 3.374 2.474 1.308 4
Action.c(285):     .509 2.659 6.082 4.059 1.579 1.4 2.776 2.504 3.584 3.313l-11.764 12.979c-0.993-0.808-2.141
Action.c(285):     -1.69-3.448-2.628-1.308-0.95-2.77-1.826-4.392-2.64s-3.405-1.487-5.342-2.029c-1.937-0.543-3
Action.c(285):     .991-0.808-6.15-0.808-1.443 0-2.868 0.222-4.263 0.672-1.4 0.45-2.659 1.061-3.781 1.82-1.12
Action.c(285):     9 0.771-2.036 1.678-2.708 2.708-0.672 1.043-1.012 2.141-1.012 3.313 0 3.072 1.622 5.546 4.
Action.c(285):     861 7.439 3.245 1.888 7.711 3.473 13.392 4.731 3.337 0.808 6.6 1.918 9.802 3.313 3.195 1.4
Action.c(285):      6.058 3.226 8.587 5.478 2.523 2.252 4.552 5.027 6.088 8.315 1.53 3.294 2.295 7.279 2.295 
Action.c(285):     11.967 0 4.059-0.907 7.803-2.708 11.227s-4.256 6.403-7.365 8.926c-3.109 2.523-6.761 4.478-
Action.c(285):     10.949 5.879-4.195 1.4-8.723 2.097-13.596 2.097-4.503 0-8.605-0.432-12.307-1.283-3.695-0.8
Action.c(285):     64-7.026-1.98-10.006-3.387-2.973-1.394-5.657-2.992-8.038-4.793-2.393-1.801-4.448-3.658-6.1
Action.c(285):     56-5.546l13.115-14.2z",\n
Action.c(285):             "M260.010 200.897c0 15.249-12.362 27.605-27.605 27.605-15.249 0-27.605-12.356-27.6
Action.c(285):     05-27.605s12.356-27.605 27.605-27.605c15.243 0 27.605 12.356 27.605 27.605z",\n
Action.c(285):             "M260.010 263.33c0 15.243-12.362 27.605-27.605 27.605-15.249 0-27.605-12.362-27.60
Action.c(285):     5-27.605 0-15.249 12.356-27.611 27.605-27.611 15.243 0 27.605 12.362 27.605 27.611z",\n
Action.c(285):             "M272.921 252.535l9.037-10.789c5.854 4.602 12.208 7.026 18.981 7.026 4.435 0 6.779
Action.c(285):     -1.505 6.779-4.016v-0.167c0-2.511-1.925-3.763-9.956-5.688-12.461-2.844-22.078-6.36-22.078-
Action.c(285):     18.315v-0.173c0-10.869 8.618-18.734 22.664-18.734 9.956 0 17.735 2.677 24.089 7.779l-8.112
Action.c(285):      11.461c-5.354-3.849-11.208-5.774-16.39-5.774-3.936 0-5.86 1.592-5.86 3.763v0.173c0 2.671 
Action.c(285):     2.011 3.843 10.209 5.688 13.38 2.924 21.745 7.273 21.745 18.228v0.167c0 11.961-9.45 19.074
Action.c(285):     -23.669 19.074-10.376 0-20.159-3.263-27.438-9.703z",\n
Action.c(285):             "M347.778 216.905h-18.833v-14.219h53.976v14.219h-18.919v44.328h-16.224v-44.328z",\n
Action.c(285):             "M432.813 232.129v-0.167c0-8.531-6.021-15.81-14.971-15.81s-14.885 7.193-14.885 15.
Action.c(285):     638v0.173c0 8.445 6.107 15.804 15.052 15.804 8.864 0 14.805-7.193 14.805-15.638zM386.393 2
Action.c(285):     32.129v-0.167c0-16.816 13.553-30.449 31.614-30.449 18.068 0 31.448 13.466 31.448 30.276v0.
Action.c(285):     173c0 16.81-13.546 30.442-31.614 30.442-18.062 0-31.448-13.466-31.448-30.276v0z",\n
Action.c(285):             "M481.767 231.79c5.688 0 9.284-3.091 9.284-7.692v-0.167c0-5.021-3.596-7.612-9.364-
Action.c(285):     7.612h-7.692v15.471h7.773zM457.765 202.686h25.174c14.718 0 24.255 7.612 24.255 20.492v0.16
Action.c(285):     7c0 13.886-10.622 21.159-25.088 21.159h-8.112v16.729h-16.23v-58.547z",\n
Action.c(285):             "M569.387 252.535l9.037-10.789c5.848 4.602 12.214 7.026 18.981 7.026 4.435 0 6.779
Action.c(285):     -1.505 6.779-4.016v-0.167c0-2.511-1.925-3.763-9.95-5.688-12.467-2.844-22.084-6.36-22.084-1
Action.c(285):     8.315v-0.173c0-10.869 8.611-18.734 22.664-18.734 9.956 0 17.735 2.677 24.089 7.779l-8.118 
Action.c(285):     11.461c-5.348-3.849-11.202-5.774-16.39-5.774-3.929 0-5.854 1.592-5.854 3.763v0.173c0 2.671
Action.c(285):      2.011 3.843 10.203 5.688 13.386 2.924 21.751 7.273 21.751 18.228v0.167c0 11.961-9.457 19.
Action.c(285):     074-23.669 19.074-10.376 0-20.159-3.263-27.438-9.703z",\n
Action.c(285):             "M629.6 202.686h16.23v21.911h18.814v-21.911h16.23v58.547h-16.23v-22.25h-18.814v22.
Action.c(285):     25h-16.23v-58.547z",\n
Action.c(285):             "M736.015 232.129v-0.167c0-8.531-6.014-15.81-14.971-15.81-8.945 0-14.885 7.193-14.
Action.c(285):     885 15.638v0.173c0 8.445 6.107 15.804 15.058 15.804 8.864 0 14.799-7.193 14.799-15.638zM68
Action.c(285):     9.602 232.129v-0.167c0-16.816 13.546-30.449 31.614-30.449 18.062 0 31.442 13.466 31.442 30
Action.c(285):     .276v0.173c0 16.81-13.546 30.442-31.614 30.442-18.062 0-31.442-13.466-31.442-30.276v0z",\n
Action.c(285):             "M784.976 231.79c5.688 0 9.284-3.091 9.284-7.692v-0.167c0-5.021-3.596-7.612-9.37-7
Action.c(285):     .612h-7.692v15.471h7.779zM760.974 202.686h25.168c14.725 0 24.261 7.612 24.261 20.492v0.167
Action.c(285):     c0 13.886-10.629 21.159-25.1 21.159h-8.106v16.729h-16.224v-58.547z",\n
Action.c(285):             "M539.636 222.389c0-1.277-0.426-2.369-1.277-3.263-0.857-0.901-2.011-1.351-3.479-1.
Action.c(285):     351-1.376 0-2.517 0.444-3.442 1.314-0.919 0.876-1.265 2.073-1.265 3.325 0 1.123 0.315 2.20
Action.c(285):     2 0.938 3.232 0.623 1.036 1.474 2.282 2.708 3.276 1.61-0.66 2.973-1.536 4.115-2.628 1.135-
Action.c(285):     1.086 1.703-2.387 1.703-3.905zM530.531 240.179c-1.332 0.555-2.504 1.308-3.485 2.301-1.141 
Action.c(285):     1.166-1.678 2.375-1.678 4.269 0 0.993 0.105 1.567 0.531 2.375 0.413 0.814 0.956 1.493 1.61
Action.c(285):     6 2.060 0.666 0.568 1.419 0.993 2.258 1.289 0.827 0.29 1.48 0.358 2.406 0.358 1.696 0 2.77
Action.c(285):     -0.308 4.053-0.987 1.228-0.642 2.184-1.419 3.060-2.56l-8.76-9.105zM551.128 261.233l-4.429-
Action.c(285):     4.398c-1.585 1.635-3.368 3.047-5.755 4.133-2.455 1.123-5.33 1.875-9.012 1.875-2.387 0-4.71
Action.c(285):     9-0.296-7.001-0.894-2.289-0.598-4.398-1.807-6.163-3.078-1.764-1.265-3.152-3.115-4.219-4.98
Action.c(285):     4s-1.604-4.084-1.604-6.637c0-1.752 0.296-3.362 0.894-4.83 0.592-1.462 1.406-2.77 2.424-3.9
Action.c(285):     05s2.202-2.128 3.535-2.979c1.345-0.857 2.739-1.653 4.108-2.27-1.561-1.511-2.788-3.239-3.75
Action.c(285):     1-5.108-0.975-1.875-1.456-3.948-1.456-6.212 0-2.369 0.364-4.454 1.339-6.15 0.981-1.696 2.2
Action.c(285):     39-3.097 3.781-4.195 1.542-1.092 3.276-1.894 5.2-2.393 1.937-0.493 3.849-0.746 5.762-0.746
Action.c(285):      1.955 0 3.886 0.259 5.799 0.79 1.9 0.518 3.596 1.332 5.095 2.43 1.487 1.098 2.653 2.597 3
Action.c(285):     .572 4.269 0.907 1.678 1.363 3.677 1.363 5.996 0 1.672-0.197 3.263-0.74 4.62s-1.258 2.554-
Action.c(285):     2.233 3.64c-1.024 1.147-1.857 2.097-3.362 3.202-1.24 0.919-2.147 1.511-3.516 2.221l5.749 5
Action.c(285):     .743 4.842-7.112h13.522l-10.894 14.62 12.788 12.356h-15.638z",\n
Action.c(285):             "M807.609 255.959h0.734c0.857 0 1.555-0.284 1.555-0.981 0-0.611-0.45-1.018-1.431-1
Action.c(285):     .018-0.407 0-0.691 0.037-0.857 0.080v1.918zM807.572 259.759h-1.555v-6.699c0.611-0.123 1.46
Action.c(285):     8-0.204 2.572-0.204 1.271 0 1.838 0.204 2.332 0.487 0.358 0.29 0.648 0.82 0.648 1.474 0 0.
Action.c(285):     734-0.574 1.308-1.382 1.548v0.086c0.648 0.241 1.018 0.734 1.221 1.629 0.204 1.024 0.327 1.
Action.c(285):     431 0.487 1.678h-1.678c-0.197-0.247-0.321-0.857-0.524-1.635-0.123-0.734-0.531-1.061-1.388-
Action.c(285):     1.061h-0.734v2.696zM803.445 256.242c0 2.979 2.202 5.348 5.231 5.348 2.936 0 5.101-2.369 5.
Action.c(285):     101-5.305 0-2.979-2.165-5.391-5.145-5.391-2.986 0-5.188 2.412-5.188 5.348zM815.493 256.242
Action.c(285):     c0 3.8-2.979 6.779-6.86 6.779-3.837 0-6.897-2.979-6.897-6.779 0-3.714 3.060-6.693 6.897-6.
Action.c(285):     693 3.88 0 6.86 2.979 6.86 6.693v0z"\n
Action.c(285):           ],\n
Action.c(285):           "attrs": [\n
Action.c(285):             {\n
Action.c(285):               "fill": "rgb(35, 31, 32)"\n
Action.c(285):             },\n
Action.c(285):             {\n
Action.c(285):               "fill": "rgb(255, 255, 255)"\n
Action.c(285):             },\n
Action.c(285):             {\n
Action.c(285):               "fill": "rgb(255, 255, 255)"\n
Action.c(285):             },\n
Action.c(285):             {\n
Action.c(285):               "fill": "rgb(255, 255, 255)"\n
Action.c(285):             },\n
Action.c(285):             {\n
Action.c(285):               "fill": "rgb(255, 255, 255)"\n
Action.c(285):             },\n
Action.c(285):             {\n
Action.c(285):               "fill": "rgb(255, 255, 255)"\n
Action.c(285):             },\n
Action.c(285):             {\n
Action.c(285):               "fill": "rgb(255, 255, 255)"\n
Action.c(285):             },\n
Action.c(285):             {\n
Action.c(285):               "fill": "rgb(255, 255, 255)"\n
Action.c(285):             },\n
Action.c(285):             {\n
Action.c(285):               "fill": "rgb(255, 255, 255)"\n
Action.c(285):             },\n
Action.c(285):             {\n
Action.c(285):               "fill": "rgb(255, 255, 255)"\n
Action.c(285):             },\n
Action.c(285):             {\n
Action.c(285):               "fill": "rgb(231, 0, 76)"\n
Action.c(285):             },\n
Action.c(285):             {\n
Action.c(285):               "fill": "rgb(134, 195, 0)"\n
Action.c(285):             },\n
Action.c(285):             {\n
Action.c(285):               "fill": "rgb(255, 255, 255)"\n
Action.c(285):             },\n
Action.c(285):             {\n
Action.c(285):               "fill": "rgb(255, 255, 255)"\n
Action.c(285):             },\n
Action.c(285):             {\n
Action.c(285):               "fill": "rgb(255, 255, 255)"\n
Action.c(285):             },\n
Action.c(285):             {\n
Action.c(285):               "fill": "rgb(255, 255, 255)"\n
Action.c(285):             },\n
Action.c(285):             {\n
Action.c(285):               "fill": "rgb(255, 255, 255)"\n
Action.c(285):             },\n
Action.c(285):             {\n
Action.c(285):               "fill": "rgb(255, 255, 255)"\n
Action.c(285):             },\n
Action.c(285):             {\n
Action.c(285):               "fill": "rgb(255, 255, 255)"\n
Action.c(285):             },\n
Action.c(285):             {\n
Action.c(285):               "fill": "rgb(255, 255, 255)"\n
Action.c(285):             },\n
Action.c(285):             {\n
Action.c(285):               "fill": "rgb(255, 255, 255)"\n
Action.c(285):             },\n
Action.c(285):             {\n
Action.c(285):               "fill": "rgb(255, 255, 255)"\n
Action.c(285):             }\n
Action.c(285):           ],\n
Action.c(285):           "isMulticolor": true,\n
Action.c(285):           "grid": 32,\n
Action.c(285):           "tags": [\n
Action.c(285):             "go rewards logo"\n
Action.c(285):           ]\n
Action.c(285):         },\n
Action.c(285):         {\n
Action.c(285):           "paths": [\n
Action.c(285):             "M629.754 141.115l-1.9-140.279 458.576 506.273-455.878 516.269-2.204-136.174-626.4
Action.c(285):     09 5.435 1.368-746.051z",\n
Action.c(285):             "M119.988 653.561v43.292h8.58c13.065 0 17.941-4.875 17.941-21.646s-4.875-21.646-17
Action.c(285):     .941-21.646h-8.58zM119.988 716.744v57.722h-24.181v-140.795h33.931c27.106 0 40.951 11.505 4
Action.c(285):     0.951 41.537 0 22.621-8.775 31.786-16.966 35.491l20.476 63.767h-24.571l-17.161-58.307c-3.1
Action.c(285):     2 0.39-8.19 0.585-12.48 0.585z",\n
Action.c(285):             "M119.988 653.561v43.292h8.58c13.065 0 17.941-4.875 17.941-21.646s-4.875-21.646-17
Action.c(285):     .941-21.646h-8.58zM119.988 716.744v57.722h-24.181v-140.795h33.931c27.106 0 40.951 11.505 4
Action.c(285):     0.951 41.537 0 22.621-8.775 31.786-16.966 35.491l20.476 63.767h-24.571l-17.161-58.307c-3.1
Action.c(285):     2 0.39-8.19 0.585-12.48 0.585z",\n
Action.c(285):             "M254.151 774.466h-67.472v-140.795h64.742v21.061h-40.561v36.271h31.201v21.061h-31.
Action.c(285):     201v41.342h43.292z",\n
Action.c(285):             "M254.151 774.466h-67.472v-140.795h64.742v21.061h-40.561v36.271h31.201v21.061h-31.
Action.c(285):     201v41.342h43.292z",\n
Action.c(285):             "M297.22 723.374l15.796-89.703h19.891l16.381 89.703h0.39l13.455-89.703h22.621l-24.
Action.c(285):     766 140.795h-20.281l-17.551-93.018h-0.39l-16.381 93.018h-20.281l-26.716-140.795h22.621l14.
Action.c(285):     821 89.703z",\n
Action.c(285):             "M297.22 723.374l15.796-89.703h19.891l16.381 89.703h0.39l13.455-89.703h22.621l-24.
Action.c(285):     766 140.795h-20.281l-17.551-93.018h-0.39l-16.381 93.018h-20.281l-26.716-140.795h22.621l14.
Action.c(285):     821 89.703z",\n
Action.c(285):             "M421.253 661.752l-9.555 60.452h19.501l-9.555-60.452h-0.39zM408.187 743.265l-4.29 
Action.c(285):     31.201h-23.401l25.936-140.795h30.031l25.936 140.795h-23.401l-4.29-31.201h-26.521z",\n
Action.c(285):             "M421.253 661.752l-9.555 60.452h19.501l-9.555-60.452h-0.39zM408.187 743.265l-4.29 
Action.c(285):     31.201h-23.401l25.936-140.795h30.031l25.936 140.795h-23.401l-4.29-31.201h-26.521z",\n
Action.c(285):             "M496.7 653.561v43.292h8.58c13.065 0 17.941-4.875 17.941-21.646s-4.875-21.646-17.9
Action.c(285):     41-21.646h-8.58zM496.7 716.744v57.722h-24.181v-140.795h33.931c27.106 0 40.951 11.505 40.95
Action.c(285):     1 41.537 0 22.621-8.775 31.786-16.966 35.491l20.476 63.767h-24.571l-17.161-58.307c-3.12 0.
Action.c(285):     39-8.19 0.585-12.48 0.585z",\n
Action.c(285):             "M496.7 653.561v43.292h8.58c13.065 0 17.941-4.875 17.941-21.646s-4.875-21.646-17.9
Action.c(285):     41-21.646h-8.58zM496.7 716.744v57.722h-24.181v-140.795h33.931c27.106 0 40.951 11.505 40.95
Action.c(285):     1 41.537 0 22.621-8.775 31.786-16.966 35.491l20.476 63.767h-24.571l-17.161-58.307c-3.12 0.
Action.c(285):     39-8.19 0.585-12.48 0.585z",\n
Action.c(285):             "M583.695 653.561v101.014h8.385c12.87 0 17.356-4.875 17.356-19.696v-61.622c0-14.82
Action.c(285):     1-4.485-19.696-17.356-19.696h-8.385zM559.514 774.466v-140.795h35.881c24.961 0 38.221 13.65
Action.c(285):      38.221 42.512v55.772c0 28.861-13.26 42.512-38.221 42.512h-35.881z",\n
Action.c(285):             "M583.695 653.561v101.014h8.385c12.87 0 17.356-4.875 17.356-19.696v-61.622c0-14.82
Action.c(285):     1-4.485-19.696-17.356-19.696h-8.385zM559.514 774.466v-140.795h35.881c24.961 0 38.221 13.65
Action.c(285):      38.221 42.512v55.772c0 28.861-13.26 42.512-38.221 42.512h-35.881z",\n
Action.c(285):             "M718.418 665.847l-23.011 2.535c-0.975-12.090-7.41-15.601-12.87-15.601-7.8 0-12.09
Action.c(285):     0 5.070-12.090 13.846 0 23.986 49.142 35.491 49.142 73.713 0 23.206-15.601 36.076-38.221 3
Action.c(285):     6.076
Action.c(285): t=46607ms: 12288-byte DECODED response body for "https://stage.peapod.com/shop/images/icons/PeapodIcons.json" (RelFrameId=1, Internal ID=25)
Action.c(285):     -22.426 0-35.296-17.941-36.271-39.001l23.011-3.315c0.975 14.236 6.63 21.256 14.431 21.256 
Action.c(285):     8.385 0 14.041-4.485 14.041-12.87 0-27.886-49.142-35.296-49.142-75.663 0-22.426 13.65-35.1
Action.c(285):     01 37.441-35.101 19.696 0 31.396 14.236 33.541 34.126z",\n
Action.c(285):             "M718.418 665.847l-23.011 2.535c-0.975-12.090-7.41-15.601-12.87-15.601-7.8 0-12.09
Action.c(285):     0 5.070-12.090 13.846 0 23.986 49.142 35.491 49.142 73.713 0 23.206-15.601 36.076-38.221 3
Action.c(285):     6.076-22.426 0-35.296-17.941-36.271-39.001l23.011-3.315c0.975 14.236 6.63 21.256 14.431 21
Action.c(285):     .256 8.385 0 14.041-4.485 14.041-12.87 0-27.886-49.142-35.296-49.142-75.663 0-22.426 13.65
Action.c(285):     -35.101 37.441-35.101 19.696 0 31.396 14.236 33.541 34.126z",\n
Action.c(285):             "M718.117 605.772v-28.694h-58.947v-56.286h42.452v-28.656h-42.452v-49.407h55.222v-2
Action.c(285):     8.656h-88.173v191.701h91.898zM606.076 478.035v-14.062c0-28.656-15.924-52.562-48.837-52.562
Action.c(285):     -34.509 0-50.472 22.043-50.472 49.103v98.815c0 27.098 15.962 49.141 50.472 49.141 32.913 0
Action.c(285):      48.837-22.043 48.837-49.141v-22.043h-33.065v23.107c0 12.466-3.801 19.383-15.924 19.383-13
Action.c(285):     .302 0-17.521-6.917-17.521-21.245v-97.218c0-14.328 4.219-21.245 17.521-21.245 8.475 0 15.9
Action.c(285):     24 6.917 15.924 23.107v14.86h33.065z",\n
Action.c(285):             "M455.308 414.034h32.913v191.701h-32.913v-191.701z",\n
Action.c(285):             "M368.503 461.313c0-14.328 4.257-21.245 17.521-21.245s17.521 6.917 17.521 21.245v9
Action.c(285):     7.18c0 14.328-4.257 21.245-17.521 21.245s-17.521-6.917-17.521-21.245v-97.18zM335.59 559.29
Action.c(285):     1c0 27.098 15.924 49.141 50.434 49.141s50.434-22.043 50.434-49.141v-98.815c0-27.060-15.924
Action.c(285):     -49.103-50.434-49.103s-50.434 22.043-50.434 49.103v98.815zM247.759 605.772v-84.981h35.041v
Action.c(285):     84.981h32.951v-191.701h-32.951v78.064h-35.041v-78.064h-32.913v191.701h32.913zM194.551 478.
Action.c(285):     035v-14.062c0-28.656-15.924-52.562-48.875-52.562-34.509 0-50.434 22.043-50.434 49.103v98.8
Action.c(285):     15c0 27.098 15.924 49.141 50.434 49.141 32.951 0 48.875-22.043 48.875-49.141v-22.043h-32.9
Action.c(285):     51v23.107c0 12.466-3.801 19.383-15.924 19.383-13.264 0-17.521-6.917-17.521-21.245v-97.218c
Action.c(285):     0-14.328 4.257-21.245 17.521-21.245 8.513 0 15.924 6.917 15.924 23.107v14.86h32.951z",\n
Action.c(285):             "M201.734 285.423c-0.057-2.83-0.677-5.621-1.824-8.209-1.080-2.611-2.729-4.948-4.82
Action.c(285):     7-6.841-2.039-1.755-4.333-3.19-6.803-4.257-3.153-1.377-6.555-2.088-9.995-2.090-0.912 0-1.8
Action.c(285):     24 0-2.774 0-2.010 0.174-3.977 0.688-5.815 1.52-2.154 1.003-3.955 2.632-5.169 4.675-0.901 
Action.c(285):     1.537-1.688 3.137-2.356 4.789v0c-2.394 6.005-6.423 15.772-9.843 24.058l-3.801 8.665-15.696
Action.c(285):     -36.219c-1.642-2.427-3.915-4.358-6.575-5.587-3.237-1.556-6.784-2.362-10.376-2.356v0c-2.227
Action.c(285):      0.137-4.425 0.571-6.537 1.292-3.686 1.040-7.089 2.898-9.957 5.435-1.548 1.351-2.837 2.974
Action.c(285):     -3.801 4.789-0.984 1.959-1.504 4.117-1.52 6.309v0 102.615h28.352v-69.74l14.214 39.982 0.22
Action.c(285):     8 0.304c0.852 1.286 1.847 2.472 2.964 3.535 0.688 0.623 1.439 1.17 2.242 1.634 0.821 0.425
Action.c(285):      1.707 0.708 2.622 0.836 1.467 0.441 2.99 0.672 4.523 0.684 2.378 0.061 4.719-0.587 6.727-
Action.c(285):     1.862 1.963-1.27 3.52-3.077 4.485-5.207v0l13.036-38.88v68.41h25.958l0.608-0.304c0.474-0.23
Action.c(285):     8 0.87-0.608 1.14-1.064 0.105-0.169 0.194-0.347 0.266-0.532 0.009-0.139 0.009-0.279 0-0.41
Action.c(285):     8-0.008-0.101-0.008-0.203 0-0.304v-0.456c0-1.292 0-9.159 0-19.953 0-13.492 0-31.507 0-46.5
Action.c(285):     19s0-27.060 0-28.732z",\n
Action.c(285):             "M277.783 280.672v-0.342c0 0-0.608-1.368-1.52-3.040-0.995-1.839-2.193-3.56-3.573-5
Action.c(285):     .131-0.986-1.386-2.12-2.66-3.383-3.801-1.364-1.219-2.901-2.231-4.561-3.002v0c-2.192-0.909-
Action.c(285):     4.544-1.374-6.917-1.368-4.013 0.093-7.936 1.205-11.402 3.231-1.526 0.892-2.92 1.992-4.143 
Action.c(285):     3.268-1.165 1.138-2.028 2.549-2.508 4.105l-32.533 105.656c-0.263 0.88-0.109 1.832 0.418 2.
Action.c(285):     584 0.566 0.73 1.433 1.164 2.356 1.178h22.043c1.273-0.008 2.394-0.838 2.774-2.052l22.499-7
Action.c(285):     4.111 14.974 50.548h-24.628c-1.595 0-2.888 1.293-2.888 2.888v19.763c-0.023 0.771 0.28 1.51
Action.c(285):     7 0.836 2.052 0.534 0.562 1.277 0.878 2.052 0.874h57.389c0.928-0.006 1.798-0.451 2.345-1.2
Action.c(285):     01s0.706-1.714 0.429-2.6l-30.062-99.499z",\n
Action.c(285):             "M565.030 321.452l-23.107-47.545c-0.895-1.913-2.191-3.611-3.801-4.979-2.196-1.927-
Action.c(285):     4.792-3.342-7.601-4.143-2.47-0.722-5.027-1.106-7.601-1.14h-0.266c-2.383 0.049-4.728 0.607-
Action.c(285):     6.879 1.634-3.283 1.482-6.231 3.616-8.665 6.271-1.132 1.138-2.115 2.415-2.926 3.801-0.777 
Action.c(285):     1.398-1.207 2.962-1.254 4.561v103.603h28.276v-66.092l33.711 66.282h29.568v-119.946h-29.34l
Action.c(285):     -0.114 57.693z",\n
Action.c(285):             "M694.63 337.262c-2-4.492-4.721-8.626-8.057-12.238v0c-2.15-2.344-4.731-4.254-7.601
Action.c(285):     -5.625-3.756-1.575-7.632-2.846-11.592-3.801-3.545-0.884-6.87-2.488-9.767-4.713-0.993-1.258
Action.c(285):     -1.718-2.707-2.128-4.257-0.565-1.938-0.847-3.948-0.836-5.967-0.083-3.791 1.275-7.471 3.801
Action.c(285):     -10.3 0.615-0.59 1.321-1.078 2.090-1.444 0.755-0.328 1.571-0.496 2.394-0.494h28.846v-24.62
Action.c(285):     8h-30.975c-3.907-0.076-7.767 0.853-11.212 2.698-2.7 1.618-5.301 3.395-7.791 5.321v0 0c-4.1
Action.c(285):     39 3.488-7.416 7.884-9.577 12.846-1.948 4.617-2.931 9.583-2.888 14.594 0.017 4.345 0.631 8
Action.c(285):     .668 1.824 12.846v0.228c2.289 6.381 6.222 12.045 11.402 16.418 4.064 3.34 8.699 5.915 13.6
Action.c(285):     82 7.601 3.999 1.271 7.771 3.17 11.174 5.625 1.487 1.025 2.775 2.313 3.801 3.801 0.818 1.2
Action.c(285):     41 1.254 2.694 1.254 4.181-0.006 1.039-0.199 2.069-0.57 3.040-0.729 1.892-1.842 3.613-3.26
Action.c(285):     8 5.055-0.618 0.676-1.335 1.253-2.128 1.71-0.433 0.287-0.928 0.469-1.444 0.532h-28.314v23.
Action.c(285):     297h29.682c5.974-0.175 11.753-2.163 16.57-5.701 5.128-3.558 9.157-8.483 11.63-14.214v0c1.7
Action.c(285):     2-4.266 2.623-8.817 2.66-13.416-0.011-4.401-0.903-8.756-2.622-12.808z",\n
Action.c(285):             "M461.997 263.759h-79.014v23.678c-2.234-5.839-5.665-11.147-10.072-15.582-2.42-2.37
Action.c(285):     4-5.221-4.327-8.285-5.777-3.283-1.49-6.846-2.268-10.452-2.28h-40.552l-0.38 120.022h26.148v
Action.c(285):     -43.783h2.166c4.692-0.342 9.378 0.73 13.454 3.078 1.104 0.714 2.038 1.661 2.736 2.774 0.56
Action.c(285):     5 0.952 0.915 2.015 1.026 3.116 0 1.292 0 9.121 0 16.684v10.49c0 2.812 0 4.637 0 4.675v2.8
Action.c(285):     88h25.654v-48.837c-0.139-1.549-0.633-3.044-1.444-4.371-1.322-2.152-3.052-4.024-5.093-5.511
Action.c(285):     -0.819-0.598-1.683-1.132-2.584-1.596 0.372-0.365 0.716-0.759 1.026-1.178 2.578-3.275 4.583
Action.c(285):     -6.963 5.929-10.908 1.578-4.325 2.401-8.889 2.432-13.492 0.030-3.205-0.484-6.392-1.52-9.42
Action.c(285):     5h23.868v95.318h30.405v-95.356h24.438v-2.926l0.114-21.701zM356.379 307.39c-1 1.257-2.193 2
Action.c(285):     .347-3.535 3.23-0.618 0.426-1.28 0.783-1.976 1.064-0.373 0.182-0.769 0.31-1.178 0.38h-10.3
Action.c(285):     76v-23.716h2.508c3.346-0.137 6.691 0.314 9.881 1.33 1.24 0.443 2.388 1.113 3.383 1.976 1.0
Action.c(285):     46 0.945 1.864 2.114 2.394 3.421v0 0c0.797 1.622 1.226 3.4 1.254 5.207-0.071 2.555-0.905 5
Action.c(285):     .030-2.394 7.107h0.038z",\n
Action.c(285):             "M496.848 263.797l-27.858-0.076v120.022l27.858-0.038v-2.888z",\n
Action.c(285):             "M627.474 263.721h-27.858v24.628h5.245l-4.143 17.027 3.23 0.418c0.923 0.072 1.851 
Action.c(285):     0.072 2.774 0 1.494 0.016 2.982-0.202 4.409-0.646 1.797-0.612 3.452-1.582 4.865-2.85 1.33-
Action.c(285):     1.14 2.47-2.28 3.801-3.421v0 0c3.199-4.091 5.34-8.908 6.233-14.024 0.901-4.773 1.321-9.624
Action.c(285):      1.254-14.48 0-1.292 0-2.546 0-3.801l0.19-2.85z",\n
Action.c(285):             "M700.406 373.672c0.125-4.476 3.829-8.018 8.306-7.942s8.059 3.741 8.033 8.219c-0.0
Action.c(285):     27 4.478-3.652 8.1-8.13 8.123-2.217 0.022-4.347-0.862-5.897-2.448s-2.385-3.735-2.312-5.951
Action.c(285):     v0zM708.616 383.781c5.563-0.084 10.013-4.646 9.957-10.209s-4.596-10.036-10.159-10.009c-5.5
Action.c(285):     63 0.028-10.059 4.545-10.060 10.108-0 2.708 1.086 5.302 3.015 7.203s4.54 2.947 7.247 2.907
Action.c(285):     v0zM706.487 374.47h2.014l3.078 5.017h2.052l-3.306-5.093c0.827-0.009 1.614-0.355 2.181-0.95
Action.c(285):     7s0.863-1.409 0.822-2.235c0-2.318-1.368-3.306-4.105-3.306h-4.447v11.402h1.786l-0.076-4.827
Action.c(285):     zM706.487 372.95v-3.573h2.394c1.216 0 2.508 0.266 2.508 1.71s-1.33 1.862-2.812 1.862h-2.09
Action.c(285):     0z"\n
Action.c(285):           ],\n
Action.c(285):           "attrs": [\n
Action.c(285):             {\n
Action.c(285):               "fill": "rgb(255, 255, 255)"\n
Action.c(285):             },\n
Action.c(285):             {\n
Action.c(285):               "fill": "rgb(0, 0, 0)"\n
Action.c(285):             },\n
Action.c(285):             {\n
Action.c(285):               "fill": "rgb(234, 0, 41)"\n
Action.c(285):             },\n
Action.c(285):             {\n
Action.c(285):               "fill": "rgb(0, 0, 0)"\n
Action.c(285):             },\n
Action.c(285):             {\n
Action.c(285):               "fill": "rgb(234, 0, 41)"\n
Action.c(285):             },\n
Action.c(285):             {\n
Action.c(285):               "fill": "rgb(0, 0, 0)"\n
Action.c(285):             },\n
Action.c(285):             {\n
Action.c(285):               "fill": "rgb(234, 0, 41)"\n
Action.c(285):             },\n
Action.c(285):             {\n
Action.c(285):               "fill": "rgb(0, 0, 0)"\n
Action.c(285):             },\n
Action.c(285):             {\n
Action.c(285):               "fill": "rgb(234, 0, 41)"\n
Action.c(285):             },\n
Action.c(285):             {\n
Action.c(285):               "fill": "rgb(0, 0, 0)"\n
Action.c(285):             },\n
Action.c(285):             {\n
Action.c(285):               "fill": "rgb(234, 0, 41)"\n
Action.c(285):             },\n
Action.c(285):             {\n
Action.c(285):               "fill": "rgb(0, 0, 0)"\n
Action.c(285):             },\n
Action.c(285):             {\n
Action.c(285):               "fill": "rgb(234, 0, 41)"\n
Action.c(285):             },\n
Action.c(285):             {\n
Action.c(285):               "fill": "rgb(0, 0, 0)"\n
Action.c(285):             },\n
Action.c(285):             {\n
Action.c(285):               "fill": "rgb(234, 0, 41)"\n
Action.c(285):             },\n
Action.c(285):             {\n
Action.c(285):               "fill": "rgb(35, 31, 32)"\n
Action.c(285):             },\n
Action.c(285):             {\n
Action.c(285):               "fill": "rgb(35, 31, 32)"\n
Action.c(285):             },\n
Action.c(285):             {\n
Action.c(285):               "fill": "rgb(35, 31, 32)"\n
Action.c(285):             },\n
Action.c(285):             {\n
Action.c(285):               "fill": "rgb(234, 0, 41)"\n
Action.c(285):             },\n
Action.c(285):             {\n
Action.c(285):               "fill": "rgb(234, 0, 41)"\n
Action.c(285):             },\n
Action.c(285):             {\n
Action.c(285):               "fill": "rgb(234, 0, 41)"\n
Action.c(285):             },\n
Action.c(285):             {\n
Action.c(285):               "fill": "rgb(234, 0, 41)"\n
Action.c(285):             },\n
Action.c(285):             {\n
Action.c(285):               "fill": "rgb(234, 0, 41)"\n
Action.c(285):             },\n
Action.c(285):             {\n
Action.c(285):               "fill": "rgb(234, 0, 41)"\n
Action.c(285):             },\n
Action.c(285):             {\n
Action.c(285):               "fill": "rgb(234, 0, 41)"\n
Action.c(285):             },\n
Action.c(285):             {\n
Action.c(285):               "fill": "rgb(234, 0, 41)"\n
Action.c(285):             }\n
Action.c(285):           ],\n
Action.c(285):           "width": 1086,\n
Action.c(285):           "isMulticolor": true,\n
Action.c(285):           "grid": 32,\n
Action.c(285):           "tags": [\n
Action.c(285):             "martins choice rewards logo"\n
Action.c(285):           ]\n
Action.c(285):         },\n
Action.c(285):         {\n
Action.c(285):           "paths": [\n
Action.c(285):             "M512 0c-282.77 0-512 229.23-512 512 0 282.78 229.24 512 512 512s512-229.22 512-51
Action.c(285):     2c0-282.78-229.22-512-512-512zM851.42 851.42c-174.413 173.95-452.399 187.041-642.387 30.25
Action.c(285):     1s-229.876-432.211-92.176-636.459c137.7-204.248 407.978-270.561 624.575-153.239s308.713 37
Action.c(285):     9.928 212.868 606.847c-24.103 57.041-59.042 108.864-102.88 152.6z",\n
Action.c(285):             "M250.14 581.74c4.578-4.575 5.949-11.458 3.473-17.438s-8.311-9.879-14.783-9.879c-6
Action.c(285):     .472 0-12.307 3.899-14.783 9.879s-1.105 12.863 3.473 17.438c6.248 6.243 16.372 6.243 22.62
Action.c(285):      0v0z",\n
Action.c(285):             "M254.82 618.42c0 8.837-7.163 16-16 16s-16-7.163-16-16c0-8.837 7.163-16 16-16s16 7
Action.c(285):     .163 16 16z",\n
Action.c(285):             "M735.54 295.36h-444.88c-37.528 0.066-67.934 30.472-68 68v160.84c0 8.837 7.163 16 
Action.c(285):     16 16s16-7.163 16-16v-47.3h154.74c-22.18 26.72-43.4 44-51.64 44-8.837 0-16 7.163-16 16s7.1
Action.c(285):     63 16 16 16c17.6 0 37.78-13.080 63.54-41.18 6.52-7.1 12.44-14.16 17.3-20.22 4.76 6 10.62 1
Action.c(285):     3.12 17.12 20.22 25.4 27.72 47 41.18 66 41.18 8.837 0 16-7.163 16-16s-7.163-16-16-16c-12.2
Action.c(285):      0-34.62-20.3-54-44h303.86v193.4c0 19.882-16.118 36-36 36h-444.92c-19.882 0-36-16.118-36-3
Action.c(285):     6v-6c0-8.837-7.163-16-16-16s-16 7.163-16 16v6c0.066 37.528 30.472 67.934 68 68h444.88c37.5
Action.c(285):     28-0.066 67.934-30.472 68-68v-306.9c-0.044-37.544-30.456-67.974-68-68.040zM371.78 404.62c3
Action.c(285):     .060-3.82 4.88-4.28 5.78-4.28h0.42c6.86 0.92 19.5 14 32 34.14-8.575-2.463-17.002-5.415-25.
Action.c(285):     24-8.84-16-6.9-17.82-11.52-17.88-11.72s0.16-3.36 4.92-9.3zM469.62 434.5c11.26-18.3 23.76-3
Action.c(285):     3.040 31.84-34.12h0.42c0.9 0 2.72 0.46 5.78 4.28 4.76 6 5.14 8.88 4.98 9.34s-1.8 4.82-17.8
Action.c(285):     6 11.72c-8.219 3.387-16.618 6.318-25.16 8.78v0zM526.26 444.9c8.38-5.9 14-12.6 16.68-20.6 4
Action.c(285):     .26-12.5 0.78-25.84-10.3-39.68-12.38-15.46-26-17.2-35.44-16-17.66 2.38-35.020 17.5-53.040 
Action.c(285):     46.24-1.56 2.48-3.040 4.92-4.44 7.34-1.4-2.42-2.88-4.86-4.44-7.34-18-28.74-35.38-43.86-53.
Action.c(285):     020-46.24-9.36-1.26-23.080 0.5-35.46 16-11.080 13.84-14.56 27.18-10.3 39.68 2.74 8 8.3 14.
Action.c(285):     7 16.68 20.6h-98.56v-81.5c0-19.882 16.118-36 36-36h444.92c19.882 0 36 16.118 36 36v81.5h-2
Action.c(285):     45.28z",\n
Action.c(285):             "M695.060 617.14c-1.523 0.862-3.179 1.463-4.9 1.78-1.78 0.335-3.588 0.502-5.4 0.5-
Action.c(285):     6.020 0.090-11.967-1.326-17.3-4.12-2.925-1.56-5.702-3.381-8.3-5.44-2.545-2.036-6.235-1.738
Action.c(285):     -8.42 0.68l-7.020 7.82c-1.117 1.238-1.68 2.877-1.56 4.54 0.122 1.672 0.916 3.223 2.2 4.3 3
Action.c(285):     .27 2.674 6.801 5.013 10.54 6.98 6.662 3.451 13.943 5.545 21.42 6.16v9.54c0 3.402 2.758 6.
Action.c(285):     16 6.16 6.16h3.9c3.394-0.011 6.14-2.766 6.14-6.16v-10.2c4.254-0.641 8.4-1.866 12.32-3.64 3
Action.c(285):     .671-1.631 7.049-3.854 10-6.58 2.794-2.638 5.055-5.789 6.66-9.28 1.665-3.736 2.497-7.79 2.
Action.c(285):     44-11.88 0.142-4.845-0.902-9.65-3.040-14-1.966-3.752-4.691-7.055-8-9.7-3.416-2.679-7.193-4
Action.c(285):     .86-11.22-6.48-4.065-1.633-8.242-2.97-12.5-4-5.346-1.224-10.548-3.007-15.52-5.32-3.153-1.3
Action.c(285):     94-5.152-4.554-5.060-8-0.082-1.711 0.411-3.401 1.4-4.8 1.029-1.351 2.357-2.447 3.88-3.2 1.
Action.c(285):     663-0.812 3.424-1.404 5.24-1.76 1.775-0.385 3.584-0.586 5.4-0.6 2.365-0.010 4.721 0.307 7 
Action.c(285):     0.94 2.077 0.575 4.088 1.366 6 2.36 1.537 0.78 3.020 1.662 4.44 2.64 2.548 1.784 6.028 1.3
Action.c(285):     8 8.1-0.94l6.38-7.14c1.169-1.294 1.731-3.026 1.544-4.759s-1.105-3.306-2.524-4.321c-1.62-1.
Action.c(285):     18-3.46-2.4-5.44-3.62-5.418-3.089-11.431-4.991-17.64-5.58v-8.86c0-3.391-2.749-6.14-6.14-6.
Action.c(285):     14h-3.9c-1.632-0.005-3.199 0.639-4.355 1.791s-1.805 2.717-1.805 4.349v8.84c-9.74 1.24-17.4
Action.c(285):     8 4.62-23.020 10-5.608 5.592-8.637 13.265-8.36 21.18-0.183 7.481 2.709 14.709 8 20 5.26 5.
Action.c(285):     26 13.28 9.42 23.78
Action.c(285): t=46642ms: 12288-byte DECODED response body for "https://stage.peapod.com/shop/images/icons/PeapodIcons.json" (RelFrameId=1, Internal ID=25)
Action.c(285):      12.32 4.34 1.26 7.9 2.36 10.88 3.36 2.544 0.804 4.981 1.912 7.26 3.3 1.613 0.935 2.983 2.
Action.c(285):     237 4 3.8 0.803 1.376 1.211 2.947 1.18 4.54 0.061 1.813-0.405 3.605-1.34 5.16-0.869 1.425-
Action.c(285):     2.070 2.619-3.5 3.48z"\n
Action.c(285):           ],\n
Action.c(285):           "attrs": [\n
Action.c(285):             {\n
Action.c(285):               "fill": "rgb(217, 217, 214)"\n
Action.c(285):             },\n
Action.c(285):             {\n
Action.c(285):               "fill": "rgb(0, 25, 25)"\n
Action.c(285):             },\n
Action.c(285):             {\n
Action.c(285):               "fill": "rgb(0, 25, 25)"\n
Action.c(285):             },\n
Action.c(285):             {\n
Action.c(285):               "fill": "rgb(224, 0, 77)"\n
Action.c(285):             },\n
Action.c(285):             {\n
Action.c(285):               "fill": "rgb(224, 0, 77)"\n
Action.c(285):             }\n
Action.c(285):           ],\n
Action.c(285):           "isMulticolor": true,\n
Action.c(285):           "grid": 32,\n
Action.c(285):           "tags": [\n
Action.c(285):             "sns-special-offers-icon"\n
Action.c(285):           ]\n
Action.c(285):         },\n
Action.c(285):         {\n
Action.c(285):           "paths": [\n
Action.c(285):             "M235.19 433.824h567.274c7.541 0 13.653 6.113 13.653 13.653v412.683c0 7.541-6.113 
Action.c(285):     13.653-13.653 13.653h-567.274c-7.541 0-13.653-6.113-13.653-13.653v-412.683c0-7.541 6.113-1
Action.c(285):     3.653 13.653-13.653z",\n
Action.c(285):             "M875.575 291.124h-139.346c12.808-16.186 20.43-36.754 20.43-59.458 0-53.344-41.783
Action.c(285):     -95.133-95.133-95.133-74.067 0-118.704 57.12-142.699 103.228-23.995-46.108-68.632-103.228-
Action.c(285):     142.699-103.228-53.35 0-95.133 41.789-95.133 95.133 0 22.704 7.622 43.272 20.43 59.458h-13
Action.c(285):     9.346c-6.573 0-11.892 5.325-11.892 11.892v95.133c0 6.567 5.319 11.892 11.892 11.892h713.49
Action.c(285):     7c6.573 0 11.892-5.325 11.892-11.892v-95.133c0-6.567-5.319-11.892-11.892-11.892zM661.526 1
Action.c(285):     84.1c27.116 0 47.566 20.45 47.566 47.566s-20.45 47.566-47.566 47.566h-108.755c16.061-37.00
Action.c(285):     5 50.551-95.133 108.755-95.133zM376.127 184.1c58.204 0 92.706 58.14 108.755 95.133h-108.75
Action.c(285):     5c-27.116 0-47.566-20.45-47.566-47.566s20.45-47.566 47.566-47.566z"\n
Action.c(285):           ],\n
Action.c(285):           "attrs": [\n
Action.c(285):             {\n
Action.c(285):               "fill": "rgb(225, 30, 16)"\n
Action.c(285):             },\n
Action.c(285):             {\n
Action.c(285):               "fill": "rgb(225, 30, 16)"\n
Action.c(285):             }\n
Action.c(285):           ],\n
Action.c(285):           "grid": 32,\n
Action.c(285):           "tags": [\n
Action.c(285):             "gm-special-offers-icon"\n
Action.c(285):           ]\n
Action.c(285):         },\n
Action.c(285):         {\n
Action.c(285):           "paths": [\n
Action.c(285):             "M498.464 371.248c-5.922 0-11.421-3.384-13.959-8.883-38.916-82.484-58.796-136.627-
Action.c(285):     58.796-160.315-0.423-46.529 38.070-85.022 85.022-85.022s85.445 38.493 85.445 85.445c0 23.6
Action.c(285):     88-19.881 76.985-58.796 159.469-3.807 7.614-12.69 10.998-20.304 7.191-2.538-1.269-4.653-2.
Action.c(285):     961-5.922-5.076-1.692 2.538-3.807 4.23-6.345 5.499-2.115 1.269-4.23 1.692-6.345 1.692zM510
Action.c(285):     .731 147.907c-30.033 0-54.566 24.534-54.566 54.566 0 17.766 20.304 71.486 54.566 144.241 3
Action.c(285):     3.84-71.486 54.566-126.898 54.566-144.241 0.423-30.033-24.111-54.566-54.566-54.566z",\n
Action.c(285):             "M467.586 384.361c-50.759 0-131.974-2.115-158.623-14.382-42.299-19.881-60.911-71.0
Action.c(285):     63-41.030-113.363 9.729-20.727 26.649-36.378 48.221-43.991s44.837-6.768 65.141 2.961v0c0 0
Action.c(285):      0 0 0 0 37.224 17.343 128.167 131.128 138.742 143.818 3.807 4.653 4.23 10.575 1.692 16.07
Action.c(285):     4-2.538 5.076-7.614 8.883-13.536 8.883-4.653-0.423-19.881 0-40.608 0zM345.34 238.005c-6.34
Action.c(285):     5 0-12.69 1.269-18.612 3.384-13.536 5.076-24.534 15.228-30.879 28.341s-6.768 27.918-1.692 
Action.c(285):     41.876c5.076 13.536 15.228 24.534 28.341 30.879 19.458 8.883 95.174 11.844 153.97 11.421-3
Action.c(285):     7.647-45.26-87.983-101.519-107.441-110.825 0 0 0 0 0 0-8.037-3.384-15.651-5.076-23.688-5.0
Action.c(285):     76z",\n
Action.c(285):             "M554.299 384.361c-20.727 0-35.955-0.423-40.608-0.423-5.922 0-10.998-3.384-13.536-
Action.c(285):     8.883-2.538-5.076-1.692-11.421 1.692-16.074 10.152-12.69 101.519-126.475 138.742-143.818v0
Action.c(285):     c0 0 0 0 0 0 20.727-9.729 43.991-10.575 65.141-2.961 21.573 7.614 38.493 23.265 48.221 43.
Action.c(285):     991 19.881 42.722 1.269 93.482-41.030 113.363-26.649 12.69-108.287 14.805-158.623 14.805zM
Action.c(285):     545.84 353.483c58.373 0.423 134.512-2.538 153.97-11.421 13.113-6.345 23.265-17.343 28.341-
Action.c(285):     30.879s4.23-28.764-1.692-41.876c-6.345-13.113-17.343-23.265-30.879-28.341s-28.764-4.23-41.
Action.c(285):     876 1.692c0 0 0 0 0 0-19.881 9.306-70.217 65.564-107.864 110.825z",\n
Action.c(285):             "M800.905 876.304h-579.926c-8.46 0-15.228-6.768-15.228-15.228v-290.597h30.879v274.
Action.c(285):     947h549.047v-274.947h30.879v290.597c-0.423 8.46-7.191 15.228-15.651 15.228z",\n
Action.c(285):             "M845.32 526.488h-283.83v-30.879h268.602v-111.671h-638.299v111.671h262.257v30.879h
Action.c(285):     -277.908c-8.46 0-15.228-6.768-15.228-15.228v-142.549c0-8.46 6.768-15.228 15.228-15.228h669
Action.c(285):     .178c8.46 0 15.228 6.768 15.228 15.228v142.549c0.423 8.46-6.768 15.228-15.228 15.228z",\n
Action.c(285):             "M446.013 373.363h30.879v486.867h-30.879z",\n
Action.c(285):             "M544.994 373.363h30.879v486.867h-30.879z"\n
Action.c(285):           ],\n
Action.c(285):           "attrs": [\n
Action.c(285):             {\n
Action.c(285):               "fill": "rgb(113, 33, 119)"\n
Action.c(285):             },\n
Action.c(285):             {\n
Action.c(285):               "fill": "rgb(113, 33, 119)"\n
Action.c(285):             },\n
Action.c(285):             {\n
Action.c(285):               "fill": "rgb(113, 33, 119)"\n
Action.c(285):             },\n
Action.c(285):             {\n
Action.c(285):               "fill": "rgb(113, 33, 119)"\n
Action.c(285):             },\n
Action.c(285):             {\n
Action.c(285):               "fill": "rgb(113, 33, 119)"\n
Action.c(285):             },\n
Action.c(285):             {\n
Action.c(285):               "fill": "rgb(113, 33, 119)"\n
Action.c(285):             },\n
Action.c(285):             {\n
Action.c(285):               "fill": "rgb(113, 33, 119)"\n
Action.c(285):             }\n
Action.c(285):           ],\n
Action.c(285):           "grid": 32,\n
Action.c(285):           "tags": [\n
Action.c(285):             "gf-special-offers-icon"\n
Action.c(285):           ]\n
Action.c(285):         },\n
Action.c(285):         {\n
Action.c(285):           "paths": [\n
Action.c(285):             "M1024 512c0 282.77-229.23 512-512 512s-512-229.23-512-512c0-282.77 229.23-512 512
Action.c(285):     -512s512 229.23 512 512z",\n
Action.c(285):             "M708.471 375.467l-271.889 271.889-120.849-120.849"\n
Action.c(285):           ],\n
Action.c(285):           "attrs": [\n
Action.c(285):             {\n
Action.c(285):               "fill": "rgb(139, 196, 0)"\n
Action.c(285):             },\n
Action.c(285):             {\n
Action.c(285):               "fill": "none",\n
Action.c(285):               "stroke": "rgb(255, 255, 255)",\n
Action.c(285):               "strokeLinejoin": "round",\n
Action.c(285):               "strokeLinecap": "round",\n
Action.c(285):               "strokeMiterlimit": "4",\n
Action.c(285):               "strokeWidth": 34.13333333333333\n
Action.c(285):             }\n
Action.c(285):           ],\n
Action.c(285):           "isMulticolor2": true,\n
Action.c(285):           "grid": 32,\n
Action.c(285):           "tags": [\n
Action.c(285):             "Confirmation Check"\n
Action.c(285):           ]\n
Action.c(285):         },\n
Action.c(285):         {\n
Action.c(285):           "paths": [\n
Action.c(285):             "M515.936 192l-291.936 221.008v403.792h188.256v-172.928c0-57.248 46.416-103.68 103
Action.c(285):     .68-103.68s103.68 46.432 103.68 103.68v172.928h188.256v-403.792l-291.936-221.008z"\n
Action.c(285):           ],\n
Action.c(285):           "attrs": [\n
Action.c(285):             {\n
Action.c(285):               "fill": "none",\n
Action.c(285):               "strokeLinejoin": "miter",\n
Action.c(285):               "strokeLinecap": "round",\n
Action.c(285):               "strokeMiterlimit": "4",\n
Action.c(285):               "strokeWidth": 64\n
Action.c(285):             }\n
Action.c(285):           ],\n
Action.c(285):           "grid": 32,\n
Action.c(285):           "tags": [\n
Action.c(285):             "Home_GM"\n
Action.c(285):           ]\n
Action.c(285):         },\n
Action.c(285):         {\n
Action.c(285):           "paths": [\n
Action.c(285):             "M227.888 416c55.168 0 99.888 44.736 99.888 99.888 0 55.168-44.72 99.904-99.888 99
Action.c(285):     .904s-99.888-44.736-99.888-99.904c0-55.152 44.72-99.888 99.888-99.888zM527.208 416c55.168 
Action.c(285):     0 99.888 44.736 99.888 99.888 0 55.168-44.72 99.904-99.888 99.904s-99.888-44.736-99.888-99
Action.c(285):     .904c0-55.152 44.72-99.888 99.888-99.888zM826.528 416c55.168 0 99.888 44.736 99.888 99.888
Action.c(285):      0 55.168-44.72 99.904-99.888 99.904s-99.888-44.736-99.888-99.904c0-55.152 44.72-99.888 99
Action.c(285):     .888-99.888z"\n
Action.c(285):           ],\n
Action.c(285):           "attrs": [\n
Action.c(285):             {\n
Action.c(285):               "fill": "none",\n
Action.c(285):               "strokeLinejoin": "round",\n
Action.c(285):               "strokeLinecap": "round",\n
Action.c(285):               "strokeMiterlimit": "4",\n
Action.c(285):               "strokeWidth": 64\n
Action.c(285):             }\n
Action.c(285):           ],\n
Action.c(285):           "grid": 32,\n
Action.c(285):           "tags": [\n
Action.c(285):             "More_GM"\n
Action.c(285):           ]\n
Action.c(285):         },\n
Action.c(285):         {\n
Action.c(285):           "paths": [\n
Action.c(285):             "M512.064 192l104.736 226.032 247.328 29.76-182.608 169.456 48.144 244.432-217.6-1
Action.c(285):     21.312-217.584 121.312 48.128-244.432-182.608-169.456 247.344-29.76z"\n
Action.c(285):           ],\n
Action.c(285):           "attrs": [\n
Action.c(285):             {\n
Action.c(285):               "fill": "none",\n
Action.c(285):               "strokeLinejoin": "miter",\n
Action.c(285):               "strokeLinecap": "square",\n
Action.c(285):               "strokeMiterlimit": "4",\n
Action.c(285):               "strokeWidth": 64\n
Action.c(285):             }\n
Action.c(285):           ],\n
Action.c(285):           "grid": 32,\n
Action.c(285):           "tags": [\n
Action.c(285):             "Rewards_GM"\n
Action.c(285):           ]\n
Action.c(285):         },\n
Action.c(285):         {\n
Action.c(285):           "paths": [\n
Action.c(285):             "M702.101 490.78v-78.198c0-17.673 14.327-32 32-32s32 14.327 32 32v78.198h73.971c17
Action.c(285):     .673 0 32 14.327 32 32s-14.327 32-32 32h-73.971v81.341c0 17.673-14.327 32-32 32s-32-14.327
Action.c(285):     -32-32v-81.341h-85.568c-17.673 0-32-14.327-32-32s14.327-32 32-32h85.568zM256 384c-17.673 0
Action.c(285):     -32-14.327-32-32s14.327-32 32-32h355.691c17.673 0 32 14.327 32 32s-14.327 32-32 32h-355.69
Action.c(285):     1zM256 554.78c-17.673 0-32-14.327-32-32s14.327-32 32-32h215.042c17.673 0 32 14.327 32 32s-
Action.c(285):     14.327 32-32 32h-215.042zM256 736c-17.673 0-32-14.327-32-32s14.327-32 32-32h355.691c17.673
Action.c(285):      0 32 14.327 32 32s-14.327 32-32 32h-355.691z"\n
Action.c(285):           ],\n
Action.c(285):           "grid": 32,\n
Action.c(285):           "tags": [\n
Action.c(285):             "icon-list-add"\n
Action.c(285):           ]\n
Action.c(285):         },\n
Action.c(285):         {\n
Action.c(285):           "paths": [\n
Action.c(285):             "M653.595 366.626c-17.673 0-32-14.327-32-32v-147.959h-360.262v668.033h540.221v-488
Action.c(285):     .074h-147.959zM865.555 886.7c0 17.673-14.327 32-32 32h-604.221c-17.673 0-32-14.327-32-32v-
Action.c(285):     732.033c0-17.673 14.327-32 32-32h422.472c8.496-0.539 17.339 2.294 24.418 9.373l179.959 179
Action.c(285):     .959c7.079 7.079 9.911 15.922 9.373 24.418v550.283zM756.3 302.626l-70.704-70.704v70.704h70
Action.c(285):     .704zM377.91 517.71c-17.673 0-32-14.327-32-32s14.327-32 32-32h298.667c17.673 0 32 14.327 3
Action.c(285):     2 32s-14.327 32-32 32h-298.667zM377.91 648.377c-17.673 0-32-14.327-32-32s14.327-32 32-32h2
Action.c(285):     98.667c17.673 0 32 14.327 32 32s-14.327 32-32 32h-298.667zM377.91 779.043c-17.673 0-32-14.
Action.c(285):     327-32-32s14.327-32 32-32h298.667c17.673 0 32 14.327 32 32s-14.327 32-32 32h-298.667z"\n
Action.c(285):           ],\n
Action.c(285):           "grid": 32,\n
Action.c(285):           "tags": [\n
Action.c(285):             "icon-list-nav"\n
Action.c(285):           ]\n
Action.c(285):         },\n
Action.c(285):         {\n
Action.c(285):           "paths": [\n
Action.c(285):             "M512 0c282.857 0 512 229.143 512 512s-229.143 512-512 512c-282.571 0-512-229.143-
Action.c(285):     512-512 0-139.428 56-266 146.286-358.286 92.857-94.857 222.571-153.714 365.714-153.714zM61
Action.c(285):     8.647 353.564v-58.024h-442.627v410.008h74.664c7.193 40.123 41.919 70.603 83.751 70.603s76.
Action.c(285):     557-30.48 83.751-70.603l215.324 0.001c7.194 40.123 41.919 70.602 83.75 70.602s76.557-30.48
Action.c(285):      83.75-70.602h45.743v-209.854l-99.071-142.13h-129.035zM663.025 690.109v-0.002c0-30.505 24.
Action.c(285):     331-55.159 54.235-55.159s54.235 24.654 54.235 55.161c0 30.51-24.328 55.159-54.235 55.159s-
Action.c(285):     54.235-24.649-54.235-55.159zM801.010 674.666c-7.196-40.118-41.921-70.599-83.75-70.599s-76.
Action.c(285):     554 30.481-83.75 70.599h-14.861v-290.22h112.915l84.307 120.949v169.271h-14.861z",\n
Action.c(285):             "M206.903 326.423h380.862v348.243h-169.585c-7.194-40.119-41.915-70.601-83.743-70.6
Action.c(285):     01s-76.555 30.482-83.75 70.601h-43.784v-348.243zM390.324 526.495c-14.741-0.017-25.853-27.4
Action.c(285):     67-24.047-40.556 1.864-14.874 15.736-30.87 26.458-30.87h83.235l-0.066-43.080h-80.501c-19.9
Action.c(285):     04-0.67-35.672 4.064-51.706 20.061-22.315 23.298-26.591 56.553-18.039 84.194 8.154 26.953 
Action.c(285):     33.269 50.252 58.526 52.628l91.248 0.148v-73.437h-42.144v30.913h-42.964z",\n
Action.c(285):             "M334.435 634.95c29.905 0 54.235 24.654 54.235 55.159 0 30.51-24.328 55.159-54.235
Action.c(285):      55.159s-54.235-24.649-54.235-55.159c0-30.505 24.331-55.159 54.235-55.159z"\n
Action.c(285):           ],\n
Action.c(285):           "grid": 32,\n
Action.c(285):           "tags": [\n
Action.c(285):             "delivery-gntc-inverse"\n
Action.c(285):           ],\n
Action.c(285):           "defaultCode": 59648\n
Action.c(285):         },\n
Action.c(285):         {\n
Action.c(285):           "paths": [\n
Action.c(285):             "M512-0c282.857 0 512 229.143 512 512s-229.143 512-512 512c-282.571 0-512-229.143-
Action.c(285):     512-512 0-139.429 56-266 146.286-358.286 92.857-94.857 222.571-153.714 365.714-153.714zM24
Action.c(285):     2.342 271.518l-0.022-0.014-50.8 83.035v4.909c0 37.132 18.56 70.92 48.239 90.544v350.488h54
Action.c(285):     0.411v-350.491c29.676-19.63 48.23-53.415 48.23-90.542v-4.908l-48.227-78.844 0.112-0.069-30
Action.c(285):     .691-49.854h-479.295l-27.242 44.533-0.715 1.213zM264.489 302.064l0.231 0.136 8.221-13.951 
Action.c(285):     16.896-27.617h440.28l17.854 29.002-0.101 0.062 45.526 74.426c-1.593 25.858-16.326 48.672-3
Action.c(285):     8.476 60.36l-0.244 0.127c-0.147 0.077-0.294 0.152-0.44 0.229-9.584 4.918-20.018 7.546-30.7
Action.c(285):     77 7.623-0.163 0.001-0.327 0.002-0.49 0.002-22.65 0-43.511-11.17-56.806-29.842l-14.202-19.
Action.c(285):     946-14.197 19.95c-13.286 18.67-34.146 29.839-56.804 29.839s-43.518-11.169-56.804-29.839l-1
Action.c(285):     4.205-19.96-14.2 19.964c-13.275 18.663-34.14 29.835-56.793 29.835-22.655 0-43.509-11.167-5
Action.c(285):     6.806-29.842l-14.202-19.946-14.197 19.95c-7.038 9.89-16.202 17.676-26.632 22.811-9.257 4.5
Action.c(285):     59-19.512 7.029-30.163 7.029-5.559 0-11.029-0.679-16.341-2.003-5.3-1.32-10.443-3.281-15.36
Action.c(285):     2-5.85l-0.276-0.144c-22.139-11.69-36.863-34.495-38.456-60.345l37.967-62.059zM287.005 466.8
Action.c(285):     4l-0 0.001c3.291 0.32 6.611 0.483 9.952 0.483 26.818 0 51.913-10.36 70.998-28.234 19.089 1
Action.c(285):     7.876 44.18 28.234 71.003 28.234 26.818 0 51.916-10.36 70.998-28.231 19.085 17.873 44.181 
Action.c(285):     28.231 71.003 28.231 26.824 0 51.921-10.359 71.007-28.235 19.089 17.875 44.185 28.235 71.0
Action.c(285):     03 28.235 0.186 0 0.371-0.001 0.557-0.002-0.186 0.001-0.371 0.002-0.557 0.002-26.817 0-51.
Action.c(285):     912-10.359-71.003-28.231-19.087 17.872-44.184 28.231-71.007 28.231-26.821 0-51.917-10.357-
Action.c(285):     71.003-28.227-19.083 17.868-44.182 28.227-70.998 28.227-26.821 0-51.913-10.357-71.003-28.2
Action.c(285):     31-19.086 17.872-44.181 28.231-70.998 28.231-3.341 0-6.661-0.162-9.952-0.483zM723.526 467.
Action.c(285):     322l21.255-2.346c-6.936 1.512-14.047 2.307-21.255 2.346z",\n
Action.c(285):             "M274.617 464.861c7.279 1.626 14.755 2.462 22.34 2.462 26.817 0 51.912-10.359 70.9
Action.c(285):     98-28.231 19.090 17.873 44.182 28.231 71.003 28.231 26.816 0 51.915-10.359 70.998-28.227 1
Action.c(285):     9.086 17.87 44.182 28.227 71.003 28.227 26.823 0 51.92-10.359 71.007-28.231 19.090 17.872 
Action.c(285):     44.186 28.231 71.003 28.231 7.582 0 15.059-0.837 22.34-2.464v300.763h-470.692v-300.761zM49
Action.c(285):     8.226 651.218c-14.121-0.017-24.765-26.412-23.034-38.999 
Action.c(285): t=46689ms: 1012-byte DECODED response body for "https://stage.peapod.com/shop/images/icons/PeapodIcons.json" (RelFrameId=1, Internal ID=25)
Action.c(285):     1.786-14.302 15.073-29.684 25.344-29.684h79.731l-0.063-41.426h-77.111c-19.066-0.644-34.17 
Action.c(285):     3.908-49.529 19.29-21.375 22.403-25.471 54.381-17.28 80.96 7.81 25.918 31.869 48.322 56.06
Action.c(285):     2 50.607l87.406 0.142v-70.617h-40.369v29.726h-41.155z"\n
Action.c(285):           ],\n
Action.c(285):           "grid": 32,\n
Action.c(285):           "tags": [\n
Action.c(285):             "in-store-gntc-inverse"\n
Action.c(285):           ]\n
Action.c(285):         },\n
Action.c(285):         {\n
Action.c(285):           "paths": [\n
Action.c(285):             "M512-0c282.572 0 512 229.143 512 512s-229.428 512-512 512c-282.857 0-512-229.143-
Action.c(285):     512-512 0-139.428 55.714-266 146-358.286 93.143-94.857 222.571-153.714 366-153.714zM677.46
Action.c(285):     9 410.321l39.91-132.286c10.625-35.215-9.522-72.276-44.916-82.78l-10.737-3.187c-35.337-10.4
Action.c(285):     96-72.592 9.435-83.195 44.589l-19.884 65.933c-24.617-33.343-64.109-54.407-107.769-54.407-7
Action.c(285):     3.988 0-133.971 59.903-133.971 133.813 0 8.258 0.767 16.422 2.266 24.422l-44.567-27.131v37
Action.c(285):     5.221c0 48.954 39.988 88.592 89.239 88.592h275.588c49.251 0 89.239-39.637 89.239-88.592v-3
Action.c(285):     75.361l-51.202 31.175zM642.179 424.883l3.173-1.937 3.084 5.052-0.571 0.347-5.686-3.462zM54
Action.c(285):     6.275 343.613l-0.176 0.584c-0.934 
Action.c(285): t=46691ms: 12274-byte ENCODED response body received for "https://stage.peapod.com/shop/images/icons/PeapodIcons.json" (RelFrameId=1, Internal ID=25)
Action.c(285): t=46692ms: 12288-byte DECODED response body for "https://stage.peapod.com/shop/images/icons/PeapodIcons.json" (RelFrameId=1, Internal ID=25)
Action.c(285):     2.873-0.993 6.317-0.004 9.589 2.612 9.113 3.99 18.544 3.99 28.033 0 12.112-2.124 23.919-6.
Action.c(285):     204 35.047l-39.666-24.33-48.402 29.691-48.408-29.691-48.409 29.691-3.676-2.254c-4.836-12.0
Action.c(285):     61-7.358-24.861-7.358-37.977 0-56.749 46.070-102.758 102.915-102.758 42.558 0 79.964 26.06
Action.c(285):     2 95.398 64.374zM578.927 342.889l29.336-97.265c5.652-18.737 25.632-29.426 44.622-23.785l10
Action.c(285):     .741 3.188c18.944 5.622 29.663 25.34 24.021 44.037l-45.431 150.588-35.901-21.884c-5.368-3.
Action.c(285):     216-11.915-3.216-17.169-0.127l-5.662 3.452c0.904-6.279 1.364-12.656 1.364-19.096 0-12.539-
Action.c(285):     1.815-24.935-5.309-37.047-0.199-0.689-0.403-1.376-0.612-2.060zM330.988 449.968l24.207 14.7
Action.c(285):     36 48.781-29.696 48.775 29.696 48.782-29.696 48.775 29.696 48.782-29.696 48.776 29.697 49.
Action.c(285):     75-30.291v320.094c0 31.741-26.023 57.536-58.183 57.536h-275.588c-32.16 0-58.183-25.795-58.
Action.c(285):     183-57.536v-319.957l25.326 15.418zM484.528 659.659c-14.902-0.017-26.135-27.15-24.309-40.08
Action.c(285):     9 1.885-14.702 15.907-30.514 26.747-30.514h84.144l-0.067-42.583h-81.379c-20.121-0.662-36.0
Action.c(285):     62 4.017-52.27 19.829-22.558 23.029-26.881 55.9-18.236 83.222 8.243 26.643 33.632 49.672 5
Action.c(285):     9.164 52.020l92.244 0.146v-72.59h-42.604v30.557h-43.433z"\n
Action.c(285):           ],\n
Action.c(285):           "grid": 32,\n
Action.c(285):           "tags": [\n
Action.c(285):             "pick-up-gntc-inverse"\n
Action.c(285):           ]\n
Action.c(285):         },\n
Action.c(285):         {\n
Action.c(285):           "paths": [\n
Action.c(285):             "M512 0c282.857 0 512 229.143 512 512s-229.143 512-512 512c-282.571 0-512-229.143-
Action.c(285):     512-512 0-139.428 56-266 146.286-358.286 92.857-94.857 222.571-153.714 365.714-153.714zM61
Action.c(285):     8.647 353.564v-58.024h-442.627v410.008h74.664c7.193 40.123 41.919 70.603 83.751 70.603s76.
Action.c(285):     557-30.48 83.751-70.603l215.324 0.001c7.194 40.123 41.919 70.602 83.75 70.602s76.557-30.48
Action.c(285):      83.75-70.602h45.743v-209.854l-99.071-142.13h-129.035zM663.025 690.109v-0.002c0-30.505 24.
Action.c(285):     331-55.159 54.235-55.159s54.235 24.654 54.235 55.161c0 30.51-24.328 55.159-54.235 55.159s-
Action.c(285):     54.235-24.649-54.235-55.159zM801.010 674.666c-7.196-40.118-41.921-70.599-83.75-70.599s-76.
Action.c(285):     554 30.481-83.75 70.599h-14.861v-290.22h112.915l84.307 120.949v169.271h-14.861z",\n
Action.c(285):             "M206.903 326.423h380.862v348.243h-169.585c-7.194-40.119-41.915-70.601-83.743-70.6
Action.c(285):     01s-76.555 30.482-83.75 70.601h-43.784v-348.243zM404.045 519.147c4.575 0.134 8.242-2.195 1
Action.c(285):     0.044-6.192l17.187-51.957-0.010 34.013 0.003 32.945c0.003 15.896 0.003 15.896 0.696 16.53l
Action.c(285):     0.703 0.638 0.806-0.112h6.666c16.453-0.006 18.631-0.007 19.177-0.141 0.775-0.003 1.225-0.0
Action.c(285):     06 1.233-0.010 0.004-0.002 0.008-0.503 0.011-1.436 0.123-0.826 0.125-2.271 0.128-4.993l0.0
Action.c(285):     10-11.897c0.003-9.851 0-23.052-0.010-36.42-0.010-25.409-0.038-54.028-0.069-56.83-0.062-6.0
Action.c(285):     90-2.923-12.657-7.109-16.345-3.609-3.183-9.696-6.972-18.194-6.972-0.985 0-1.99 0.052-2.995
Action.c(285):      0.157-9.37 0.983-11.641 6.254-13.46 10.489-0.202 0.471-0.405 0.941-0.666 1.509-4.158 10.5
Action.c(285):     8-12.626 31.303-16.362 40.419l-18.857-44.156-0.134-0.258c-2.481-4.106-9.219-8.526-18.236-8
Action.c(285):     .526-7.788 0.028-23.125 5.769-23.276 18.939v116.463l29.571 0.021v-2.067c0.014-12.023 0.058
Action.c(285):     -60.515 0.041-83.626 5.4 15.477 14.712 42.026 18.321 52.323l0.25 0.492c1.757 2.538 4.495 5
Action.c(285):     .94 8.159 6.379 2.199 0.671 4.358 0.862 6.369 0.624z",\n
Action.c(285):             "M334.435 634.95c29.905 0 54.235 24.654 54.235 55.159 0 30.51-24.328 55.159-54.235
Action.c(285):      55.159s-54.235-24.649-54.235-55.159c0-30.505 24.331-55.159 54.235-55.159z"\n
Action.c(285):           ],\n
Action.c(285):           "grid": 32,\n
Action.c(285):           "tags": [\n
Action.c(285):             "delivery-mrtn-inverse"\n
Action.c(285):           ]\n
Action.c(285):         },\n
Action.c(285):         {\n
Action.c(285):           "paths": [\n
Action.c(285):             "M512-0c282.857 0 512 229.143 512 512s-229.143 512-512 512c-282.571 0-512-229.143-
Action.c(285):     512-512 0-139.429 56-266 146.286-358.286 92.857-94.857 222.571-153.714 365.714-153.714zM24
Action.c(285):     2.342 271.518l-0.022-0.014-50.8 83.035v4.909c0 37.132 18.56 70.92 48.239 90.544v350.488h54
Action.c(285):     0.411v-350.491c29.676-19.63 48.23-53.415 48.23-90.542v-4.908l-48.227-78.844 0.112-0.069-30
Action.c(285):     .691-49.854h-479.295l-27.242 44.533-0.715 1.213zM264.489 302.064l0.231 0.136 8.221-13.951 
Action.c(285):     16.896-27.617h440.28l17.854 29.002-0.101 0.062 45.526 74.426c-1.593 25.858-16.326 48.672-3
Action.c(285):     8.476 60.36l-0.244 0.127c-0.147 0.077-0.294 0.152-0.44 0.229-9.584 4.918-20.018 7.546-30.7
Action.c(285):     77 7.623-0.163 0.001-0.327 0.002-0.49 0.002-22.65 0-43.511-11.17-56.806-29.842l-14.202-19.
Action.c(285):     946-14.197 19.95c-13.286 18.67-34.146 29.839-56.804 29.839s-43.518-11.169-56.804-29.839l-1
Action.c(285):     4.205-19.96-14.2 19.964c-13.275 18.663-34.14 29.835-56.793 29.835-22.655 0-43.509-11.167-5
Action.c(285):     6.806-29.842l-14.202-19.946-14.197 19.95c-7.038 9.89-16.202 17.676-26.632 22.811-9.257 4.5
Action.c(285):     59-19.512 7.029-30.163 7.029-5.559 0-11.029-0.679-16.341-2.003-5.3-1.32-10.443-3.281-15.36
Action.c(285):     2-5.85l-0.276-0.144c-22.139-11.69-36.863-34.495-38.456-60.345l37.967-62.059zM287.005 466.8
Action.c(285):     4l-0 0.001c3.291 0.32 6.611 0.483 9.952 0.483 26.818 0 51.913-10.36 70.998-28.234 19.089 1
Action.c(285):     7.876 44.18 28.234 71.003 28.234 26.818 0 51.916-10.36 70.998-28.231 19.085 17.873 44.181 
Action.c(285):     28.231 71.003 28.231 26.824 0 51.921-10.359 71.007-28.235 19.089 17.875 44.185 28.235 71.0
Action.c(285):     03 28.235 0.186 0 0.371-0.001 0.557-0.002-0.186 0.001-0.371 0.002-0.557 0.002-26.817 0-51.
Action.c(285):     912-10.359-71.003-28.231-19.087 17.872-44.184 28.231-71.007 28.231-26.821 0-51.917-10.357-
Action.c(285):     71.003-28.227-19.083 17.868-44.182 28.227-70.998 28.227-26.821 0-51.913-10.357-71.003-28.2
Action.c(285):     31-19.086 17.872-44.181 28.231-70.998 28.231-3.341 0-6.661-0.162-9.952-0.483zM723.526 467.
Action.c(285):     322l21.255-2.346c-6.936 1.512-14.047 2.307-21.255 2.346z",\n
Action.c(285):             "M274.617 464.861c7.279 1.626 14.755 2.462 22.34 2.462 26.817 0 51.912-10.359 70.9
Action.c(285):     98-28.231 19.090 17.873 44.182 28.231 71.003 28.231 26.816 0 51.915-10.359 70.998-28.227 1
Action.c(285):     9.086 17.87 44.182 28.227 71.003 28.227 26.823 0 51.92-10.359 71.007-28.231 19.090 17.872 
Action.c(285):     44.186 28.231 71.003 28.231 7.582 0 15.059-0.837 22.34-2.464v300.763h-470.692v-300.761zM51
Action.c(285):     4.343 652.409c5.151 0.151 9.279-2.472 11.309-6.972l19.351-58.5-0.011 38.297 0.004 37.094c0
Action.c(285):     .004 17.897 0.004 17.897 0.784 18.612l0.792 0.718 0.908-0.126h7.506c18.525-0.007 20.977-0.
Action.c(285):     008 21.592-0.159 0.873-0.003 1.379-0.007 1.388-0.012 0.005-0.002 0.008-0.566 0.012-1.617 0
Action.c(285):     .139-0.93 0.14-2.557 0.144-5.622l0.012-13.396c0.004-11.092 0-25.955-0.012-41.007-0.012-28.
Action.c(285):     608-0.042-60.831-0.077-63.987-0.070-6.857-3.291-14.251-8.004-18.404-4.064-3.583-10.917-7.8
Action.c(285):     5-20.486-7.85-1.109 0-2.241 0.059-3.372 0.177-10.55 1.107-13.107 7.041-15.155 11.81-0.228 
Action.c(285):     0.53-0.456 1.060-0.749 1.699-4.682 11.912-14.216 35.245-18.423 45.509l-21.231-49.716-0.151
Action.c(285):     -0.29c-2.793-4.623-10.38-9.6-20.532-9.6-8.769 0.031-26.037 6.496-26.207 21.324v131.129l33.
Action.c(285):     295 0.024v-2.327c0.015-13.537 0.066-68.136 0.046-94.157 6.080 17.426 16.565 47.318 20.629 
Action.c(285):     58.912l0.282 0.553c1.978 2.857 5.061 6.688 9.186 7.182 2.476 0.755 4.906 0.971 7.171 0.702
Action.c(285):     z"\n
Action.c(285):           ],\n
Action.c(285):           "grid": 32,\n
Action.c(285):           "tags": [\n
Action.c(285):             "in-store-mrtn-inverse"\n
Action.c(285):           ]\n
Action.c(285):         },\n
Action.c(285):         {\n
Action.c(285):           "paths": [\n
Action.c(285):             "M512 0c282.572 0 512 229.143 512 512s-229.428 512-512 512c-282.857 0-512-229.143-
Action.c(285):     512-512 0-139.428 55.714-266 146-358.286 93.143-94.857 222.571-153.714 366-153.714zM677.46
Action.c(285):     9 410.321l39.91-132.286c10.625-35.215-9.522-72.276-44.916-82.78l-10.737-3.187c-35.337-10.4
Action.c(285):     96-72.592 9.435-83.195 44.589l-19.884 65.933c-24.617-33.343-64.109-54.407-107.769-54.407-7
Action.c(285):     3.988 0-133.971 59.903-133.971 133.813 0 8.258 0.767 16.422 2.266 24.422l-44.567-27.131v37
Action.c(285):     5.221c0 48.954 39.988 88.592 89.239 88.592h275.588c49.251 0 89.239-39.637 89.239-88.592v-3
Action.c(285):     75.361l-51.202 31.175zM642.179 424.883l3.173-1.937 3.084 5.052-0.571 0.347-5.686-3.462zM54
Action.c(285):     6.275 343.613l-0.176 0.584c-0.934 2.873-0.993 6.317-0.004 9.589 2.612 9.113 3.99 18.544 3.
Action.c(285):     99 28.033 0 12.112-2.124 23.919-6.204 35.047l-39.666-24.33-48.402 29.691-48.408-29.691-48.
Action.c(285):     409 29.691-3.676-2.254c-4.836-12.061-7.358-24.861-7.358-37.977 0-56.749 46.070-102.758 102
Action.c(285):     .915-102.758 42.558 0 79.964 26.062 95.398 64.374zM578.927 342.889l29.336-97.265c5.652-18.
Action.c(285):     737 25.632-29.426 44.622-23.785l10.741 3.188c18.944 5.622 29.663 25.34 24.021 44.037l-45.4
Action.c(285):     31 150.588-35.901-21.884c-5.368-3.216-11.915-3.216-17.169-0.127l-5.662 3.452c0.904-6.279 1
Action.c(285):     .364-12.656 1.364-19.096 0-12.539-1.815-24.935-5.309-37.047-0.199-0.689-0.403-1.376-0.612-
Action.c(285):     2.060zM330.988 449.968l24.207 14.736 48.781-29.696 48.775 29.696 48.782-29.696 48.775 29.6
Action.c(285):     96 48.782-29.696 48.776 29.697 49.75-30.291v320.094c0 31.741-26.023 57.536-58.183 57.536h-
Action.c(285):     275.588c-32.16 0-58.183-25.795-58.183-57.536v-319.957l25.326 15.418zM514.343 669.475c5.151
Action.c(285):      0.151 9.279-2.472 11.309-6.972l19.351-58.5-0.011 38.297 0.004 37.094c0.004 17.897 0.004 1
Action.c(285):     7.897 0.784 18.612l0.792 0.718 0.908-0.126h7.506c18.525-0.007 20.977-0.008 21.592-0.159 0.
Action.c(285):     873-0.003 1.379-0.007 1.388-0.012 0.005-0.002 0.008-0.566 0.012-1.617 0.139-0.93 0.14-2.55
Action.c(285):     7 0.144-5.622l0.012-13.396c0.004-11.092 0-25.955-0.012-41.007-0.012-28.608-0.042-60.831-0.
Action.c(285):     077-63.987-0.070-6.857-3.291-14.251-8.004-18.404-4.064-3.583-10.917-7.85-20.486-7.85-1.109
Action.c(285):      0-2.241 0.059-3.372 0.177-10.55 1.107-13.107 7.041-15.155 11.81-0.228 0.53-0.456 1.060-0.
Action.c(285):     749 1.699-4.682 11.912-14.216 35.245-18.423 45.509l-21.231-49.716-0.151-0.29c-2.793-4.623-
Action.c(285):     10.38-9.6-20.532-9.6-8.769 0.031-26.037 6.496-26.207 21.324v131.129l33.295 0.024v-2.327c0.
Action.c(285):     015-13.537 0.066-68.136 0.046-94.157 6.080 17.426 16.565 47.318 20.629 58.912l0.282 0.553c
Action.c(285):     1.978 2.857 5.061 6.688 9.186 7.182 2.476 0.755 4.906 0.971 7.171 0.702z"\n
Action.c(285):           ],\n
Action.c(285):           "grid": 32,\n
Action.c(285):           "tags": [\n
Action.c(285):             "pick-up-mrtn-inverse"\n
Action.c(285):           ]\n
Action.c(285):         },\n
Action.c(285):         {\n
Action.c(285):           "paths": [\n
Action.c(285):             "M512 0c282.857 0 512 229.143 512 512s-229.143 512-512 512c-282.571 0-512-229.143-
Action.c(285):     512-512 0-139.428 56-266 146.286-358.286 92.857-94.857 222.571-153.714 365.714-153.714zM63
Action.c(285):     2.741 574.329h-321.229c-8.727 0-15.802 7.163-15.802 16s7.075 16 15.802 16h321.229v16.034c0
Action.c(285):      8.727 7.075 15.802 15.802 15.802s15.802-7.075 15.802-15.802v-184.85h49.607c34.597 48.599 
Action.c(285):     51.922 82.198 51.922 97.569 0 14.357-2.964 14.202 53.436 30.212v111.874h-22.645v31.605h38.
Action.c(285):     448c8.727 0 15.802-7.075 15.802-15.802v-139.623c0-7.068-4.694-13.277-11.495-15.204-17.565-
Action.c(285):     4.977-30.687-8.951-39.273-11.886-1.337-0.457-2.55-0.884-3.636-1.28-4.542-25.309-25.078-61.
Action.c(285):     996-61.649-112.533-2.972-4.107-7.733-6.538-12.802-6.538h-57.715v-74.022c0-8.727-7.075-15.8
Action.c(285):     02-15.802-15.802h-337.032c-8.727 0-15.802 7.075-15.802 15.802v86.74c0 8.727 7.075 15.802 1
Action.c(285):     5.802 15.802s15.802-7.075 15.802-15.802v-70.937h305.427v226.641zM427.921 485.51c-1.751 0-3
Action.c(285):     .181 1.412-3.181 3.16l0.273 1.283c11.391 23.419 35.427 39.571 63.255 39.571s51.863-16.152 
Action.c(285):     63.255-39.571l0.273-1.283c0-1.748-1.43-3.16-3.181-3.16h-120.693zM443.313 408.458c-0.932-0.
Action.c(285):     946-2.442-0.946-3.374 0l-0.546 0.818c-6.427 18.51-2.233 39.86 12.564 54.649 14.797 14.773 
Action.c(285):     36.198 18.959 54.723 12.543h0.016l0.819-0.529c0.932-0.946 0.932-2.438 0-3.384l-64.203-64.0
Action.c(285):     96zM506.396 391.635l-0.723 0.16c-13.159 6.368-22.236 19.842-22.236 35.449 0 15.591 9.062 2
Action.c(285):     9.065 22.236 35.465l0.723 0.144c0.996 0 1.783-0.802 1.783-1.78v-67.657c0-0.978-0.787-1.78-
Action.c(285):     1.783-1.78zM551.897 431.673v-1.909l-0.466-0.305c-10.492-3.625-22.606-1.267-30.993 7.106-8.
Action.c(285):     371 8.357-10.749 20.451-7.101 30.925l0.305 0.481h1.912l36.343-36.299zM693.899 526.024c-8.7
Action.c(285):     27 0-15.802 7.075-15.802 15.802s7.075 15.802 15.802 15.802h44.531c11.218 0 18.864-11.364 1
Action.c(285):     4.638-21.756l-30.584-75.204c-3.288-8.084-12.507-11.973-20.591-8.685s-11.973 12.507-8.685 2
Action.c(285):     0.591l21.736 53.448h-21.045zM716.392 751.899c33.567 0 60.789-27.177 60.789-60.715s-27.222-
Action.c(285):     60.715-60.789-60.715c-33.567 0-60.789 27.177-60.789 60.715s27.222 60.715 60.789 60.715zM71
Action.c(285):     6.392 720.294c-16.124 0-29.184-13.039-29.184-29.11s13.060-29.11 29.184-29.11c16.124 0 29.1
Action.c(285):     84 13.039 29.184 29.11s-13.060 29.11-29.184 29.11zM423.978 751.899c33.567 0 60.789-27.177 
Action.c(285):     60.789-60.715s-27.222-60.715-60.789-60.715c-33.567 0-60.789 27.177-60.789 60.715s27.222 60
Action.c(285):     .715 60.789 60.715zM423.978 720.294c-16.124 0-29.184-13.039-29.184-29.11s13.060-29.11 29.1
Action.c(285):     84-29.11c16.124 0 29.184 13.039 29.184 29.11s-13.060 29.11-29.184 29.11zM515.55 703.61h100
Action.c(285):     .507c8.727 0 15.802-7.163 15.802-16s-7.075-16-15.802-16h-100.507c-8.727 0-15.802 7.163-15.
Action.c(285):     802 16s7.075 16 15.802 16zM200.651 408.655h71.632c8.727 0 15.802-7.163 15.802-16s-7.075-16
Action.c(285):     -15.802-16h-71.632c-8.727 0-15.802 7.163-15.802 16s7.075 16 15.802 16zM232.784 479.051h137
Action.c(285):     .462c8.727 0 15.802-7.163 15.802-16s-7.075-16-15.802-16h-137.462c-8.727 0-15.802 7.163-15.
Action.c(285):     802 16s7.075 16 15.802 16zM196.634 548.848h75.649c8.727 0 15.802-7.163 15.802-16s-7.075-16
Action.c(285):     -15.802-16h-75.649c-8.727 0-15.802 7.163-15.802 16s7.075 16 15.802 16z"\n
Action.c(285):           ],\n
Action.c(285):           "grid": 32,\n
Action.c(285):           "tags": [\n
Action.c(285):             "delivery-gntl-inverse"\n
Action.c(285):           ]\n
Action.c(285):         },\n
Action.c(285):         {\n
Action.c(285):           "paths": [\n
Action.c(285):             "M512-0c282.857 0 512 229.143 512 512s-229.143 512-512 512c-282.571 0-512-229.143-
Action.c(285):     512-512 0-139.429 56-266 146.286-358.286 92.857-94.857 222.571-153.714 365.714-153.714
Action.c(285): t=46717ms: 12288-byte DECODED response body for "https://stage.peapod.com/shop/images/icons/PeapodIcons.json" (RelFrameId=1, Internal ID=25)
Action.c(285):     zM267.624 757.052h-29.863c-9.426 0-17.067 7.641-17.067 17.067s7.641 17.067 17.067 17.067h5
Action.c(285):     63.982c9.426 0 17.067-7.641 17.067-17.067s-7.641-17.067-17.067-17.067h-29.867v-235.959h-34
Action.c(285):     .133v235.959h-287.95v-235.959h-34.133v235.959h-113.903v-235.963h-34.133v235.963zM573.19 68
Action.c(285):     5.665l103.448-102.463c6.697-6.633 6.748-17.439 0.115-24.136s-17.439-6.748-24.136-0.115l-10
Action.c(285):     3.448 102.463c-6.697 6.633-6.748 17.439-0.115 24.136s17.439 6.748 24.136 0.115zM663.525 70
Action.c(285):     2.072l42.923-42.283c6.715-6.615 6.796-17.42 0.181-24.135s-17.42-6.796-24.135-0.181l-42.923
Action.c(285):      42.283c-6.715 6.615-6.796 17.42-0.181 24.135s17.42 6.796 24.135 0.181zM363.853 602.919v34
Action.c(285):     .154c0 9.426 7.641 17.067 17.067 17.067s17.067-7.641 17.067-17.067v-34.154c0-9.426-7.641-1
Action.c(285):     7.067-17.067-17.067s-17.067 7.641-17.067 17.067zM695.912 430.569c0-9.426-7.641-17.067-17.0
Action.c(285):     67-17.067s-17.067 7.641-17.067 17.067c0 19.499-16.537 35.656-36.693 35.656-20.017 0-36.163
Action.c(285):     -15.997-36.163-35.656 0-9.426-7.641-17.067-17.067-17.067s-17.067 7.641-17.067 17.067c0 19.
Action.c(285):     651-16.159 35.656-36.163 35.656-19.756 0-35.752-15.615-36.135-34.946 0.002-0.237 0.004-0.4
Action.c(285):     73 0.004-0.71 0-8.654-6.441-15.803-14.79-16.915-0.748-0.1-1.512-0.152-2.287-0.152-9.426 0-
Action.c(285):     17.067 7.641-17.067 17.067 0 0.237 0.001 0.474 0.004 0.71-0.384 19.325-16.394 34.946-36.15
Action.c(285):     6 34.946-19.837 0-35.591-15.838-35.591-35.656 0-8.654-6.441-15.803-14.79-16.915-0.748-0.1-
Action.c(285):     1.512-0.152-2.287-0.152-9.426 0-17.067 7.641-17.067 17.067 0 19.826-15.74 35.656-35.591 35
Action.c(285):     .656-19.998 0-36.142-15.999-36.142-35.656v-41.12l58.926-100.633h43.989l-10.29 43.149c-2.18
Action.c(285):     7 9.169 3.473 18.374 12.642 20.56s18.374-3.473 20.56-12.642l12.179-51.067h50.052l-2.918 46
Action.c(285):     .028c-0.596 9.407 6.546 17.516 15.953 18.112s17.516-6.546 18.112-15.953l3.055-48.188h51.97
Action.c(285):     4l3.078 48.556c0.596 9.407 8.705 16.549 18.112 15.953s16.549-8.705 15.953-18.112l-2.941-46
Action.c(285):     .397h64.114l12.267 51.439c2.187 9.169 11.392 14.829 20.56 12.642s14.829-11.392 12.642-20.5
Action.c(285):     6l-10.379-43.521h32.688l45.166 78.698h-444.021c-9.426 0-17.067 7.641-17.067 17.067s7.641 1
Action.c(285):     7.067 17.067 17.067h456.564v28.922c0 19.651-16.159 35.656-36.163 35.656-20.156 0-36.693-16
Action.c(285):     .157-36.693-35.656zM678.846 475.893c13.036 14.972 32.36 24.466 53.76 24.466 38.782 0 70.29
Action.c(285):     6-31.214 70.296-69.79v-45.749c0-2.981-0.781-5.91-2.265-8.495l-64.894-113.071c-3.043-5.302-
Action.c(285):     8.689-8.571-14.802-8.571h-401.069c-6.060 0-11.665 3.213-14.728 8.443l-66.209 113.071c-1.53
Action.c(285):     2 2.616-2.339 5.592-2.339 8.624v45.749c0 38.577 31.495 69.79 70.275 69.79 21.114 0 39.921-
Action.c(285):     9.252 52.666-23.924 12.747 14.672 31.554 23.924 52.659 23.924 21.253 0 40.323-9.374 53.22-
Action.c(285):     24.196 12.892 14.822 31.956 24.196 53.208 24.196 21.256 0 40.329-9.377 53.226-24.203 12.89
Action.c(285):     5 14.827 31.968 24.203 53.233 24.203 21.4 0 40.724-9.494 53.76-24.466z"\n
Action.c(285):           ],\n
Action.c(285):           "grid": 32,\n
Action.c(285):           "tags": [\n
Action.c(285):             "in-store-gntl-inverse"\n
Action.c(285):           ]\n
Action.c(285):         },\n
Action.c(285):         {\n
Action.c(285):           "paths": [\n
Action.c(285):             "M512-0c282.572 0 512 229.143 512 512s-229.428 512-512 512c-282.857 0-512-229.143-
Action.c(285):     512-512 0-139.428 55.714-266 146-358.286 93.143-94.857 222.571-153.714 366-153.714zM582.78
Action.c(285):     9 281.188c-18.614 10.429-31.196 30.344-31.196 53.198v30.078h34.133v-30.078c0-14.803 12-26.
Action.c(285):     803 26.803-26.803s26.803 12 26.803 26.803v30.078h34.133v-30.078c0-32.177-24.94-58.53-56.54
Action.c(285):     4-60.781v-60.523h-198.413v56.134h34.133v-22.001h130.146v33.972zM329.646 723.022v-291.554l1
Action.c(285):     6.336 16.2 33.403-33.125 33.403 33.125 33.403-33.125 33.403 33.125 33.403-33.125 33.403 33
Action.c(285):     .125 33.403-33.125 32.062 31.795 32.062-31.795 32.062 31.795 14.995-14.87v291.554h-361.339
Action.c(285):     zM690.985 757.155v39.162h-361.339v-39.162h361.339zM444.070 609.215c11.454 23.385 35.709 39
Action.c(285):     .421 62.66 39.087 27.961 0 51.88-15.701 63.334-39.087 0.337-0.334 0.337-1.002 0.337-1.336 
Action.c(285):     0-1.67-1.348-3.007-3.032-3.007h-120.603c-1.684 0-3.032 1.336-3.032 3.007 0 0.668 0 1.002 0
Action.c(285):     .337 1.336zM458.556 529.372c-6.401 18.374-2.358 39.421 12.801 54.454 14.823 14.699 36.046 
Action.c(285):     18.708 54.575 12.361 0-0.334 0.337-0.334 0.674-0.668 1.011-1.002 1.011-2.339 0-3.341l-64.0
Action.c(285):     07-63.474c-1.011-1.002-2.358-1.002-3.369 0-0.337 0-0.674 0.334-0.674 0.668zM524.922 512c-1
Action.c(285):     3.138 6.347-22.234 19.71-22.234 35.412 0 15.367 9.096 28.73 22.234 35.078 0.337 0 0.337 0 
Action.c(285):     0.674 0 1.011 0 1.684-0.668 1.684-1.67v-67.149c0-1.002-0.674-1.67-1.684-1.67-0.337 0-0.337
Action.c(285):      0-0.674 0zM570.401 549.416c-10.443-3.675-22.571-1.336-31.33 7.35-8.422 8.352-10.78 20.378
Action.c(285):     -7.075 30.735 0 0 0.337 0.334 0.337 0.334 0.674 0.668 1.348 0.668 2.021 0l36.383-36.080c0.
Action.c(285):     674-0.668 0.674-1.336 0-2.004 0-0.334-0.337-0.334-0.337-0.334zM725.118 349.548l-49.129 48.
Action.c(285):     719-32.062-31.795-32.062 31.795-32.062-31.795-33.403 33.125-33.403-33.125-33.403 33.125-33
Action.c(285):     .403-33.125-33.403 33.125-33.403-33.125-33.403 33.125-50.47-50.049v480.903h429.606v-480.90
Action.c(285):     3zM502.241 321.728v42.736h34.133v-76.87h-196.764v76.87h34.133v-42.736h128.498z"\n
Action.c(285):           ],\n
Action.c(285):           "grid": 32,\n
Action.c(285):           "tags": [\n
Action.c(285):             "pick-up-gntl-inverse"\n
Action.c(285):           ]\n
Action.c(285):         },\n
Action.c(285):         {\n
Action.c(285):           "paths": [\n
Action.c(285):             "M0 512c0-282.77 229.23-512 512-512s512 229.23 512 512c0 282.77-229.23 512-512 512
Action.c(285):     s-512-229.23-512-512zM173.949 472.85c-9.084 0-16.41 7.324-16.41 16.406s7.619 16.406 16.703
Action.c(285):      16.406c9.084-0.293 16.117-7.617 16.117-16.699s-7.619-16.406-16.41-16.113zM157.885 541.768
Action.c(285):     c0 9.082 7.324 16.406 16.406 16.406 9.082-0.293 16.406-7.617 16.406-16.699-0.293-9.082-7.6
Action.c(285):     17-16.406-16.699-16.113-9.082 0-16.406 7.324-16.113 16.406zM862.205 521.449c-0.288-0.575-0
Action.c(285):     .288-0.575-0.288-0.575-51.238-91.65-51.238-91.65-51.238-91.65-5.181-11.492-16.408-18.675-2
Action.c(285):     9.073-18.675-104.203 0-104.203 0-104.203 0 0-52.289 0-52.289 0-52.289 0-31.029-25.331-56.3
Action.c(285):     12-56.419-56.312-407.026 0-407.026 0-407.026 0-31.088 0-56.419 25.283-56.419 56.312 0 88.4
Action.c(285):     9 0 88.49 0 88.49 0 8.906 7.196 16.089 16.12 16.089s16.12-7.183 16.12-16.089c0-88.49 0-88.
Action.c(285):     49 0-88.49 0-13.216 10.938-24.134 24.18-24.134 407.026 0 407.026 0 407.026 0 13.241 0 24.1
Action.c(285):     8 10.918 24.18 24.134 0 83.893 0 83.893 0 83.893 0 211.743 0 211.743 0 211.743 0 13.216-10
Action.c(285):     .939 24.134-24.18 24.134-266.841 0-266.841 0-266.841 0-8.636-32.465-38.572-56.312-73.691-5
Action.c(285):     6.312-34.83 0-64.479 23.272-73.691 55.162-9.787-3.16-16.983-12.354-16.983-22.984 0-66.367 
Action.c(285):     0-66.367 0-66.367 0-8.906-7.196-16.089-16.12-16.089s-16.12 7.183-16.12 16.089c0 66.367 0 6
Action.c(285):     6.367 0 66.367 0 27.869 20.438 51.14 47.208 55.45 5.469 36.775 37.421 65.218 75.706 65.218
Action.c(285):      37.997 0 69.661-27.868 75.706-64.356 264.826 0 264.826 0 264.826 0 11.514 0 22.453-3.735 
Action.c(285):     31.664-9.768 5.181 6.321 13.241 10.63 21.877 11.205 6.621 35.626 37.709 62.92 75.418 62.92
Action.c(285):      37.421 0 68.797-27.294 75.418-62.92 35.406 0 35.406 0 35.406 0 17.559 0 31.952-14.078 31.
Action.c(285):     952-31.604 0-126.701 0-126.701 0-126.701 0-17.238-13.529-31.029-30.513-31.891zM280.452 742
Action.c(285):     .386c-24.468 0-44.33-19.824-44.33-44.245s19.862-44.245 44.33-44.245c24.468 0 44.329 19.824
Action.c(285):      44.329 44.245s-19.862 44.245-44.329 44.245zM677.403 488.984c65.919 0 65.919 0 65.919 0 1.
Action.c(285):     151 0 2.303 0.575 2.879 1.724 13.529 32.178 13.529 32.178 13.529 32.178 0.576 1.149 0.288 
Action.c(285):     2.298 0 2.873-0.576 0.575-1.439 1.437-2.879 1.437-79.448 0-79.448 0-79.448 0v-38.211zM749.
Action.c(285):     942 742.386c-24.468 0-44.329-19.824-44.329-44.245s19.862-44.245 44.329-44.245c24.468 0 44.
Action.c(285):     33 19.824 44.33 44.245s-19.862 44.245-44.33 44.245zM860.478 679.466c-36.27 0-36.27 0-36.27
Action.c(285):      0-8.348-33.040-38.573-57.748-74.266-57.748-33.679 0-62.464 21.835-72.539 52.002 0-19.824 
Action.c(285):     0-19.824 0-19.824 0-94.523 0-94.523 0-94.523 79.448 0 79.448 0 79.448 0 12.090 0 23.028-6.
Action.c(285):     033 29.649-15.802 6.621-10.056 7.772-22.41 2.879-33.615-13.529-31.891-13.529-31.891-13.529
Action.c(285):     -31.891-5.757-12.929-18.423-21.261-32.527-21.261-65.919 0-65.919 0-65.919 0 0-14.078 0-14.
Action.c(285):     078 0-14.078 103.915 0 103.915 0 103.915 0 0.288 0.575 0.288 0.575 0.288 0.575 51.238 91.6
Action.c(285):     5 51.238 91.65 51.238 91.65 5.181 10.918 15.544 18.1 27.634 18.675v125.839zM575.791 456.80
Action.c(285):     6c0-36.775-29.937-66.367-66.494-66.367-36.845 0-66.494 29.592-66.494 66.367 0 36.488 29.64
Action.c(285):     9 66.367 66.494 66.367 36.557 0 66.494-29.88 66.494-66.367zM475.042 456.806c0-18.962 15.25
Action.c(285):     6-34.189 34.255-34.189 18.71 0 34.255 15.227 34.255 34.189 0 18.675-15.544 34.189-34.255 3
Action.c(285):     4.189-18.998 0-34.255-15.514-34.255-34.189z"\n
Action.c(285):           ],\n
Action.c(285):           "grid": 32,\n
Action.c(285):           "tags": [\n
Action.c(285):             "delivery-stsh-inverse"\n
Action.c(285):           ]\n
Action.c(285):         },\n
Action.c(285):         {\n
Action.c(285):           "paths": [\n
Action.c(285):             "M0 512c0-282.77 229.23-512 512-512s512 229.23 512 512c0 282.77-229.23 512-512 512
Action.c(285):     s-512-229.23-512-512zM226.462 614.4c-7.267 0-13.128 6.095-13.128 13.363 0 7.033 6.095 12.8
Action.c(285):     94 13.363 12.894s12.894-6.095 12.894-13.363c0-7.033-5.861-12.894-13.128-12.894zM213.34 667
Action.c(285):     .161c0 7.040 5.809 12.907 13.012 12.907s13.012-6.101 13.012-13.376c-0.232-7.040-6.041-12.9
Action.c(285):     07-13.244-12.907s-13.012 6.101-12.78 13.376zM881.504 420.821c-116.266-113.479-116.266-113.
Action.c(285):     479-116.266-113.479 0-73.305 0-73.305 0-73.305 0-8.087-6.532-14.609-14.631-14.609-468.982 
Action.c(285):     0-468.982 0-468.982 0-8.099 0-14.631 6.522-14.631 14.609 0 76.174 0 76.174 0 76.174-109.99
Action.c(285):     5 109.827-109.995 109.827-109.995 109.827-6.271 1.565-10.712 7.304-10.712 14.087 0 54.783 
Action.c(285):     0 54.783 0 54.783 0 7.826 6.532 14.609 14.631 14.609 53.038 0 53.038 0 53.038 0 0 76.957 0
Action.c(285):      76.957 0 76.957 0 8.087 6.532 14.609 14.631 14.609s14.631-6.522 14.631-14.609c0-76.957 0-
Action.c(285):     76.957 0-76.957 551.283 0 551.283 0 551.283 0 0 272.089 0 272.089 0 272.089-363.951 0-363.
Action.c(285):     951 0-363.951 0 0-237.393 0-237.393 0-237.393 0-8.087-6.532-14.609-14.631-14.609-131.681 0
Action.c(285):     -131.681 0-131.681 0-8.099 0-14.631 6.522-14.631 14.609 0 237.393 0 237.393 0 237.393-26.3
Action.c(285):     88 0-26.388 0-26.388 0 0-65.479 0-65.479 0-65.479 0-8.087-6.532-14.609-14.631-14.609s-14.6
Action.c(285):     31 6.522-14.631 14.609c0 80.088 0 80.088 0 80.088 0 7.826 6.532 14.609 14.631 14.609 580.5
Action.c(285):     45 0 580.545 0 580.545 0 8.099 0 14.631-6.783 14.631-14.609 0-286.698 0-286.698 0-286.698 
Action.c(285):     46.768 0 46.768 0 46.768 0 7.838 0 14.631-6.783 14.631-14.609 0-52.696 0-52.696 0-52.696 1
Action.c(285):     .829-5.217 0.523-11.478-3.658-15.391zM298.868 552.822c102.418 0 102.418 0 102.418 0 0 219.
Action.c(285):     915 0 219.915 0 219.915-102.418 0-102.418 0-102.418 0v-219.915zM735.975 248.646c0 52.957 0
Action.c(285):      52.957 0 52.957-439.72 0-439.72 0-439.72 0 0-52.957 0-52.957 0-52.957h439.72zM287.634 330
Action.c(285):     .821c459.577 0 459.577 0 459.577 0s0.261 0 0.261 0c88.049 85.827 88.049 85.827 88.049 85.8
Action.c(285):     27-633.845 0-633.845 0-633.845 0l85.958-85.827zM855.899 474.3c-680.351 0-680.351 0-680.351
Action.c(285):      0 0-25.565 0-25.565 0-25.565 680.351 0 680.351 0 680.351 0v25.565zM756.094 722.65c8.099 0
Action.c(285):      14.631-6.783 14.631-14.609 0-161.74 0-161.74 0-161.74 0-8.087-6.532-14.609-14.631-14.609-
Action.c(285):     281.651 0-281.651 0-281.651 0-8.099 0-14.631 6.522-14.631 14.609 0 161.74 0 161.74 0 161.7
Action.c(285):     4 0 7.826 6.532 14.609 14.631 14.609h281.651zM489.074 560.909c252.388 0 252.388 0 252.388 
Action.c(285):     0 0 132.523 0 132.523 0 132.523-252.388 0-252.388 0-252.388 0v-132.523z"\n
Action.c(285):           ],\n
Action.c(285):           "grid": 32,\n
Action.c(285):           "tags": [\n
Action.c(285):             "in-store-stsh-inverse"\n
Action.c(285):           ]\n
Action.c(285):         },\n
Action.c(285):         {\n
Action.c(285):           "paths": [\n
Action.c(285):             "M0 512c0-282.77 229.23-512 512-512s512 229.23 512 512c0 282.77-229.23 512-512 512
Action.c(285):     s-512-229.23-512-512zM598.11 454.179c-35.551-145.347-35.551-145.347-35.551-145.347-8.451-3
Action.c(285):     4.838-40.214-59.395-76.93-59.395-208.645 0-208.645 0-208.645 0-36.717 0-68.48 24.558-76.93
Action.c(285):      59.395-35.842 146.775-35.842 146.775-35.842 146.775-19.815 14.278-32.929 37.122-32.929 62
Action.c(285):     .822 0 96.518 0 96.518 0 96.518 0 32.268 20.398 60.252 49.247 71.674-0.874 4.569-1.457 9.4
Action.c(285):     23-1.457 14.278 0 33.41 27.683 60.538 61.777 60.538s61.777-27.128 61.777-60.538c0-2.856-0.
Action.c(285):     291-5.711-0.583-8.281 160.563 0 160.563 0 160.563 0-0.291 2.57-0.583 5.425-0.583 8.281 0 3
Action.c(285):     3.41 27.683 60.538 61.777 60.538s61.777-27.128 61.777-60.538c0-4.854-0.583-9.423-1.748-14.
Action.c(285):     278 29.14-11.422 49.538-39.407 49.538-71.674 0-96.518 0-96.518 0-96.518 0-26.842-13.987-50
Action.c(285):     .543-35.26-64.25zM531.087 316.256c30.306 125.073 30.306 125.073 30.306 125.073-2.331-0.286
Action.c(285):     -4.954-0.571-7.285-0.571-157.358 0-157.358 0-157.358 0 0-159.34 0-159.34 0-159.34 88.878 0
Action.c(285):      88.878 0 88.878 0 21.564 0 40.214 14.278 45.459 34.838zM231.816 316.256c4.954-20.56 23.60
Action.c(285):     4-34.838 45.167-34.838 87.13 0 87.13 0 87.13 0 0 159.34 0 159.34 0 159.34-153.569 0-153.56
Action.c(285):     9 0-153.569 0-3.206 0-6.411 0.286-9.325 0.571l30.597-125.073zM269.99 700.898c0 15.706-13.1
Action.c(285):     13 28.556-29.14 28.556-16.318 0-29.14-12.85-29.14-28.556 0-2.856 0.291-5.711 1.166-8.281 5
Action.c(285):     5.949 0 55.949 0 55.949 0 0.583 2.57 1.166 5.425 1.166 8.281zM523.802 729.454c-16.027 0-29
Action.c(285):     .14-12.85-29.14-28.556 0-2.856 0.291-5.711 1.166-8.281 55.949 0 55.949 0 55.949 0 0.874 2.
Action.c(285):     57 1.166 5.425 1.166 8.281 0 15.706-13.113 28.556-29.14 28.556zM600.732 614.946c0 25.129-2
Action.c(285):     0.981 45.689-46.625 45.689-274.793 0-274.793 0-274.793 0-68.771 0-68.771 0-68.771 0-25.644
Action.c(285):      0-46.625-20.56-46.625-45.689 0-96.518 0-96.518
Action.c(285): t=46745ms: 12288-byte DECODED response body for "https://stage.peapod.com/shop/images/icons/PeapodIcons.json" (RelFrameId=1, Internal ID=25)
Action.c(285):      0-96.518 0-25.129 20.981-45.689 46.625-45.689 343.564 0 343.564 0 343.564 0 25.644 0 46.6
Action.c(285):     25 20.56 46.625 45.689v96.518zM573.34 573.541c0-8.852-7.285-15.991-16.319-15.991s-16.318 7
Action.c(285):     .139-16.318 15.991c0 9.138-7.577 16.562-16.901 16.562s-16.901-7.424-16.901-16.562c0-8.852-
Action.c(285):     7.285-15.991-16.319-15.991s-16.318 7.139-16.318 15.991c0 26.842 22.147 48.544 49.538 48.54
Action.c(285):     4s49.538-21.702 49.538-48.544zM447.163 546.413c0-8.852-7.285-15.991-16.318-15.991 0 0 0 0-
Action.c(285):     97.037 0-9.034 0-16.318 7.139-16.318 15.991s7.285 15.991 16.318 15.991c0 0 0 0 97.037 0 9.
Action.c(285):     033 0 16.318-7.139 16.318-15.991zM447.163 602.382c0-8.852-7.285-15.991-16.318-15.991 0 0 0
Action.c(285):      0-97.037 0-9.034 0-16.318 7.139-16.318 15.991s7.285 15.991 16.318 15.991c0 0 0 0 97.037 0
Action.c(285):      9.033 0 16.318-7.139 16.318-15.991zM290.388 573.541c0-8.852-7.285-15.991-16.318-15.991s-1
Action.c(285):     6.319 7.139-16.319 15.991c0 9.138-7.576 16.562-16.901 16.562s-16.901-7.424-16.901-16.562c0
Action.c(285):     -8.852-7.285-15.991-16.318-15.991s-16.319 7.139-16.319 15.991c0 26.842 22.147 48.544 49.53
Action.c(285):     8 48.544 27.101 0 49.538-21.702 49.538-48.544zM878.439 491.586c0.583-3.427 0.874-6.853 0.8
Action.c(285):     74-10.28 0-34.838-28.849-63.108-64.4-63.108-13.696 0-26.226 3.998-36.717 11.137-1.457-8.56
Action.c(285):     7-1.457-8.567-1.457-8.567-2.331-14.563-10.199-27.699-22.438-36.551s-27.101-12.279-42.254-9
Action.c(285):     .994c-30.889 4.569-52.453 32.839-47.499 63.393 8.451 55.112 8.451 55.112 8.451 55.112-5.53
Action.c(285):     7 2.57-9.325 7.996-9.325 14.278 0 169.905 0 169.905 0 169.905 0 46.545 38.757 84.524 86.54
Action.c(285):     7 84.524 55.949 0 55.949 0 55.949 0 41.088 0 76.639-28.555 84.798-68.248 1.748-8.567-4.080
Action.c(285):     -17.133-13.113-18.847-8.742-1.713-17.193 3.998-18.941 12.85-4.954 24.558-27.1 42.262-52.74
Action.c(285):     4 42.262-55.949 0-55.949 0-55.949 0-29.723 0-53.91-23.701-53.91-52.542 0-153.914 0-153.914
Action.c(285):      0-153.914 77.513 0 77.513 0 77.513 0 81.301 0 81.301 0 81.301 0 0.291 0 0.291 0 0.291 0 2
Action.c(285):     .914 0 2.914 0 2.914 0 0.291 23.415 0.291 23.415 0.291 23.415 0 8.852 7.285 15.991 16.318 
Action.c(285):     15.991 9.034-0.286 16.319-7.425 16.319-16.277-0.291-39.121-0.291-39.121-0.291-39.121 0-7.4
Action.c(285):     24-5.245-13.707-12.53-15.42zM814.913 450.181c17.484 0 31.763 13.992 31.763 31.126 0 3.427-
Action.c(285):     0.583 6.568-1.457 9.709-57.406 0-57.406 0-57.406 0-3.205-19.703-3.205-19.703-3.205-19.703 
Action.c(285):     4.371-12.564 16.319-21.131 30.306-21.131zM717.002 405.634c6.411-0.857 12.822 0.571 18.067 
Action.c(285):     4.283 5.245 3.998 8.451 9.423 9.616 15.705 7.285 47.402 7.285 47.402 7.285 47.402 2.914 17
Action.c(285):     .99 2.914 17.99 2.914 17.99-49.247 0-49.247 0-49.247 0-9.034-58.253-9.034-58.253-9.034-58.
Action.c(285):     253-2.040-12.85 7.285-25.129 20.398-27.128zM853.333 590.769c0 7.25 5.878 13.128 13.128 13.
Action.c(285):     128s13.128-5.878 13.128-13.128c0-7.25-5.878-13.128-13.128-13.128s-13.128 5.878-13.128 13.1
Action.c(285):     28zM853.333 643.282c0 7.25 5.878 13.128 13.128 13.128s13.128-5.878 13.128-13.128c0-7.25-5.
Action.c(285):     878-13.128-13.128-13.128s-13.128 5.878-13.128 13.128z"\n
Action.c(285):           ],\n
Action.c(285):           "grid": 32,\n
Action.c(285):           "tags": [\n
Action.c(285):             "pick-up-stsh-inverse"\n
Action.c(285):           ]\n
Action.c(285):         },\n
Action.c(285):         {\n
Action.c(285):           "paths": [\n
Action.c(285):             "M480.539 899.822h88.928c41.465 0 75.104-33.639 75.104-75.104v-112.432h-239.136v11
Action.c(285):     2.432c0 41.469 33.627 75.104 75.104 75.104zM580.571 776.286v48.432c0 6.119-4.985 11.104-11
Action.c(285):     .104 11.104h-88.928c-6.128 0-11.104-4.978-11.104-11.104v-48.432h111.136z",\n
Action.c(285):             "M580.571 776.283h63.648l0.352-25.896v-38.104h-177.58c-6.102-44.586-23.753-86.445-
Action.c(285):     51.133-121.991l-2.141-2.502c-26.239-27.646-40.89-64.499-40.89-104.579 0-84.055 68.121-152.
Action.c(285):     176 152.176-152.176 84.045 0 152.176 68.127 152.176 152.176 0 40.080-14.652 76.933-40.89 1
Action.c(285):     04.579l-2.136 2.495c-33.768 43.816-52.733 97.244-53.499 153.563l31.997 0.435v-32h-32.080v6
Action.c(285):     4zM644.648 744.718c0.569-41.832 14.451-81.431 39.277-114.161 36.781-39.409 57.254-91.51 57
Action.c(285):     .254-147.346 0-119.396-96.786-216.176-216.176-216.176-119.401 0-216.176 96.775-216.176 216
Action.c(285):     .176 0 55.834 20.472 107.934 57.251 147.342 24.824 32.748 38.712 72.35 39.28 114.164l0.429
Action.c(285):      31.565h238.784v-25.896l0.077-5.669z",\n
Action.c(285):             "M493 128v67.894h64v-67.894z",\n
Action.c(285):             "M192 495.337h48v-64h-48z",\n
Action.c(285):             "M810.008 495.337h48v-64h-48z",\n
Action.c(285):             "M246.755 246.667l42.704 51.84 49.398-40.692-42.704-51.84z",\n
Action.c(285):             "M753.84 205.975l-42.704 51.84 49.398 40.692 42.704-51.84z"\n
Action.c(285):           ],\n
Action.c(285):           "grid": 32,\n
Action.c(285):           "tags": [\n
Action.c(285):             "Order-Genius_GM"\n
Action.c(285):           ]\n
Action.c(285):         },\n
Action.c(285):         {\n
Action.c(285):           "paths": [\n
Action.c(285):             "M490.365 428.746l-320.149 320.147c-13.59 13.59-13.59 35.536-0.16 49.158l73.81 73.
Action.c(285):     796c13.614 13.614 35.7 13.614 49.316-0.002l320.164-320.149c48.31 8.564 98.404-6.421 134.07
Action.c(285):     0-42.070l147.913-147.932-45.258-45.252-147.906 147.925c-23.201 23.19-56.93 31.265-87.872 2
Action.c(285):     1.877-12.076-3.762-25.519-0.486-34.671 8.666l-311.102 311.087-32.453-32.446 311.098-311.09
Action.c(285):     8c9.156-9.357 12.378-22.576 8.64-34.771-9.363-30.845-1.285-64.584 21.904-87.773l147.907-14
Action.c(285):     7.907-45.255-45.255-147.907 147.907c-35.698 35.698-50.679 85.889-42.091 134.093zM601.242 5
Action.c(285):     48.591c-1.932-0.195-3.86-0.585-5.755-1.175 2.121 0.644 4.25 1.24 6.385 1.789l-0.63-0.614z"
Action.c(285):     ,\n
Action.c(285):             "M640.173 447.146l172.33-172.308-45.252-45.258-172.33 172.308z",\n
Action.c(285):             "M483.504 526.114l45.255-45.255-298.776-298.776-22.627 22.63c-18.94 18.942-32.236 
Action.c(285):     39.416-39.84 61.206-24.423 69.993 9.843 139.298 78.045 204.945 17.672 17.010 36.494 32.558
Action.c(285):      55.317 46.396 11.365 8.355 20.332 14.364 25.736 17.722 2.447 1.702 9.002 6.26 17.76 12.50
Action.c(285):     2 14.638 10.434 29.942 21.69 45.126 33.321l25.403 19.46 38.919-50.806-25.403-19.46c-15.812
Action.c(285):     -12.112-31.696-23.795-46.898-34.631-9.146-6.519-16.067-11.332-19.999-14.011-5.194-3.261-12
Action.c(285):     .798-8.357-22.738-15.664-16.685-12.266-33.373-26.051-48.842-40.941-52.017-50.069-75.807-98
Action.c(285):     .184-62.001-137.749 1.327-3.803 3.004-7.603 5.050-11.402l250.512 250.512z",\n
Action.c(285):             "M715.501 804.814l-222.896-222.896-45.255 45.255 268.151 268.151 113.862-113.862-2
Action.c(285):     68.134-268.152-45.271 45.239 222.897 222.911z"\n
Action.c(285):           ],\n
Action.c(285):           "grid": 32,\n
Action.c(285):           "tags": [\n
Action.c(285):             "Recipes_GM"\n
Action.c(285):           ]\n
Action.c(285):         },\n
Action.c(285):         {\n
Action.c(285):           "paths": [\n
Action.c(285):             "M699.151 822.031h-30.154v-592.882c0-24.633-19.961-45.018-45.018-45.018h-304.51c-2
Action.c(285):     4.633 0-45.018 19.961-45.018 45.018v529.601h-29.729v-529.601c0-41.196 33.551-74.747 74.747
Action.c(285):     -74.747h304.51c41.196 0 74.747 33.551 74.747 74.747v592.882h0.425z",\n
Action.c(285):             "M601.046 412.195h-258.218c-8.069 0-14.865-6.795-14.865-14.865v-148.645c0-3.822 1.
Action.c(285):     699-7.645 4.247-10.618 2.973-2.973 6.795-4.247 10.618-4.247h258.218c8.069 0 14.865 6.795 1
Action.c(285):     4.865 14.865v148.645c0 8.069-6.795 14.865-14.865 14.865zM357.692 382.042h228.489v-118.491h
Action.c(285):     -228.489v118.491z",\n
Action.c(285):             "M457.072 297.951h30.154v50.115h-30.154z",\n
Action.c(285):             "M394.641 297.951h30.154v50.115h-30.154v-50.115z",\n
Action.c(285):             "M519.078 297.951h30.154v50.115h-30.154z",\n
Action.c(285):             "M811.272 737.941h-14.44c-28.030 0-50.964-22.934-50.964-50.964v-259.067c0-11.467-9
Action.c(285):     .343-20.81-20.81-20.81h-41.196v-30.154h41.196c28.030 0 50.964 22.934 50.964 50.964v259.492
Action.c(285):     c0 11.467 9.343 20.81 21.235 20.81h14.44c11.467 0 20.81-9.343 20.81-20.81v-431.496c0-21.23
Action.c(285):     5-13.166-47.566-28.88-56.91l-86.214-56.91 16.563-25.057 85.365 56.485c27.606 16.563 42.47 
Action.c(285):     54.786 42.47 82.392v431.071c0.425 28.455-22.509 50.964-50.539 50.964z",\n
Action.c(285):             "M843.125 379.493c-2.973 0-5.946-0.849-8.919-2.973l-58.184-42.045c-3.822-2.973-6.3
Action.c(285):     71-7.22-6.371-12.316v-81.542c0-8.069 6.795-14.865 14.865-14.865s14.865 6.795 14.865 14.865
Action.c(285):     v74.323l52.238 37.374c6.795 4.672 8.069 14.015 3.398 20.81-2.973 4.247-7.645 6.371-11.892 
Action.c(285):     6.371z",\n
Action.c(285):             "M739.073 910.369h-30.154v-67.103h-473.966v67.103h-30.154v-81.967c0-8.069 6.795-14
Action.c(285):     .865 14.865-14.865h504.119c8.069 0 14.865 6.795 14.865 14.865v81.967h0.425z",\n
Action.c(285):             "M388.271 590.57c-0.425-0.425-0.425-0.849-0.425-1.699 0-2.124 1.699-3.822 3.822-3.
Action.c(285):     822v0h152.043c2.124 0 3.822 1.699 3.822 3.822 0 0.425 0 1.274-0.425 1.699v0c-14.44 29.729-
Action.c(285):     44.594 49.69-79.844 49.69-34.401 0.425-64.554-19.961-78.994-49.69z",\n
Action.c(285):             "M406.533 489.066c0-0.425 0.425-0.849 0.849-0.849 1.274-1.274 2.973-1.274 4.247 0v
Action.c(285):     0l80.693 80.693c1.274 1.274 1.274 2.973 0 4.247-0.425 0.425-0.849 0.425-0.849 0.849v0c-23.
Action.c(285):     359 8.069-50.115 2.973-68.801-15.714-19.112-19.112-24.208-45.868-16.139-69.226z",\n
Action.c(285):             "M489.774 466.982c0.425 0 0.425 0 0.849 0 1.274 0 2.124 0.849 2.124 2.124v0 85.365
Action.c(285):     c0 1.274-0.849 2.124-2.124 2.124-0.425 0-0.425 0-0.849 0v0c-16.563-8.069-28.030-25.057-28.
Action.c(285):     030-44.594 0-19.961 11.467-36.949 28.030-45.018z",\n
Action.c(285):             "M547.533 514.548c0 0 0.425 0 0.425 0.425 0.849 0.849 0.849 1.699 0 2.548v0l-45.86
Action.c(285):     8 45.443c-0.849 0.849-1.699 0.849-2.548 0 0 0-0.425-0.425-0.425-0.425v0c-4.672-13.166-1.69
Action.c(285):     9-28.455 8.919-39.072 11.042-10.618 26.331-13.59 39.497-8.919z"\n
Action.c(285):           ],\n
Action.c(285):           "attrs": [\n
Action.c(285):             {\n
Action.c(285):               "fill": "rgb(113, 33, 119)"\n
Action.c(285):             },\n
Action.c(285):             {\n
Action.c(285):               "fill": "rgb(113, 33, 119)"\n
Action.c(285):             },\n
Action.c(285):             {\n
Action.c(285):               "fill": "rgb(113, 33, 119)"\n
Action.c(285):             },\n
Action.c(285):             {\n
Action.c(285):               "fill": "rgb(113, 33, 119)"\n
Action.c(285):             },\n
Action.c(285):             {\n
Action.c(285):               "fill": "rgb(113, 33, 119)"\n
Action.c(285):             },\n
Action.c(285):             {\n
Action.c(285):               "fill": "rgb(113, 33, 119)"\n
Action.c(285):             },\n
Action.c(285):             {\n
Action.c(285):               "fill": "rgb(113, 33, 119)"\n
Action.c(285):             },\n
Action.c(285):             {\n
Action.c(285):               "fill": "rgb(113, 33, 119)"\n
Action.c(285):             },\n
Action.c(285):             {\n
Action.c(285):               "fill": "rgb(113, 33, 119)"\n
Action.c(285):             },\n
Action.c(285):             {\n
Action.c(285):               "fill": "rgb(113, 33, 119)"\n
Action.c(285):             },\n
Action.c(285):             {\n
Action.c(285):               "fill": "rgb(113, 33, 119)"\n
Action.c(285):             },\n
Action.c(285):             {\n
Action.c(285):               "fill": "rgb(113, 33, 119)"\n
Action.c(285):             }\n
Action.c(285):           ],\n
Action.c(285):           "grid": 32,\n
Action.c(285):           "tags": [\n
Action.c(285):             "gf-gas-savings-icon-orig"\n
Action.c(285):           ]\n
Action.c(285):         },\n
Action.c(285):         {\n
Action.c(285):           "paths": [\n
Action.c(285):             "M422.738 217.524c-36.208 0-72.426 0.34-108.623-0.144-19.232-0.258-28.976 6.933-28
Action.c(285):     .832 27.431 0.484 65.833 0.515 131.666-0.023 197.489-0.163 20.262 9.479 28.379 28.402 28.3
Action.c(285):     79 72.415 0 144.831-0.010 217.236 0.010 18.645 0 28.667-7.025 28.42-27.915-0.783-65.823-0.
Action.c(285):     731-131.666-0.031-197.489 0.227-20.365-8.292-28.194-27.936-27.905-36.197 0.525-72.405 0.14
Action.c(285):     4-108.613 0.144zM177.493 805.547l43.686-30.72c0.646-243.989 0.419-421.825-0.68-533.508-0.4
Action.c(285):     22-42.388 11.125-73.476 50.938-91.132 102.185 0 204.37 0 306.555 0 38.216 17.748 52.58 47.
Action.c(285):     086 49.692 89.36-0.231 2.001-1.267 59.323 0.082 88.928 0.309 6.799 6.438 17.048 12.33 19.3
Action.c(285):     04 53.802 20.571 74.167 48.301 74.383 105.626 0.237 65.102 0.299 130.214-0.072 195.305-0.1
Action.c(285):     13 20.149 7.303 35.415 25.32 44.428 31.243 15.626 65.256-7.242 65.74-45.231 0.793-61.795-0
Action.c(285):     .484-123.621 0.67-185.406 0.34-18.243-3.688-32.448-19.046-42.162-40.637-25.721-53.534-62.2
Action.c(285):     59-47.786-109.138 1.463-11.939-7.139-27.885-15.915-37.722-17.45-19.582-38.371-36.043-57.58
Action.c(285):     2-54.080-16.492-15.472-19.232-34.889-7.262-47.693 12.753-13.638 29.553-12.608 47.796 4.079
Action.c(285):      44.984 41.121 84.037 81.77 128.218 123.736 6.356 6.036 11.947 17.92 11.947 29.867 0 143.3
Action.c(285):     6 0 250.88 0 322.56 0 59.733-49.454 103.944-106.511 91.624-44.634-9.631-72.961-44.016-73.5
Action.c(285):     59-92.348-0.834-68.388 0.031-136.796-0.422-205.184-0.196-30.295-12.691-44.964-37.599-46.35
Action.c(285):     4 0 125.867 0 248.018 0 373.566 45.303 9.452 51.566 33.083 39.81 93.735 0 0-163.577 0-490.
Action.c(285):     732 0v-61.44z"\n
Action.c(285):           ],\n
Action.c(285):           "attrs": [\n
Action.c(285):             {\n
Action.c(285):               "fill": "rgb(227, 39, 38)"\n
Action.c(285):             }\n
Action.c(285):           ],\n
Action.c(285):           "grid": 32,\n
Action.c(285):           "tags": [\n
Action.c(285):             "gm-gas-savings-icon (1)"\n
Action.c(285):           ]\n
Action.c(285):         },\n
Action.c(285):         {\n
Action.c(285):           "paths": [\n
Action.c(285):             "M512 0c-282.77 0-512 229.23-512 512 0 282.78 229.22 512 512 512s512-229.22 512-51
Action.c(285):     2c0-282.78-229.24-512-512-512zM851.42 851.42c-174.413 173.95-452.399 187.041-642.387 30.25
Action.c(285):     1s-229.876-432.211-92.176-636.459c137.7-204.248 407.978-270.561 624.575-153.239s308.713 37
Action.c(285):     9.928 212.868 606.847c-24.103 57.041-59.042 108.864-102.88 152.6z",\n
Action.c(285):             "M385.2 555.191c0-8.837-7.163-16-16-16s-16 7.163-16 16c0 8.837 7.163 16 16 16s16-7
Action.c(285):     .163 16-16z",\n
Action.c(285):             "M369.18 618.671c8.837 0 16-7.163 16-16s-7.163-16-16-16c-8.837 0-16 7.163-16 16s7.
Action.c(285):     163 16 16 16z",\n
Action.c(285):             "M560.38 455.171c19.932-0.033 36.078-16.188 36.1-36.12v-91.68c-0.077-19.889-16.211
Action.c(285):     -35.978-36.1-36h-121.12c-19.85 0.077-35.923 16.15-36 36v91.78c0.022 19.893 16.107 36.032 3
Action.c(285):     6 36.12l121.12-0.1zM435.16 419.051v-91.68c0.083-2.174 1.826-3.918 4-4h121.12c2.213 0.030 4
Action.c(285):     .015 1.788 4.1 4v91.78c-0.021 2.259-1.841 4.088-4.1 4.12h-121.020c-1.103-0.016-2.155-0.469
Action.c(285):     -2.924-1.261s-1.192-1.856-1.176-2.959v0z",\n
Action.c(285):             "M728.42 330.611c-7.661-4.281-17.34-1.592-21.695 6.027s-1.761 17.324 5.815 21.753c
Action.c(285):     11.18 6.38 20.52 21.020 26.92 34.1h-0.84c-10.284 0.055-18.598 8.396-18.62 18.68v7.2c0.033 
Action.c(285):     10.3 8.38 18.638 18.68 18.66h8.54v166.2c-0.33 10.073-8.591 18.069-18.67 18.069s-18.34-7.99
Action.c(285):     5-18.67-18.069v-76c-0.044-32.379-26.281-58.616-58.66-58.66h-6v-182.76c-0.044-33.472-27.168
Action.c(285):     -60.596-60.64-60.64h-170.78c-33.477 0.033-60.607 27.163-60.64 60.64v225.36c0 8.837 7.163 1
Action.c(285):     6 16 16s16-7.163 16-16v-225.36c0.011-15.813 12.827-28.629 28.64-28.64h170.72c15.808 0.022 
Action.c(285):     28.618 12.832 28.64 
Action.c(285): t=46778ms: 4224-byte DECODED response body for "https://stage.peapod.com/shop/images/icons/PeapodIcons.json" (RelFrameId=1, Internal ID=25)
Action.c(285):     28.64v479.36h-228v-118c0-8.837-7.163-16-16-16s-16 7.163-16 16v120.2c0 0.4 0 0.78 0 1.18h-2
Action.c(285):     4.68c-8.837 0-16 7.163-16 16s7.163 16 16 16h341.34c8.837 0 16-7.163 16-16s-7.163-16-16-16h
Action.c(285):     -24.72c0-0.4 0-0.78 0-1.18v-266.86h6c14.715 0.022 26.638 11.945 26.66 26.66v76c0.548 27.59
Action.c(285):     2 23.073 49.673 50.67 49.673s50.122-22.081 50.67-49.673v-194.68c0-1.579-0.238-3.15-0.7-4.6
Action.c(285):     6-1.64-5.54-17.4-54.62-49.98-73.22z"\n
Action.c(285):           ],\n
Action.c(285):           "attrs": [\n
Action.c(285):             {\n
Action.c(285):               "fill": "rgb(217, 217, 214)"\n
Action.c(285):             },\n
Action.c(285):             {\n
Action.c(285):               "fill": "rgb(0, 25, 25)"\n
Action.c(285):             },\n
Action.c(285):             {\n
Action.c(285):               "fill": "rgb(0, 25, 25)"\n
Action.c(285):             },\n
Action.c(285):             {\n
Action.c(285):               "fill": "rgb(224, 0, 77)"\n
Action.c(285):             },\n
Action.c(285):             {\n
Action.c(285):               "fill": "rgb(224, 0, 77)"\n
Action.c(285):             }\n
Action.c(285):           ],\n
Action.c(285):           "isMulticolor": true,\n
Action.c(285):           "grid": 32,\n
Action.c(285):           "tags": [\n
Action.c(285):             "sns-gas-savings-icon"\n
Action.c(285):           ]\n
Action.c(285):         },\n
Action.c(285):         {\n
Action.c(285):           "paths": [\n
Action.c(285):             "M230.943 224.715c19.408 43.613 37.673 87.733 56.445 131.627 2.449 5.723 5.36 11.2
Action.c(285):     46 13.005 16.161 0-24.060 0.145-48.12-0.073-72.171-0.091-9.74 1.297-16.36 13.73-16.977 70.
Action.c(285):     829-3.492 141.621-7.654 213.239-11.636 5.478 16.986 7.536 29.429-10.339 41.346-29.148 19.4
Action.c(285):     35-48.184 46.615-42.162 84.342 6.076 38.126 33.066 57.452 66.267 70.847 15.97 6.448 33.093
Action.c(285):      11.808 46.651 21.784 7.437 5.478 12.969 20.414 11.173 29.456-1.533 7.718-15.009 18.809-22
Action.c(285):     .772 18.483-26.046-1.125-51.902-6.684-80.759-10.983-3.709 11.264-9.876 27.416-13.921 44.08
Action.c(285):     4-0.97 3.999 3.963 12.397 8.126 14.157 17.149 7.237 35.043 12.697 55.738 19.87 0.526 4.698
Action.c(285):      1.442 12.905 2.494 22.31-56.999 10.928-112.065 22.455-167.522 31.642-21.974 3.637-33.582-
Action.c(285):     12.325-41.735-30.998-41.137-94.145-82.573-188.154-123.9-282.218-10.184-23.18-21.893-45.853
Action.c(285):     -30.055-69.722-6.33-18.519-17.122-22.663-34.371-19.507-22.618 4.135-44.574 4.054-62.431-13
Action.c(285):     .839 0-8.706 0-17.412 0-26.119 9.931-15.97 23.879-23.044 43.014-21.902 8.761 0.526 17.748-
Action.c(285):     2.693 26.636-4.217 17.412 0 34.825 0 52.237 0 7.192 11.354 15.889 22.029 21.285 34.181zM60
Action.c(285):     9.302 616.686c-6.502-15.036-2.331-22.754 11.137-30.345 31.306-17.657 48.637-44.828 46.995-
Action.c(285):     82.047-1.56-35.451-20.224-59.81-50.968-75.046-17.458-8.652-36.158-14.746-54.042-22.582-13.
Action.c(285):     005-5.704-25.547-12.733-21.793-30.381 3.519-16.524 17.648-19.199 30.499-18.129 19.87 1.651
Action.c(285):      39.486 6.484 62.576 10.565 4.516-14.592 9.949-32.131 16.515-53.335-20.868-7.237-40.275-13
Action.c(285):     .966-61.85-21.448-0.653-5.414-1.651-13.758-3.047-25.439 35.605-2.34 69.287-4.761 102.996-6
Action.c(285):     .711 38.353-2.213 76.724-4.090 115.085-5.958 45.372-2.195 55.602 8.153 49.081 52.21-8.597 
Action.c(285):     58.032-18.328 115.893-27.506 173.834-3.736 23.607-5.142 47.875-11.826 70.593-3.573 12.143-
Action.c(285):     14.538 28.867-24.894 31.152-59.193 13.077-119.203 22.437-178.958 33.066zM390.581 835.927c-
Action.c(285):     39.863 0.136-70.888-29.593-71.54-68.562-0.653-38.507 30.562-70.112 69.736-70.62 39.428-0.5
Action.c(285):     08 70.715 29.674 71.314 68.797 0.589 38.725-30.544 70.248-69.509 70.385zM763.256 675.515c3
Action.c(285):     9.939-0.136 70.988 29.801 71.26 68.716 0.281 38.38-31.412 70.23-70.19 70.539-39.141 0.317-
Action.c(285):     70.371-30.281-70.87-69.423-0.499-39.024 30.16-69.704 69.8-69.832z"\n
Action.c(285):           ],\n
Action.c(285):           "attrs": [\n
Action.c(285):             {\n
Action.c(285):               "fill": "rgb(227, 39, 38)"\n
Action.c(285):             }\n
Action.c(285):           ],\n
Action.c(285):           "grid": 32,\n
Action.c(285):           "tags": [\n
Action.c(285):             "gm-grocery-dollars-icon"\n
Action.c(285):           ]\n
Action.c(285):         },\n
Action.c(285):         {\n
Action.c(285):           "paths": [\n
Action.c(285):             "M512 0c-282.77 0-512 229.23-512 512 0 282.76 229.24 512 512 512s512-229.24 512-51
Action.c(285):     2c0-282.76-229.22-512-512-512zM851.42 851.42c-174.413 173.95-452.399 187.041-642.387 30.25
Action.c(285):     1s-229.876-432.211-92.176-636.459c137.7-204.248 407.978-270.561 624.575-153.239s308.713 37
Action.c(285):     9.928 212.868 606.847c-24.103 57.041-59.042 108.864-102.88 152.6z",\n
Action.c(285):             "M820.68 435.22c12.84-57.42-29.3-97.44-31.2-99.2l-0.86-0.74c-13.24-10.66-16.38-21.
Action.c(285):     66-21.66-43.54-6.734-28.201-24.329-52.604-48.96-67.9-21.034-13.294-46.028-18.878-70.72-15.
Action.c(285):     8 0.416-4.018 1.554-7.927 3.36-11.54 3.95-7.901 10.89-13.898 19.28-16.66 8.113-2.962 12.41
Action.c(285):     -11.828 9.71-20.032s-11.424-12.784-19.71-10.348c-28.74 9.5-47.183 37.505-44.56 67.66-47.16
Action.c(285):     6 21.777-72.397 73.823-60.28 124.34v0.2c4.746 18.474 3.377 37.989-3.9 55.62-1.020 2.52-2.2
Action.c(285):      5.040-3.5 7.52-0.2 0.36-0.36 0.74-0.54 1.12-3.6 8.411-6.49 17.108-8.64 26-0.243 0.997-0.3
Action.c(285):     9 2.015-0.44 3.040h-9.76v-70.74c0-8.837-7.163-16-16-16s-16 7.163-16 16v70.76h-12l-14.3-116
Action.c(285):     .24-3.54-28c-0.181-1.375-0.545-2.72-1.080-4l-18.64-61.5c-1.086-3.624-3.43
Action.c(285): t=46792ms: 6961-byte ENCODED response body received for "https://stage.peapod.com/shop/images/icons/PeapodIcons.json" (RelFrameId=1, Internal ID=25)
Action.c(285): t=46792ms: 12288-byte DECODED response body for "https://stage.peapod.com/shop/images/icons/PeapodIcons.json" (RelFrameId=1, Internal ID=25)
Action.c(285):     4-6.739-6.62-8.78l-4.12-33.66c-0.528-4.236-2.726-8.085-6.107-10.692s-7.662-3.754-11.893-3.
Action.c(285):     188l-186.6 23.52c-4.212 0.529-8.042 2.71-10.645 6.064s-3.767 7.604-3.235 11.816l4.12 32.8c
Action.c(285):     -3.082 2.86-4.914 6.819-5.1 11.020l-2.82 64.24c-0.172 1.328-0.172 2.672 0 4l13.12 112.62h-
Action.c(285):     18c-25.465 0.174-46.731 19.46-49.385 44.787s14.15 48.603 39.025 54.053l65.040 242.16c8.971
Action.c(285):      33.166 39.042 56.215 73.4 56.26h350.72c34.355-0.040 64.423-23.093 73.38-56.26l65.16-242.2
Action.c(285):     c24.016-5.214 40.683-27.109 39.314-51.646s-20.367-44.443-44.814-46.954v0.020zM644.1 434.98
Action.c(285):     c1.841-33.469 29.335-59.768 62.853-60.122s61.56 25.359 64.107 58.782c0 0.44 0 0.9 0 1.34h-
Action.c(285):     126.96zM595.3 275.88c10.612-17.425 27.751-29.883 47.6-34.6 19.888-4.753 40.853-1.254 58.12
Action.c(285):      9.7 17.521 10.865 30.042 28.21 34.84 48.26 5.52 22.88 10.3 42.66 32.14 60.5 4.952 5.117 9
Action.c(285):     .233 10.843 12.74 17.040-3.297-3.865-6.887-7.469-10.74-10.78-14.678-12.7-32.897-20.594-52.
Action.c(285):     2-22.62-5.327-29.627-29.987-51.921-60-54.24-8.837-0.663-16.537 5.963-17.2 14.8s5.963 16.53
Action.c(285):     7 14.8 17.2c14.102 1.101 26.049 10.818 30 24.4-41.744 9.998-71.739 46.547-73.4 89.44h-41.2
Action.c(285):     4c1.509-5.447 3.366-10.791 5.56-16 1.64-3.16 3.12-6.38 4.44-9.62s2.36-6 3.34-9.14c0.14-0.4
Action.c(285):      0.24-0.8 0.36-1.2 0.36-1.133 0.7-2.273 1.020-3.42 0.2-0.7 0.36-1.4 0.54-2.1s0.46-1.7 0.66
Action.c(285):     -2.56c0.2-0.86 0.38-1.78 0.56-2.66s0.3-1.36 0.44-2c0.14-0.64 0.34-2 0.5-2.9 0.1-0.6 0.22-1
Action.c(285):     .2 0.32-1.8 0.16-1.060 0.28-2.12 0.4-3.18 0-0.52 0.16-1.040 0.22-1.56 0.12-1.1 0.2-2.2 0.3
Action.c(285):     -3.28l0.12-1.48c0-1.12 0.12-2.24 0.18-3.36v-1.42c0-1.16 0-2.32 0-3.48 0-0.44 0-0.86 0-1.3 
Action.c(285):     0-1.16-0.040-2.32-0.12-3.48 0-0.44 0-0.88 0-1.32 0-1.16-0.14-2.32-0.24-3.48 0-0.44 0-0.88 
Action.c(285):     0-1.3-0.12-1.2-0.26-2.38-0.4-3.58 0-0.4 0-0.8-0.14-1.2-0.14-1.2-0.34-2.4-0.54-3.58 0-0.4-0
Action.c(285):     .1-0.8-0.18-1.2-0.2-1.2-0.44-2.4-0.68-3.58 0-0.4-0.14-0.8-0.22-1.2-0.26-1.18-0.54-2.38-0.8
Action.c(285):     4-3.56 0-0.38-0.16-0.78-0.26-1.16-4.781-19.787-1.469-40.664 9.2-58v0zM246.46 302.26l1.46-3
Action.c(285):     3.22 172.080-21.7 9.64 31.82-183.18 23.1zM406.2 202.68l1.74 14-154.92 19.52-1.76-14 154.94
Action.c(285):     -19.52zM247.34 334.88l189.46-23.86 1.48 11.66 13.72 112.3h-193l-11.66-100.1zM730.12 767.7c
Action.c(285):     -5.164 19.216-22.582 32.575-42.48 32.58h-350.72c-19.905 0.004-37.334-13.357-42.5-32.58l-62
Action.c(285):     .62-232.8h560.96l-62.64 232.8zM815.82 502.9h-607.1c-9.941 0-18-8.059-18-18s8.059-18 18-18h
Action.c(285):     607.1c9.941 0 18 8.059 18 18s-8.059 18-18 18v0z",\n
Action.c(285):             "M512.28 236.22c8.837 0 16-7.163 16-16v-62.58c0-8.837-7.163-16-16-16s-16 7.163-16 
Action.c(285):     16v62.58c0 8.837 7.163 16 16 16v0z",\n
Action.c(285):             "M512.28 761.060c8.837 0 16-7.163 16-16v-153.56c0-8.837-7.163-16-16-16s-16 7.163-1
Action.c(285):     6 16v153.56c0 8.837 7.163 16 16 16z",\n
Action.c(285):             "M398 761.060c8.837 0 16-7.163 16-16v-153.56c0-8.837-7.163-16-16-16s-16 7.163-16 1
Action.c(285):     6v153.56c0 8.837 7.163 16 16 16z",\n
Action.c(285):             "M626.54 761.060c8.837 0 16-7.163 16-16v-153.56c0-8.837-7.163-16-16-16s-16 7.163-1
Action.c(285):     6 16v153.56c0 8.837 7.163 16 16 16z",\n
Action.c(285):             "M528.28 268.22c0 8.837-7.163 16-16 16s-16-7.163-16-16c0-8.837 7.163-16 16-16s16 7
Action.c(285):     .163 16 16z",\n
Action.c(285):             "M528.28 316.22c0 8.837-7.163 16-16 16s-16-7.163-16-16c0-8.837 7.163-16 16-16s16 7
Action.c(285):     .163 16 16z"\n
Action.c(285):           ],\n
Action.c(285):           "attrs": [\n
Action.c(285):             {\n
Action.c(285):               "fill": "rgb(217, 217, 214)"\n
Action.c(285):             },\n
Action.c(285):             {\n
Action.c(285):               "fill": "rgb(224, 0, 77)"\n
Action.c(285):             },\n
Action.c(285):             {\n
Action.c(285):               "fill": "rgb(224, 0, 77)"\n
Action.c(285):             },\n
Action.c(285):             {\n
Action.c(285):               "fill": "rgb(224, 0, 77)"\n
Action.c(285):             },\n
Action.c(285):             {\n
Action.c(285):               "fill": "rgb(224, 0, 77)"\n
Action.c(285):             },\n
Action.c(285):             {\n
Action.c(285):               "fill": "rgb(224, 0, 77)"\n
Action.c(285):             },\n
Action.c(285):             {\n
Action.c(285):               "fill": "rgb(0, 25, 25)"\n
Action.c(285):             },\n
Action.c(285):             {\n
Action.c(285):               "fill": "rgb(0, 25, 25)"\n
Action.c(285):             }\n
Action.c(285):           ],\n
Action.c(285):           "isMulticolor": true,\n
Action.c(285):           "grid": 32,\n
Action.c(285):           "tags": [\n
Action.c(285):             "sns-grocery-dollars-icon"\n
Action.c(285):           ]\n
Action.c(285):         },\n
Action.c(285):         {\n
Action.c(285):           "paths": [\n
Action.c(285):             "M3510.183 540.754h31.945v73.473c7.031-13.529 20.94-22.612 36.971-22.612 1.606 0 3
Action.c(285):     .19 0.091 4.749 0.269l-0.191-0.019c25.556 0 54.307 9.586 54.307 86.252s-15.973 95.835-57.5
Action.c(285):     01 95.835c-1.335 0.179-2.88 0.282-4.447 0.282-16.097 0-29.667-10.825-33.827-25.591l-0.060-
Action.c(285):     0.247v19.167h-31.945v-226.809zM3574.072 745.202c22.361 0 28.754-25.556 28.754-63.885s-6.38
Action.c(285):     9-63.885-28.754-63.885-31.945 25.556-31.945 63.885 6.389 60.695 31.945 60.695z",\n
Action.c(285):             "M3682.685 595.053l31.945 130.974 25.556-130.974h38.334l-47.922 178.892c-15.973 47
Action.c(285):     .922-25.556 54.307-60.695 54.307h-12.778v-28.754h9.586c12.778 0 19.167-3.194 22.361-12.778
Action.c(285):     l6.389-15.973-47.922-175.698z",\n
Action.c(285):             "M302.907 83.937h-268.333c-15.973 0-25.556 6.389-25.556 15.973s22.361 12.778 57.50
Action.c(285):     1 19.167 31.945 15.973 31.945 51.112v495.147c0 54.307 0 70.279-41.528 76.668s-51.112-3.194
Action.c(285):     -51.112 19.167 9.586 15.973 28.754 15.973 60.695-6.389 124.586-6.389 111.807 6.389 130.974
Action.c(285):      6.389 28.754-6.389 28.754-15.973-25.556-12.778-54.307-19.167-41.528-22.361-41.528-76.668v
Action.c(285):     -166.114c0-12.778 3.194-22.361 12.778-22.361 26.614 12.075 57.714 19.11 90.451 19.11 13.18
Action.c(285):     6 0 26.106-1.141 38.666-3.33l-1.336 0.193c101.239-14.552 178.274-100.411 178.892-204.383v-
Action.c(285):     0.065c0-134.169-79.862-204.448-239.587-204.448zM296.519 451.305c-41.528 0-73.473-9.586-73.
Action.c(285):     473-41.528v-239.587c0-44.723 9.586-54.307 63.885-54.307s127.78 70.279 127.78 166.114-51.11
Action.c(285):     2 169.308-118.196 169.308z",\n
Action.c(285):             "M689.442 496.027h293.894c31.945 0 44.723-6.389 44.723-25.556-3.495-110.176-93.65-
Action.c(285):     198.162-204.351-198.162-2.281 0-4.553 0.037-6.815 0.114l0.33-0.009c-159.725 0-265.143 105.
Action.c(285):     419-265.143 265.143s99.029 261.949 249.17 261.949c3.265 0.147 7.093 0.232 10.942 0.232 68.
Action.c(285):     789 0 131.309-26.844 177.657-70.626l-0.124 0.115c17.421-10.578 30.126-27.45 35.029-47.391l
Action.c(285):     0.114-0.526c0-12.778-3.194-12.778-9.586-12.778-42.756 37.284-98.221 60.973-159.134 63.868l
Action.c(285):     -0.595 0.022c-115.002 0-182.087-99.029-182.087-210.836v-9.586c0-15.973 3.194-19.167 15.973
Action.c(285):     -19.167zM683.053 448.115v-19.167c15.973-57.501 31.945-127.78 134.169-127.78s86.252 60.695 
Action.c(285):     86.252 102.221-31.945 57.501-118.196 57.501h-86.252c-9.586 0-15.973-6.389-15.973-9.586z",\n
Action.c(285):             "M1574.318 719.642c0.002-0.096 0.003-0.21 0.003-0.323 0-7.692-5.437-14.114-12.677-
Action.c(285):     15.629l-0.104-0.019h-3.194c-15.973 0-31.945 22.361-54.307 22.361s-31.945-25.556-31.945-70.
Action.c(285):     279v-255.56c0-92.64-22.361-127.78-134.169-127.78s-252.37 86.252-252.37 153.336c0 9.586 12.
Action.c(285):     778 19.167 28.754 19.167s70.279-25.556 92.64-67.085 47.922-70.279 95.835-70.279 54.307 25.
Action.c(285):     556 54.307 86.252v47.922c0 15.973 0 19.167-15.973 25.556l-35.14 15.973c-140.557 54.307-217
Action.c(285):     .226 102.221-217.226 194.866s28.754 118.196 95.835 118.196 89.446-25.556 137.363-57.501l31
Action.c(285):     .945-19.167h6.389c22.361 51.112 54.307 79.862 95.835 79.862s118.196-57.501 118.196-79.862z
Action.c(285):     M1360.286 630.196c-1.709 52.226-43.61 94.124-95.675 95.831l-0.16 0.004c-54.307 0-63.885-41
Action.c(285):     .528-63.885-86.252 2.631-55.045 38.861-100.982 88.524-117.923l0.922-0.274 47.922-19.167h12
Action.c(285):     .778c3.194 0 9.586 3.194 9.586 12.778v118.196z",\n
Action.c(285):             "M1928.907 272.413c-0.242-0.001-0.518-0.001-0.8-0.001-59.699 0-113.689 24.442-152.
Action.c(285):     509 63.864l-0.027 0.027-15.973 12.778c0 3.194-3.194 6.389-9.586 6.389s-3.194-3.194-3.194-6
Action.c(285):     .389v-57.501c0-12.778-6.389-22.361-15.973-22.361s-35.14 31.945-95.835 60.695-63.885 22.361
Action.c(285):     -63.885 38.334 22.361 12.778 38.334 19.167 22.361 19.167 22.361 47.922v498.342c0 31.945-3.
Action.c(285):     194 41.528-28.754 47.922s-51.112 0-51.112 25.556 6.389 15.973 22.361 15.973 57.501-6.389 1
Action.c(285):     15.002-6.389l124.586 6.389c19.167 0 28.754-6.389 28.754-15.973s-25.556-15.973-63.885-25.55
Action.c(285):     6-31.945-15.973-31.945-47.922v-153.336l9.586-6.389c32.594 16.174 70.978 25.642 111.572 25.
Action.c(285):     642 2.329 0 4.651-0.031 6.965-0.093l-0.341 0.007c4.821 0.312 10.454 0.492 16.128 0.492 143
Action.c(285):     .237 0 259.947-113.586 264.978-255.592l0.013-0.46v-19.167c0-150.141-99.029-252.37-223.615-
Action.c(285):     252.37zM1858.628 767.56c-70.279 0-111.807-35.14-111.807-102.221v-207.642c0-73.473 35.14-10
Action.c(285):     8.613 111.807-108.613s182.087 76.668 182.087 204.448-76.668 214.034-182.087 214.034z",\n
Action.c(285):             "M3372.819 700.475c-9.586 0-22.361 22.361-41.528 22.361s-19.167-15.973-19.167-44.7
Action.c(285):     23v-568.621c0-28.754 6.389-54.307 6.389-76.668 0.263-1.084 0.412-2.328 0.412-3.606 0-8.821
Action.c(285):     -7.154-15.973-15.973-15.973-1.279 0-2.524 0.15-3.716 0.43l0.109-0.022c-12.778 0-38.334 22.
Action.c(285):     361-99.029 38.334s-63.885 12.778-63.885 28.754 19.167 9.586 41.528 19.167 19.167 15.973 19
Action.c(285):     .167 44.723v130.974c0 9.586-3.194 15.973-9.586 15.973h-3.194l-15.973-6.389c-25.715-8.155-5
Action.c(285):     5.292-12.854-85.965-12.854-2.347 0-4.69 0.028-7.026 0.082l0.346-0.006c-2.906-0.114-6.318-0
Action.c(285):     .178-9.742-0.178-146.654 0-266.154 116.264-271.355 261.65l-0.019 0.475v9.586c-0.221 3.869-
Action.c(285):     0.345 8.402-0.345 12.953 0 130.835 103.494 237.5 233.081 242.591l0.462 0.019h19.167c56.196
Action.c(285):     -1.243 108.013-18.976 151.090-48.526l-0.942 0.613c9.586 0 12.778 47.922 31.945 47.922 31.6
Action.c(285):     94-14.363 71.94-29.55 113.176-42.499l8.215-2.222c19.167-6.389 31.945-6.389 31.945-31.945s-
Action.c(285):     6.389-19.167-9.586-19.167zM3200.316 639.78c0 76.668-6.389 108.613-86.252 108.613s-194.866-
Action.c(285):     79.862-194.866-207.642 76.668-236.393 172.503-236.393 108.613 54.307 108.613 166.114z",\n
Action.c(285):             "M2753.087 527.973c0 153.491-124.434 277.921-277.921 277.921s-277.921-124.434-277.
Action.c(285):     921-277.921c0-153.491 124.434-277.921 277.921-277.921v0c0.005 0 0.012 0 0.019 0 152.37 0 2
Action.c(285):     76.098 122.614 277.906 274.556l0.002 0.171z",\n
Action.c(285):             "M3452.682 128.66c-35.285 0-63.885-28.605-63.885-63.885s28.605-63.885 63.885-63.88
Action.c(285):     5c35.285 0 63.885 28.605 63.885 63.885v0c0 35.285-28.605 63.885-63.885 63.885v0zM3452.682 
Action.c(285):     10.464c-29.993 0-54.307 24.314-54.307 54.307v0c0 29.993 24.314 54.307 54.307 54.307v0c0.03
Action.c(285):     0 0 0.065 0 0.1 0 28.229 0 51.112-22.884 51.112-51.112 0-1.124-0.036-2.239-0.108-3.342l0.0
Action.c(285):     08 0.15c0-0.028 0-0.061 0-0.094 0-28.869-22.526-52.476-50.958-54.205l-0.151-0.007zM3468.65
Action.c(285):     4 99.91l-19.167-28.754h-12.778v28.754h-9.586v-70.279h28.754c0.961-0.171 2.067-0.269 3.196-
Action.c(285):     0.269 10.586 0 19.167 8.581 19.167 19.167 0 0.095-0.001 0.189-0.002 0.282v-0.019c0 12.778-
Action.c(285):     6.389 22.361-15.973 22.361l19.167 28.754zM3455.876 36.020h-19.167v28.754h19.167c7.058 0 12
Action.c(285):     .778-5.721 12.778-12.778v0c3.194-6.389-3.194-12.778-9.586-15.973z",\n
Action.c(285):             "M4133.109 512c0 72.338-58.637 130.974-130.974 130.974s-130.974-58.637-130.974-130
Action.c(285):     .974c0-72.338 58.637-130.974 130.974-130.974s130.974 58.637 130.974 130.974z",\n
Action.c(285):             "M4133.109 805.894c0 72.338-58.637 130.974-130.974 130.974s-130.974-58.637-130.974
Action.c(285):     -130.974c0-72.338 58.637-130.974 130.974-130.974s130.974 58.637 130.974 130.974z",\n
Action.c(285):             "M4190.61 754.782l44.723-51.112c23.42 19.072 53.358 30.962 86.037 31.94l0.213 0.00
Action.c(285):     5c22.361 0 31.945-6.389 31.945-19.167v0c0-12.778-6.389-15.973-44.723-25.556s-105.419-31.94
Action.c(285):     5-105.419-86.252v0c0-51.112 41.528-89.446 108.613-89.446 0.013 0 0.030 0 0.050 0 42.308 0 
Action.c(285):     81.245 14.429 112.161 38.635l-0.398-0.301-38.334 51.112c-21.174-15.762-47.783-25.314-76.61
Action.c(285):     1-25.556h-0.057c-19.167 0-25.556 6.389-25.556 15.973v0c0 12.778 6.389 19.167 47.922 28.754
Action.c(285):     s102.221 35.14 102.221 86.252v0c0 54.307-44.723 89.446-111.807 89.446-0.334 0.002-0.733 0.
Action.c(285):     003-1.131 0.003-49.182 0-94.43-16.84-130.294-45.069l0.451 0.342z",\n
Action.c(285):             "M4545.2 585.473h-89.446v-67.085h252.37v67.085h-89.446v210.836h-73.473z",\n
Action.c(285):             "M4727.286 658.947v0c0-79.392 64.36-143.753 143.753-143.753v0h3.194c0.993-0.025 2.
Action.c(285):     158-0.039 3.335-0.039 77.159 0 140.119 60.79 143.602 137.089l0.011 0.313c-1.79 79.77-66.87
Action.c(285):     9 143.753-146.912 143.753-0.012 0-0.025 0-0.037 0h0.002c-2.867 0.213-6.211 0.334-9.586 0.3
Action.c(285):     34-75.863 0-137.363-61.5-137.363-137.363 0-0.117 0-0.236 0-0.353v0.019zM4944.512 658.947v0
Action.c(285):     c0.002-0.178 0.002-0.39 0.002-0.601 0-38.965-29.068-71.141-66.702-76.026l-0.385-0.041c-0.0
Action.c(285):     82 0-0.18-0.001-0.278-0.001-38.329 0-69.804 29.35-73.175 66.797l-0.021 0.283v9.586c-0.050 
Action.c(285):     0.974-0.076 2.115-0.076 3.263 0 37.717 29.714 68.493 67.007 70.204l0.154 0.006h3.194c38.81
Action.c(285):     4 0 70.279-31.465 70.279-70.279v0z",\n
Action.c(285):             "M5059.514 518.389h121.389c70.279 0 115.002 38.334 115.002 95.835v0c0 63.885-51.11
Action.c(285):     2 102.221-118.196 102.221h-38.334v76.668h-76.668v-274.727zM5174.515 655.753c25.556 0 41.52
Action.c(285):     8-12.778 41.528-35.14v0c0-22.361-15.973-35.14-41.528-35.14h-38.334v70.279z",\n
Action.c(285):             "M5586.607 754.782l41.528-51.112c24.523 19.098 55.509 30.962 89.225 31.94l0.222 0.
Action.c(285):     005c19.167 0 31.945-6.389 31.945-19.167v0c0-12.778-9.586-15.973-47.922-25.556s-102.221-31.
Action.c(285):     945-102.221-86.252v0c0-51.112 38.334-89.446 105.419-89.446 0.667-0.009 1.454-0.019 2.241-0
Action.c(285):     .019 41.596 0 79.816 14.455 109.91 38.615l-0.343-0.267-38.334 54.307c-21.174-15.762-47.783
Action.c(285):     -25.314-76.611-25.556h-0.057c-15.973 0-25.556 6.389-25.556 15.973v0c0 12.778 9.586 19.167 
Action.c(285):     47.922 25.556s102.221 35.14 102.221 86.252v0c0 57.501-44.723 89.446-111.807 89.446-2.062 0
Action.c(285):     .082-4.482 0.129-6.913 0.129-46.296 0-88.622-16.979-121.106-45.051l0.236 0.2z",\n
Action.c(285):             "M58
Action.c(285): t=46822ms: 9134-byte DECODED response body for "https://stage.peapod.com/shop/images/icons/PeapodIcons.json" (RelFrameId=1, Internal ID=25)
Action.c(285):     67.722 518.389h76.668v105.419h89.446v-105.419h76.668v277.921h-76.668v-105.419h-89.446v105.
Action.c(285):     419h-76.668z",\n
Action.c(285):             "M6152.032 658.947v0c0-79.392 64.36-143.753 143.753-143.753v0h3.194c1.917-0.094 4.
Action.c(285):     163-0.146 6.422-0.146 76.557 0 138.818 61.204 140.522 137.352l0.003 0.159c0 79.392-64.36 1
Action.c(285):     43.753-143.753 143.753v0h-3.194c-1.917 0.094-4.163 0.146-6.422 0.146-76.557 0-138.818-61.2
Action.c(285):     04-140.522-137.352l-0.003-0.159zM6369.257 658.947v0c0.104-1.433 0.163-3.106 0.163-4.791 0-
Action.c(285):     38.904-31.538-70.442-70.442-70.442-37.218 0-67.694 28.863-70.266 65.427l-0.013 0.223v9.586
Action.c(285):     c-0.050 0.953-0.073 2.071-0.073 3.194 0 38.814 31.465 70.279 70.279 70.279 0.026 0 0.050 0
Action.c(285):      0.077 0h-0.004c38.814 0 70.279-31.465 70.279-70.279v0z",\n
Action.c(285):             "M6487.454 518.389h118.196c67.085 0 111.807 38.334 111.807 95.835v0c0 63.885-47.92
Action.c(285):     2 102.221-118.196 102.221h-38.334v76.668h-73.473zM6599.261 655.753c25.556 0 41.528-12.778 
Action.c(285):     41.528-35.14v0c0-22.361-15.973-35.14-41.528-35.14h-38.334v70.279z",\n
Action.c(285):             "M5500.354 796.31l-22.361-22.361c-6.222 8.838-14.976 15.524-25.197 19.059l-0.36 0.
Action.c(285):     108c-12.149 5.909-26.41 9.428-41.476 9.586h-31.998l-31.945-15.973-19.167-22.361c-3.438-9.4
Action.c(285):     18-5.728-20.309-6.375-31.639l-0.019-0.302c-0.082-1.097-0.124-2.378-0.124-3.668 0-6.709 1.2
Action.c(285):     17-13.134 3.438-19.067l-0.123 0.374c3.308-7.394 7.602-13.732 12.804-19.194l-0.026 0.027c3.
Action.c(285):     785-5.843 9.271-10.294 15.752-12.706l0.221-0.072c4.786-5.378 11.502-8.938 19.061-9.577l0.1
Action.c(285):     06-0.007c-6.179-7.386-11.521-15.796-15.686-24.86l-0.286-0.696c-4.146-6.946-6.6-15.32-6.6-2
Action.c(285):     4.268 0-1.579 0.076-3.14 0.226-4.679l-0.019 0.196c-0.134-1.344-0.21-2.905-0.21-4.483 0-8.9
Action.c(285):     46 2.451-17.321 6.72-24.487l-0.122 0.219c2.596-8.405 8.328-15.178 15.796-19.083l0.178-0.08
Action.c(285):     3 25.556-12.778h54.307l25.556 12.778 15.973 19.167c4.139 8.685 6.556 18.882 6.556 29.639 0
Action.c(285):      7.673-1.234 15.053-3.507 21.966l0.146-0.494-9.586 15.973-15.973 15.973-15.973 9.586 25.55
Action.c(285):     6 25.556 22.361-31.945h63.885l-51.112 70.279 57.501 57.501zM5404.52 697.281c-6.45 1.41-11.
Action.c(285):     94 4.822-15.938 9.542l-0.035 0.042c-5.378 4.786-8.938 11.502-9.577 19.061l-0.007 0.106c2.0
Action.c(285):     12 3.57 3.197 7.834 3.197 12.377 0 0.141-0.001 0.281-0.003 0.421v-0.021l9.586 9.586 19.167
Action.c(285):      6.389h19.167c6.702-2.483 12.188-6.939 15.896-12.654l0.076-0.124zM5446.048 611.029c0-10.58
Action.c(285):     6-8.581-19.167-19.167-19.167h-3.194c-0.068-0.001-0.148-0.001-0.23-0.001-11.223 0-20.516 8.
Action.c(285):     269-22.117 19.046l-0.019 0.122c0.93 4.986 3.194 9.335 6.404 12.794l-0.019-0.019c2.483 6.70
Action.c(285):     2 6.939 12.188 12.654 15.896l0.124 0.076 19.167-12.778c6.389 0 6.389-6.389 6.389-15.973z",
Action.c(285):     \n
Action.c(285):             "M6688.707 761.17h-12.778v-9.586h38.334v9.586h-12.778v35.14h-9.586v-35.14z",\n
Action.c(285):             "M6720.655 751.587h9.586l9.586 22.361 12.778-22.361h6.389v44.723h-9.586v-28.754l-9
Action.c(285):     .586 15.973h-3.194l-9.586-15.973v28.754h-9.586z"\n
Action.c(285):           ],\n
Action.c(285):           "attrs": [\n
Action.c(285):             {\n
Action.c(285):               "fill": "rgb(51, 51, 51)"\n
Action.c(285):             },\n
Action.c(285):             {\n
Action.c(285):               "fill": "rgb(51, 51, 51)"\n
Action.c(285):             },\n
Action.c(285):             {\n
Action.c(285):               "fill": "rgb(51, 51, 51)"\n
Action.c(285):             },\n
Action.c(285):             {\n
Action.c(285):               "fill": "rgb(51, 51, 51)"\n
Action.c(285):             },\n
Action.c(285):             {\n
Action.c(285):               "fill": "rgb(54, 54, 54)"\n
Action.c(285):             },\n
Action.c(285):             {\n
Action.c(285):               "fill": "rgb(51, 51, 51)"\n
Action.c(285):             },\n
Action.c(285):             {\n
Action.c(285):               "fill": "rgb(51, 51, 51)"\n
Action.c(285):             },\n
Action.c(285):             {\n
Action.c(285):               "fill": "rgb(94, 160, 0)"\n
Action.c(285):             },\n
Action.c(285):             {\n
Action.c(285):               "fill": "rgb(51, 51, 51)"\n
Action.c(285):             },\n
Action.c(285):             {\n
Action.c(285):               "fill": "rgb(224, 0, 77)"\n
Action.c(285):             },\n
Action.c(285):             {\n
Action.c(285):               "fill": "rgb(139, 196, 0)"\n
Action.c(285):             },\n
Action.c(285):             {\n
Action.c(285):               "fill": "rgb(99, 102, 106)"\n
Action.c(285):             },\n
Action.c(285):             {\n
Action.c(285):               "fill": "rgb(99, 102, 106)"\n
Action.c(285):             },\n
Action.c(285):             {\n
Action.c(285):               "fill": "rgb(99, 102, 106)"\n
Action.c(285):             },\n
Action.c(285):             {\n
Action.c(285):               "fill": "rgb(99, 102, 106)"\n
Action.c(285):             },\n
Action.c(285):             {\n
Action.c(285):               "fill": "rgb(99, 102, 106)"\n
Action.c(285):             },\n
Action.c(285):             {\n
Action.c(285):               "fill": "rgb(99, 102, 106)"\n
Action.c(285):             },\n
Action.c(285):             {\n
Action.c(285):               "fill": "rgb(99, 102, 106)"\n
Action.c(285):             },\n
Action.c(285):             {\n
Action.c(285):               "fill": "rgb(99, 102, 106)"\n
Action.c(285):             },\n
Action.c(285):             {\n
Action.c(285):               "fill": "rgb(99, 102, 106)"\n
Action.c(285):             },\n
Action.c(285):             {\n
Action.c(285):               "fill": "rgb(99, 102, 106)"\n
Action.c(285):             },\n
Action.c(285):             {\n
Action.c(285):               "fill": "rgb(99, 102, 106)"\n
Action.c(285):             }\n
Action.c(285):           ],\n
Action.c(285):           "width": 6768,\n
Action.c(285):           "isMulticolor": true,\n
Action.c(285):           "grid": 32,\n
Action.c(285):           "tags": [\n
Action.c(285):             "peapod-powered-by-stop-and-shop"\n
Action.c(285):           ]\n
Action.c(285):         },\n
Action.c(285):         {\n
Action.c(285):           "paths": [\n
Action.c(285):             "M851.364 851.364c-86.951 87.186-207.199 141.128-340.045 141.128-265.224 0-480.23-
Action.c(285):     215.006-480.23-480.23s215.006-480.23 480.23-480.23c0.239 0 0.479 0 0.718 0.001l-0.037-0c0.
Action.c(285):     244-0 0.534-0.001 0.823-0.001 132.277 0 252.001 53.745 338.527 140.589l0.014 0.014c42.945 
Action.c(285):     42.491 77.703 93.158 101.762 149.487l1.163 3.063c23.824 55.15 37.681 119.364 37.681 186.81
Action.c(285):     4s-13.857 131.664-38.878 189.951l1.198-3.136c-25.222 59.392-59.98 110.059-102.884 152.509l
Action.c(285):     -0.041 0.040zM512 0c-282.77 0-512 229.23-512 512s229.23 512 512 512c282.77 0 512-229.23 51
Action.c(285):     2-512v0c0.001-0.429 0.002-0.938 0.002-1.446 0-281.972-228.584-510.556-510.556-510.556-0.50
Action.c(285):     8 0-1.017 0.001-1.525 0.002l0.079-0z",\n
Action.c(285):             "M305.756 706.954h408.944v32.821h-408.944v-32.821z",\n
Action.c(285):             "M718.244 810.667h-412.488v-465.264l48.706 48.443 32.033-32.164 31.902 32.164 32.0
Action.c(285):     33-32.164 32.033 32.164 32.164-32.164 32.033 32.164 32.033-32.033 30.72 30.72 30.851-30.85
Action.c(285):     1 30.72 30.851 47.262-47.13zM338.576 777.846h346.847v-353.28l-14.441 14.31-30.72-30.72-30.
Action.c(285):     851 30.72-30.72-30.72-32.033 32.033-32.033-32.033-32.164 32.033-32.033-32.033-32.033 32.03
Action.c(285):     3-32.033-32.033-31.902 32.033-15.754-15.623z",\n
Action.c(285):             "M537.075 359.713h-32.821v-41.485h-123.274v41.485h-32.821v-74.306h188.915v74.306z"
Action.c(285):     ,\n
Action.c(285):             "M668.619 359.713h-32.821v-29.407c0.376-1.665 0.591-3.576 0.591-5.538 0-14.501-11.
Action.c(285):     755-26.256-26.256-26.256s-26.256 11.755-26.256 26.256c0 1.962 0.215 3.874 0.623 5.713l-0.0
Action.c(285):     33-0.175v29.407h-33.083v-29.407c-0.042-0.828-0.066-1.797-0.066-2.772 0-32.337 26.215-58.55
Action.c(285):     2 58.552-58.552s58.552 26.215 58.552 58.552c0 0.975-0.024 1.944-0.071 2.907l0.005-0.136z",
Action.c(285):     \n
Action.c(285):             "M614.4 288.164h-32.821v-42.010h-124.849v21.399h-32.821v-54.219h190.49v74.831z",\n
Action.c(285):             "M455.417 596.283c-0.029-0.178-0.046-0.382-0.046-0.591s0.017-0.413 0.049-0.613l-0.
Action.c(285):     003 0.022c0-1.668 1.352-3.019 3.019-3.019v-0h113.034c1.668 0 3.019 1.352 3.019 3.019v-0c0.
Action.c(285):     029 0.178 0.046 0.382 0.046 0.591s-0.017 0.413-0.049 0.613l0.003-0.022c-10.879 22.094-33.2
Action.c(285):     34 37.029-59.077 37.029s-48.198-14.935-58.905-36.644l-0.172-0.385z",\n
Action.c(285):             "M470.384 519.746s0 0 0-0.788c0.424-0.41 1.003-0.663 1.641-0.663s1.217 0.253 1.642
Action.c(285):      0.663l-0.001-0.001 62.359 62.49c0.418 0.445 0.675 1.046 0.675 1.707s-0.257 1.262-0.676 1.
Action.c(285):     708l0.001-0.001h-0.788c-5.094 1.854-10.974 2.925-17.104 2.925-28.422 0-51.463-23.041-51.46
Action.c(285):     3-51.463 0-6.13 1.072-12.010 3.038-17.462l-0.113 0.359z",\n
Action.c(285):             "M530.773 502.023v0c0.943 0 1.707 0.764 1.707 1.707h-0v63.409c0 0.943-0.764 1.707-
Action.c(285):     1.707 1.707h-0c-12.693-5.937-21.33-18.6-21.33-33.28s8.636-27.343 21.105-33.186l0.224-0.094
Action.c(285):     z",\n
Action.c(285):             "M573.44 536.418v0c0.179 0.279 0.286 0.619 0.286 0.985s-0.107 0.706-0.29 0.992l0.0
Action.c(285):     04-0.007-33.083 36.628c-0.215 0.225-0.518 0.364-0.853 0.364s-0.638-0.14-0.853-0.364l-0-0c-
Action.c(285):     0.997-2.986-1.572-6.423-1.572-9.995 0-8.202 3.033-15.695 8.037-21.42l-0.033 0.038c4.694-5.
Action.c(285):     368 11.556-8.74 19.205-8.74 3.242 0 6.343 0.606 9.195 1.71l-0.174-0.059z"\n
Action.c(285):           ],\n
Action.c(285):           "attrs": [\n
Action.c(285):             {\n
Action.c(285):               "fill": "rgb(99, 102, 106)"\n
Action.c(285):             },\n
Action.c(285):             {\n
Action.c(285):               "fill": "rgb(99, 102, 106)"\n
Action.c(285):             },\n
Action.c(285):             {\n
Action.c(285):               "fill": "rgb(99, 102, 106)"\n
Action.c(285):             },\n
Action.c(285):             {\n
Action.c(285):               "fill": "rgb(99, 102, 106)"\n
Action.c(285):             },\n
Action.c(285):             {\n
Action.c(285):               "fill": "rgb(99, 102, 106)"\n
Action.c(285):             },\n
Action.c(285):             {\n
Action.c(285):               "fill": "rgb(99, 102, 106)"\n
Action.c(285):             },\n
Action.c(285):             {\n
Action.c(285):               "fill": "rgb(99, 102, 106)"\n
Action.c(285):             },\n
Action.c(285):             {\n
Action.c(285):               "fill": "rgb(99, 102, 106)"\n
Action.c(285):             },\n
Action.c(285):             {\n
Action.c(285):               "fill": "rgb(99, 102, 106)"\n
Action.c(285):             },\n
Action.c(285):             {\n
Action.c(285):               "fill": "rgb(99, 102, 106)"\n
Action.c(285):             }\n
Action.c(285):           ],\n
Action.c(285):           "grid": 32,\n
Action.c(285):           "tags": [\n
Action.c(285):             "pick-up-gntl"\n
Action.c(285):           ]\n
Action.c(285):         },\n
Action.c(285):         {\n
Action.c(285):           "paths": [\n
Action.c(285):             "M512 0c-282.77 0-512 229.23-512 512s229.23 512 512 512c282.77 0 512-229.23 512-51
Action.c(285):     2v0c0.001-0.429 0.002-0.938 0.002-1.446 0-281.972-228.584-510.556-510.556-510.556-0.508 0-
Action.c(285):     1.017 0.001-1.525 0.002l0.079-0zM851.364 851.364c-86.951 87.186-207.199 141.128-340.045 14
Action.c(285):     1.128-265.224 0-480.23-215.006-480.23-480.23s215.006-480.23 480.23-480.23c0.239 0 0.479 0 
Action.c(285):     0.718 0.001l-0.037-0c0.244-0 0.534-0.001 0.823-0.001 132.277 0 252.001 53.745 338.527 140.
Action.c(285):     589l0.014 0.014c42.945 42.491 77.703 93.158 101.762 149.487l1.163 3.063c23.824 55.15 37.68
Action.c(285):     1 119.364 37.681 186.814s-13.857 131.664-38.878 189.951l1.198-3.136c-25.222 59.392-59.98 1
Action.c(285):     10.059-102.884 152.509l-0.041 0.040z",\n
Action.c(285):             "M692.775 260.595c0.329-2.705 0.517-5.838 0.517-9.014 0-43.503-35.266-78.769-78.76
Action.c(285):     9-78.769s-78.769 35.266-78.769 78.769c0 2.295 0.098 4.567 0.29 6.812l-0.020-0.292c-15.887-
Action.c(285):     6.644-34.346-10.503-53.708-10.503-0.088 0-0.175 0-0.263 0l0.014-0c-76.47 1.279-139.102 58.
Action.c(285):     875-148.274 133.038l-0.074 0.739-48.574-31.508v399.623c-0.016 0.632-0.025 1.377-0.025 2.12
Action.c(285):     4 0 50.024 39.969 90.712 89.713 91.872l0.108 0.002h274.117c49.853-1.162 89.821-41.85 89.82
Action.c(285):     1-91.874 0-0.747-0.009-1.492-0.027-2.234l0.002 0.11v-399.754l-46.080 29.932zM568.845 260.5
Action.c(285):     95c0-25.159 20.396-45.555 45.555-45.555s45.555 20.396 45.555 45.555v139.947l-2.757 1.707-1
Action.c(285):     1.422-7.221-14.966-9.715c-4.711-42.536-25.733-79.421-56.574-10
Action.c(285): t=46852ms: 1369-byte ENCODED response body received for "https://stage.peapod.com/shop/images/icons/PeapodIcons.json" (RelFrameId=1, Internal ID=25)
Action.c(285): t=46852ms: 6017-byte DECODED response body for "https://stage.peapod.com/shop/images/icons/PeapodIcons.json" (RelFrameId=1, Internal ID=25)
Action.c(285):     4.809l-0.271-0.217-5.12-4.595zM482.068 280.418c23.805 0.014 45.876 7.428 64.040 20.066l-0.
Action.c(285):     368-0.243c2.841 1.855 5.281 3.669 7.607 5.615l-0.124-0.101c21.824 18.498 37.146 44.073 42.
Action.c(285):     421 73.149l0.115 0.763-35.184 22.712-29.276-18.642-19.43-13.128-48.049 31.245-48.968-30.72
Action.c(285):     -47.262 31.114-1.838-1.182c-0.002-0.288-0.004-0.627-0.004-0.968 0-64.926 51.678-117.781 11
Action.c(285):     6.145-119.677l0.175-0.004zM706.035 410.256v339.233c0.019 0.561 0.030 1.221 0.030 1.884 0 3
Action.c(285):     1.952-25.253 58.005-56.89 59.29l-0.116 0.004h-274.117c-31.753-1.288-57.006-27.342-57.006-5
Action.c(285):     9.294 0-0.662 0.011-1.322 0.032-1.98l-0.002 0.096v-339.102l48.312 31.376h0.788l48.181-30.8
Action.c(285):     51 48.049 31.245 48.706-31.639 48.181 31.245 48.312-31.245 48.706 31.245z",\n
Action.c(285):             "M506.092 596.283h81.789v-40.435h-78.769c-1.566-0.136-3.388-0.213-5.229-0.213-17.8
Action.c(285):     19 0-33.942 7.26-45.573 18.982l-0.004 0.004c-13.555 13.838-21.921 32.805-21.921 53.726 0 8
Action.c(285):     .969 1.537 17.579 4.363 25.581l-0.165-0.538c8.469 25.763 30.297 44.877 57.080 49.305l0.421
Action.c(285):      0.057h89.666v-74.831h-41.879v34.921h-42.142c-14.572 0-25.469-26.256-23.631-38.072s15.491-
Action.c(285):     28.488 25.994-28.488z"\n
Action.c(285):           ],\n
Action.c(285):           "attrs": [\n
Action.c(285):             {\n
Action.c(285):               "fill": "rgb(99, 102, 106)"\n
Action.c(285):             },\n
Action.c(285):             {\n
Action.c(285):               "fill": "rgb(99, 102, 106)"\n
Action.c(285):             },\n
Action.c(285):             {\n
Action.c(285):               "fill": "rgb(99, 102, 106)"\n
Action.c(285):             }\n
Action.c(285):           ],\n
Action.c(285):           "grid": 32,\n
Action.c(285):           "tags": [\n
Action.c(285):             "pick-up-gntc"\n
Action.c(285):           ]\n
Action.c(285):         },\n
Action.c(285):         {\n
Action.c(285):           "paths": [\n
Action.c(285):             "M512 0c-282.77 0-512 229.23-512 512s229.23 512 512 512c282.77 0 512-229.23 512-51
Action.c(285):     2v0c0.001-0.429 0.002-0.938 0.002-1.446 0-281.972-228.584-510.556-510.556-510.556-0.508 0-
Action.c(285):     1.017 0.001-1.525 0.002l0.079-0zM851.364 851.364c-86.951 87.186-207.199 141.128-340.045 14
Action.c(285):     1.128-265.224 0-480.23-215.006-480.23-480.23s215.006-480.23 480.23-480.23c0.239 0 0.479 0 
Action.c(285):     0.718 0.001l-0.037-0c0.244-0 0.534-0.001 0.823-0.001 132.277 0 252.001 53.745 338.527 140.
Action.c(285):     589l0.014 0.014c42.945 42.491 77.703 93.158 101.762 149.487l1.163 3.063c23.824 55.15 37.68
Action.c(285):     1 119.364 37.681 186.814s-13.857 131.664-38.878 189.951l1.198-3.136c-25.222 59.392-59.98 1
Action.c(285):     10.059-102.884 152.509l-0.041 0.040z",\n
Action.c(285):             "M618.076 348.029v-55.926h-434.281v398.047h73.124c7.87 39.126 41.961 68.182 82.839
Action.c(285):      68.182s74.969-29.056 82.748-67.641l0.091-0.541h207.557c7.87 39.126 41.961 68.182 82.839 6
Action.c(285):     8.182s74.969-29.056 82.748-67.641l0.091-0.541h44.373v-204.406l-97.411-137.846zM339.233 725
Action.c(285):     .333c-28.056-0.064-50.862-22.456-51.592-50.345l-0.001-0.068v-1.182c0-28.494 23.099-51.594 
Action.c(285):     51.594-51.594s51.594 23.099 51.594 51.594c0 28.494-23.099 51.594-51.594 51.594v0zM585.255 
Action.c(285):     657.329h-163.184c-7.87-39.126-41.961-68.182-82.839-68.182s-74.969 29.056-82.748 67.641l-0.
Action.c(285):     091 0.541h-40.304v-332.406h369.165zM712.993 725.333c-0.004 0-0.009 0-0.014 0-28.079 0-50.9
Action.c(285):     19-22.431-51.579-50.351l-0.001-0.061v-1.182c0-28.494 23.099-51.594 51.594-51.594s51.594 23
Action.c(285):     .099 51.594 51.594c0 28.494-23.099 51.594-51.594 51.594v0zM807.91 657.329h-12.078c-7.87-39
Action.c(285):     .126-41.961-68.182-82.839-68.182s-74.969 29.056-82.748 67.641l-0.091 0.541h-12.078v-276.61
Action.c(285):     1h108.176l81.657 115.528z",\n
Action.c(285):             "M389.645 557.292h89.797v-74.568h-41.485v34.79h-42.273c-14.441 0-25.337-26.256-23.
Action.c(285):     631-38.072s15.491-28.882 26.256-28.882h81.92v-40.435h-78.769c-1.566-0.136-3.388-0.213-5.22
Action.c(285):     9-0.213-17.819 0-33.942 7.26-45.573 18.982l-0.004 0.004c-13.502 13.924-21.826 32.938-21.82
Action.c(285):     6 53.895 0 8.903 1.502 17.456 4.267 25.418l-0.164-0.544c8.266 25.673 29.774 44.819 56.275 
Action.c(285):     49.56l0.439 0.065z"\n
Action.c(285):           ],\n
Action.c(285):           "attrs": [\n
Action.c(285):             {\n
Action.c(285):               "fill": "rgb(99, 102, 106)"\n
Action.c(285):             },\n
Action.c(285):             {\n
Action.c(285):               "fill": "rgb(99, 102, 106)"\n
Action.c(285):             },\n
Action.c(285):             {\n
Action.c(285):               "fill": "rgb(99, 102, 106)"\n
Action.c(285):             }\n
Action.c(285):           ],\n
Action.c(285):           "grid": 32,\n
Action.c(285):           "tags": [\n
Action.c(285):             "delivery-gntc"\n
Action.c(285):           ]\n
Action.c(285):         },\n
Action.c(285):         {\n
Action.c(285):           "paths": [\n
Action.c(285):             "M512 0c-282.77 0-512 229.23-512 512s229.23 512 512 512c282.77 0 512-229.23 512-51
Action.c(285):     2v0c0.001-0.429 0.002-0.938 0.002-1.446 0-281.972-228.584-510.556-510.556-510.556-0.508 0-
Action.c(285):     1.017 0.001-1.525 0.002l0.079-0zM851.364 851.364c-86.951 87.186-207.199 141.128-340.045 14
Action.c(285):     1.128-265.224 0-480.23-215.006-480.23-480.23s215.006-480.23 480.23-480.23c0.239 0 0.479 0 
Action.c(285):     0.718 0.001l-0.037-0c0.244-0 0.534-0.001 0.823-0.001 132.277 0 252.001 53.745 338.527 140.
Action.c(285):     589l0.014 0.014c42.945 42.491 77.703 93.158 101.762 149.487l1.163 3.063c23.824 55.15 37.68
Action.c(285):     1 119.364 37.681 186.814s-13.857 131.664-38.878 189.951l1.198-3.136c-25.222 59.392-59.98 1
Action.c(285):     10.059-102.884 152.509l-0.041 0.040z",\n
Action.c(285):             "M618.076 348.029v-55.926h-434.281v398.047h73.124c7.87 39.126 41.961 68.182 82.839
Action.c(285):      68.182s74.969-29.056 82.748-67.641l0.091-0.541h207.557c7.87 39.126 41.961 68.182 82.839 6
Action.c(285):     8.182s74.969-29.056 82.748-67.641l0.091-0.541h44.373v-204.406l-97.411-137.846zM339.233 725
Action.c(285):     .333c-28.056-0.064-50.862-22.456-51.592-50.345l-0.001-0.068v-1.182c0-28.494 23.099-51.594 
Action.c(285):     51.594-51.594s51.594 23.099 51.594 51.594c0 28.494-23.099 51.594-51.594 51.594v0zM585.255 
Action.c(285):     657.329h-163.184c-7.991-39.023-42.029-67.968-82.835-68.004l-0.004-0c-40.592 0.296-74.36 29
Action.c(285):     .154-82.22 67.459l-0.094 0.546h-40.829v-332.406h369.165zM712.993 725.333c-0.004 0-0.009 0-
Action.c(285):     0.014 0-28.079 0-50.919-22.431-51.579-50.351l-0.001-0.061v-1.182c0-28.494 23.099-51.594 51
Action.c(285):     .594-51.594s51.594 23.099 51.594 51.594c0 28.494-23.099 51.594-51.594 51.594v0zM807.91 657
Action.c(285):     .329h-12.078c-7.87-39.126-41.961-68.182-82.839-68.182s-74.969 29.056-82.748 67.641l-0.091 
Action.c(285):     0.541h-12.078v-276.611h108.176l81.657 115.528z",\n
Action.c(285):             "M373.366 557.817c0-14.047 0-70.367 0-97.28 6.302 17.986 17.329 48.837 21.53 60.78
Action.c(285):     4v0c2.048 3.623 5.437 6.284 9.478 7.329l0.106 0.023c1.694 0.555 3.643 0.876 5.667 0.876 0.
Action.c(285):     64 0 1.272-0.032 1.895-0.094l-0.079 0.006c0.066 0.001 0.144 0.002 0.222 0.002 5.097 0 9.51
Action.c(285):     5-2.904 11.69-7.148l0.034-0.074 20.217-60.39v77.85c0 18.511 0 18.511 0.788 19.167l0.919 0.
Action.c(285):     788h32.952v-1.707c0.046-0.863 0.072-1.872 0.072-2.888s-0.026-2.026-0.078-3.029l0.006 0.14v
Action.c(285):     -55.795c0-29.538 0-62.884 0-65.641-0.064-7.519-3.278-14.274-8.386-19.021l-0.016-0.015c-5.6
Action.c(285):     65-5.045-13.171-8.13-21.397-8.139l-2.628-0c-7.501 0.217-13.772 5.24-15.854 12.088l-0.032 0
Action.c(285):     .121-0.788 1.838c-4.989 12.209-14.966 36.365-19.43 46.999l-22.187-51.331c-4.852-6.036-12.2
Action.c(285): t=46871ms: 12280-byte ENCODED response body received for "https://stage.peapod.com/shop/images/icons/PeapodIcons.json" (RelFrameId=1, Internal ID=25)
Action.c(285): t=46872ms: 12288-byte DECODED response body for "https://stage.peapod.com/shop/images/icons/PeapodIcons.json" (RelFrameId=1, Internal ID=25)
Action.c(285):     35-9.866-20.512-9.866-0.358 0-0.714 0.007-1.069 0.021l0.051-0.002c-9.19 0-27.307 6.695-27.
Action.c(285):     569 22.055v134.695h34.921z"\n
Action.c(285):           ],\n
Action.c(285):           "attrs": [\n
Action.c(285):             {\n
Action.c(285):               "fill": "rgb(99, 102, 106)"\n
Action.c(285):             },\n
Action.c(285):             {\n
Action.c(285):               "fill": "rgb(99, 102, 106)"\n
Action.c(285):             },\n
Action.c(285):             {\n
Action.c(285):               "fill": "rgb(99, 102, 106)"\n
Action.c(285):             }\n
Action.c(285):           ],\n
Action.c(285):           "grid": 32,\n
Action.c(285):           "tags": [\n
Action.c(285):             "delivery-mrtn"\n
Action.c(285):           ]\n
Action.c(285):         },\n
Action.c(285):         {\n
Action.c(285):           "paths": [\n
Action.c(285):             "M512 0c-282.77 0-512 229.23-512 512s229.23 512 512 512c282.77 0 512-229.23 512-51
Action.c(285):     2v0c0.001-0.429 0.002-0.938 0.002-1.446 0-281.972-228.584-510.556-510.556-510.556-0.508 0-
Action.c(285):     1.017 0.001-1.525 0.002l0.079-0zM851.364 851.364c-86.951 87.186-207.199 141.128-340.045 14
Action.c(285):     1.128-265.224 0-480.23-215.006-480.23-480.23s215.006-480.23 480.23-480.23c0.239 0 0.479 0 
Action.c(285):     0.718 0.001l-0.037-0c0.244-0 0.534-0.001 0.823-0.001 132.277 0 252.001 53.745 338.527 140.
Action.c(285):     589l0.014 0.014c42.945 42.491 77.703 93.158 101.762 149.487l1.163 3.063c23.824 55.15 37.68
Action.c(285):     1 119.364 37.681 186.814s-13.857 131.664-38.878 189.951l1.198-3.136c-25.222 59.392-59.98 1
Action.c(285):     10.059-102.884 152.509l-0.041 0.040z",\n
Action.c(285):             "M278.318 239.59l-35.052 55.926-41.616 65.641v4.726c-0 0.037-0 0.082-0 0.126 0 36.
Action.c(285):     195 18.9 67.976 47.37 86.011l0.416 0.246v332.144h525.128v-332.144c28.437-18.33 46.999-49.8
Action.c(285):     42 46.999-85.688 0-0.106-0-0.212-0-0.318l0 0.016v-4.726l-76.669-121.961zM741.481 751.59h-4
Action.c(285):     59.487v-285.67c6.519 1.468 14.007 2.308 21.69 2.308 22.503 0 43.322-7.213 60.27-19.452l-0.
Action.c(285):     303 0.208c3.515-2.569 6.596-5.108 9.524-7.811l-0.072 0.066c18.086 16.849 42.428 27.192 69.
Action.c(285):     186 27.192s51.1-10.343 69.247-27.248l-0.061 0.056c18.118 16.83 42.479 27.157 69.251 27.157
Action.c(285):     s51.133-10.327 69.315-27.216l-0.064 0.059c18.351 16.809 42.905 27.108 69.864 27.108 6.489 
Action.c(285):     0 12.838-0.597 18.996-1.738l-0.639 0.098 3.282-0.788zM751.59 427.454h-1.050c-5.386 2.789-1
Action.c(285):     1.632 4.974-18.207 6.232l-0.435 0.069c-3.924 0.79-8.435 1.242-13.052 1.242-22.71 0-42.864-
Action.c(285):     10.942-55.479-27.841l-0.13-0.182-13.128-18.117-13.391 18.117c-12.725 17.367-33.046 28.517-
Action.c(285):     55.971 28.517-21.882 0-41.39-10.158-54.068-26.016l-0.107-0.138-1.444-2.363-13.128-18.117-1
Action.c(285):     3.128 18.117-1.838 2.363c-12.781 16.198-32.412 26.501-54.449 26.501-23.076 0-43.513-11.297
Action.c(285):     -56.082-28.663l-0.139-0.202-13.128-18.117-13.128 18.117c-4.411 5.968-9.524 11.080-15.296 1
Action.c(285):     5.353l-0.196 0.138c-11.25 8.086-25.301 12.931-40.485 12.931-5.333 0-10.526-0.598-15.516-1.
Action.c(285):     73l0.468 0.089c-6.155-1.344-11.592-3.335-16.653-5.952l0.374 0.176h-1.050c-20.886-11.070-35
Action.c(285):     .221-32.058-36.749-56.517l-0.010-0.197 52.513-84.414 8.796-13.916h430.211l8.665 13.391 52.
Action.c(285):     513 84.414c-1.425 24.527-15.498 45.471-35.743 56.534l-0.359 0.18z",\n
Action.c(285):             "M505.567 562.281h81.92v-40.435h-78.769c-1.576-0.138-3.409-0.217-5.26-0.217-17.834
Action.c(285):      0-33.958 7.317-45.536 19.112l-0.010 0.010c-13.513 13.907-21.844 32.911-21.844 53.862 0 8.
Action.c(285):     916 1.509 17.48 4.286 25.45l-0.165-0.543c8.24 25.87 29.868 45.179 56.536 49.953l0.441 0.06
Action.c(285):     5h89.797v-74.831h-41.485v34.921h-42.273c-14.441 0-25.337-26.256-23.631-38.072s15.491-29.27
Action.c(285):     6 25.994-29.276z"\n
Action.c(285):           ],\n
Action.c(285):           "attrs": [\n
Action.c(285):             {\n
Action.c(285):               "fill": "rgb(99, 102, 106)"\n
Action.c(285):             },\n
Action.c(285):             {\n
Action.c(285):               "fill": "rgb(99, 102, 106)"\n
Action.c(285):             },\n
Action.c(285):             {\n
Action.c(285):               "fill": "rgb(99, 102, 106)"\n
Action.c(285):             }\n
Action.c(285):           ],\n
Action.c(285):           "grid": 32,\n
Action.c(285):           "tags": [\n
Action.c(285):             "in-store-gntc"\n
Action.c(285):           ]\n
Action.c(285):         },\n
Action.c(285):         {\n
Action.c(285):           "paths": [\n
Action.c(285):             "M512 0c-282.77 0-512 229.23-512 512s229.23 512 512 512c282.77 0 512-229.23 512-51
Action.c(285):     2v0c0.001-0.429 0.002-0.938 0.002-1.446 0-281.972-228.584-510.556-510.556-510.556-0.508 0-
Action.c(285):     1.017 0.001-1.525 0.002l0.079-0zM851.364 851.364c-86.951 87.186-207.199 141.128-340.045 14
Action.c(285):     1.128-265.224 0-480.23-215.006-480.23-480.23s215.006-480.23 480.23-480.23c0.239 0 0.479 0 
Action.c(285):     0.718 0.001l-0.037-0c0.244-0 0.534-0.001 0.823-0.001 132.277 0 252.001 53.745 338.527 140.
Action.c(285):     589l0.014 0.014c42.945 42.491 77.703 93.158 101.762 149.487l1.163 3.063c23.824 55.15 37.68
Action.c(285):     1 119.364 37.681 186.814s-13.857 131.664-38.878 189.951l1.198-3.136c-25.222 59.392-59.98 1
Action.c(285):     10.059-102.884 152.509l-0.041 0.040z",\n
Action.c(285):             "M672.033 546.396c-3.009-3.262-7.305-5.299-12.076-5.299-4.315 0-8.242 1.666-11.171
Action.c(285):      4.389l0.010-0.009-105.026 96.886c-3.533 3.028-5.757 7.496-5.757 12.482 0 9.063 7.347 16.4
Action.c(285):     1 16.41 16.41 4.497 0 8.571-1.809 11.535-4.738l-0.002 0.002 105.026-96.886c3.305-3.013 5.3
Action.c(285):     7-7.336 5.37-12.141 0-4.284-1.642-8.185-4.33-11.107l0.011 0.012z",\n
Action.c(285):             "M646.564 686.343c4.263-0.008 8.141-1.654 11.038-4.342l-0.010 0.010 43.848-39.385c
Action.c(285):     3.106-2.99 5.036-7.184 5.036-11.828 0-9.063-7.347-16.41-16.41-16.41-4.089 0-7.829 1.496-10
Action.c(285):     .702 3.97l0.021-0.018-43.848 39.385c-3.264 3.009-5.301 7.306-5.301 12.078 0 9.034 7.301 16
Action.c(285):     .364 16.324 16.41l0.004 0z",\n
Action.c(285):             "M354.462 587.618v32.295c0 9.063 7.347 16.41 16.41 16.41s16.41-7.347 16.41-16.41v0
Action.c(285):     -32.295c0-9.063-7.347-16.41-16.41-16.41s-16.41 7.347-16.41 16.41v0z",\n
Action.c(285):             "M294.597 490.864c0.066 0 0.145 0 0.224 0 21.302 0 40.43-9.31 53.537-24.082l0.065-
Action.c(285):     0.074c13.289 14.935 32.563 24.297 54.023 24.297s40.734-9.362 53.959-24.225l0.064-0.073c13.
Action.c(285):     383 15.001 32.769 24.401 54.351 24.401s40.968-9.4 54.288-24.33l0.063-0.072c13.272 15.006 3
Action.c(285):     2.572 24.419 54.071 24.419 0.098 0 0.197-0 0.295-0.001l-0.015 0c0.203 0.002 0.444 0.003 0.
Action.c(285):     685 0.003 21.46 0 40.761-9.244 54.137-23.968l0.054-0.060c13.518 14.787 32.891 24.027 54.42
Action.c(285):     3 24.027 0.205 0 0.411-0.001 0.616-0.003l-0.031 0c0.645 0.022 1.404 0.034 2.165 0.034 36.8
Action.c(285):     7 0 66.953-29.062 68.59-65.528l0.005-0.148v-44.767c-0.018-3.167-0.945-6.114-2.533-8.598l0.
Action.c(285):     039 0.065-65.641-106.995c-2.941-4.675-8.070-7.738-13.915-7.746l-0.001-0h-410.256c-0.001-0-
Action.c(285):     0.002-0-0.003-0-5.778 0-10.853 3.010-13.742 7.548l-0.039 0.066-67.61 106.995s0 0 0 0.919c-
Action.c(285):     0.468 0.68-0.868 1.462-1.16 2.293l-0.021 0.070c-0.492 1.393-0.82 3.005-0.917 4.679l-0.002 
Action.c(285):     0.047s0 0 0 0v0 43.323c0.654 37.416 31.139 67.497 68.651 67.497 0.557 0 1.113-0.007 1.667-
Action.c(285):     0.020l-0.082 0.002zM729.403 458.043c-0.7 0.048-1.517 0.075-2.341 0.075-19.094 0-34.751-14.
Action.c(285):     716-36.248-33.424l-0.008-0.128c0-9.063-7.347-16.41-16.41-16.41s-16.41 7.347-16.41 16.41v0c
Action.c(285):     -1.716 18.861-17.454 33.523-36.616 33.523-0.651 0-1.297-0.017-1.939-0.050l0.090 0.004c-0.6
Action.c(285):     13 0.037-1.33 0.059-2.052 0.059-19.009 0-34.575-14.745-35.882-33.422l-0.006-0.113c0-9.063-
Action.c(285):     7.347-16.41-16.41-16.41s-16.41 7.347-16.41 16.41v0c-2.314 19.087-18.417 33.732-37.941 33.7
Action.c(285):     32s-35.626-14.645-37.922-33.548l-0.018-0.184c0-9.063-7.347-16.41-16.41-16.41s-16.41 7.347-
Action.c(285):     16.41 16.41v0c-2.021 19.157-18.088 33.955-37.612 33.955s-35.592-14.799-37.598-33.791l-0.01
Action.c(285):     4-0.164c0-9.063-7.347-16.41-16.41-16.41v0 0c-9.063 0-16.41 7.347-16.41 16.41v0c-1.115 18.7
Action.c(285):     47-16.591 33.528-35.518 33.528-0.667 0-1.33-0.018-1.989-0.055l0.092 0.004c-0.613 0.037-1.3
Action.c(285):     3 0.059-2.052 0.059-19.009 0-34.575-14.745-35.882-33.422l-0.006-0.113v-27.044h510.687v27.0
Action.c(285):     44c-1.314 18.79-16.879 33.535-35.889 33.535-0.722 0-1.439-0.021-2.15-0.063l0.098 0.005zM31
Action.c(285):     6.915 290.79h46.736l-10.24 40.172c-0.343 1.247-0.539 2.678-0.539 4.156 0 7.597 5.204 13.97
Action.c(285):     9 12.242 15.775l0.113 0.024c0.612 0.095 1.317 0.15 2.035 0.15s1.423-0.054 2.112-0.159l-0.0
Action.c(285):     77 0.010c7.596-0.054 13.97-5.219 15.859-12.225l0.027-0.116 12.472-48.312h52.513l-2.888 43.
Action.c(285):     192c-0.023 0.326-0.036 0.707-0.036 1.090 0 8.66 6.708 15.753 15.212 16.367l0.053 0.003h1.1
Action.c(285):     82c0.010 0 0.022 0 0.034 0 8.621 0 15.677-6.702 16.242-15.179l0.003-0.049 3.151-45.424h55.
Action.c(285):     138l3.151 45.424c0.635 8.54 7.72 15.229 16.368 15.229 0.015 0 0.030-0 0.045-0l-0.002 0h1.0
Action.c(285):     50c8.557-0.617 15.265-7.71 15.265-16.37 0-0.384-0.013-0.764-0.039-1.141l0.003 0.051-2.888-
Action.c(285):     43.192h52.513l13.128 48.312c1.825 7.144 8.203 12.341 15.795 12.341 0.032 0 0.063-0 0.095-0
Action.c(285):     l-0.005 0c0.611 0.092 1.317 0.144 2.035 0.144s1.423-0.052 2.113-0.154l-0.078 0.009c7.143-1
Action.c(285):     .881 12.326-8.282 12.326-15.894 0-1.443-0.186-2.842-0.536-4.175l0.025 0.114-10.371-40.172h
Action.c(285):     50.675l45.817 73.912h-484.562z",\n
Action.c(285):             "M799.902 733.21h-31.508v-223.179h-33.214v223.179h-295.647v-223.179h-32.558v223.17
Action.c(285):     9h-118.154v-223.179h-32.821v223.179h-31.508c-9.063 0-16.41 7.347-16.41 16.41s7.347 16.41 1
Action.c(285):     6.41 16.41v0h575.409c9.063 0 16.41-7.347 16.41-16.41s-7.347-16.41-16.41-16.41v0z"\n
Action.c(285):           ],\n
Action.c(285):           "attrs": [\n
Action.c(285):             {\n
Action.c(285):               "fill": "rgb(99, 102, 106)"\n
Action.c(285):             },\n
Action.c(285):             {\n
Action.c(285):               "fill": "rgb(99, 102, 106)"\n
Action.c(285):             },\n
Action.c(285):             {\n
Action.c(285):               "fill": "rgb(99, 102, 106)"\n
Action.c(285):             },\n
Action.c(285):             {\n
Action.c(285):               "fill": "rgb(99, 102, 106)"\n
Action.c(285):             },\n
Action.c(285):             {\n
Action.c(285):               "fill": "rgb(99, 102, 106)"\n
Action.c(285):             },\n
Action.c(285):             {\n
Action.c(285):               "fill": "rgb(99, 102, 106)"\n
Action.c(285):             }\n
Action.c(285):           ],\n
Action.c(285):           "grid": 32,\n
Action.c(285):           "tags": [\n
Action.c(285):             "in-store-gntl"\n
Action.c(285):           ]\n
Action.c(285):         },\n
Action.c(285):         {\n
Action.c(285):           "paths": [\n
Action.c(285):             "M512 0c-282.77 0-512 229.23-512 512s229.23 512 512 512c282.77 0 512-229.23 512-51
Action.c(285):     2v0c0.001-0.429 0.002-0.938 0.002-1.446 0-281.972-228.584-510.556-510.556-510.556-0.508 0-
Action.c(285):     1.017 0.001-1.525 0.002l0.079-0zM851.364 851.364c-86.951 87.186-207.199 141.128-340.045 14
Action.c(285):     1.128-265.224 0-480.23-215.006-480.23-480.23s215.006-480.23 480.23-480.23c0.239 0 0.479 0 
Action.c(285):     0.718 0.001l-0.037-0c0.244-0 0.534-0.001 0.823-0.001 132.277 0 252.001 53.745 338.527 140.
Action.c(285):     589l0.014 0.014c42.945 42.491 77.703 93.158 101.762 149.487l1.163 3.063c23.824 55.15 37.68
Action.c(285):     1 119.364 37.681 186.814s-13.857 131.664-38.878 189.951l1.198-3.136c-25.222 59.392-59.98 1
Action.c(285):     10.059-102.884 152.509l-0.041 0.040z",\n
Action.c(285):             "M779.815 295.516l-35.184-55.926h-466.183l-35.184 55.926-41.616 65.641v4.726c-0 0.
Action.c(285):     063-0 0.138-0 0.213 0 36.132 18.908 67.848 47.368 85.793l0.419 0.246v332.275h525.128v-332.
Action.c(285):     275c28.433-18.271 46.999-49.739 46.999-85.544 0-0.11-0-0.221-0.001-0.331l0 0.017v-4.726l-4
Action.c(285):     1.485-65.641zM741.481 751.59h-459.487v-285.67c6.648 1.521 14.283 2.393 22.122 2.393 26.925
Action.c(285):      0 51.448-10.286 69.853-27.144l-0.077 0.070c18.086 16.849 42.428 27.192 69.186 27.192s51.1
Action.c(285):     -10.343 69.247-27.248l-0.061 0.056c18.118 16.83 42.479 27.157 69.251 27.157s51.133-10.327 
Action.c(285):     69.315-27.216l-0.064 0.059c18.327 16.787 42.85 27.074 69.776 27.074 7.838 0 15.473-0.872 2
Action.c(285):     2.813-2.524l-0.691 0.131zM788.349 370.872c-1.608 24.807-16.090 45.897-36.776 56.795l-0.377
Action.c(285):      0.181c-4.492 2.276-9.735 4.254-15.208 5.658l-0.546 0.119c-4.715 1.088-10.128 1.712-15.687
Action.c(285):      1.712-2.195 0-4.368-0.097-6.514-0.288l0.278 0.020c-19.136-1.856-35.781-11.228-47.165-25.0
Action.c(285):     85l-0.096-0.121-3.019-2.888-13.128-18.117-13.391 18.117-2.757 3.545c-11.511 13.638-27.969 
Action.c(285):     22.785-46.573 24.657l-0.294 0.024h-6.302c-0.012 0-0.025 0-0.039 0-22.758 0-42.94-11.030-55
Action.c(285):     .492-28.037l-0.133-0.189-13.128-18.117-13.128 18.117-2.757 3.545c-12.807 15.472-32.016 25.
Action.c(285):     254-53.51 25.254-23.067 0-43.503-11.268-56.104-28.6l-0.138-0.199-13.128-18.117-13.128 18.1
Action.c(285):     17c-12.781 17.324-33.116 28.437-56.046 28.437-11.399 0-22.157-2.746-31.648-7.614l0.391 0.1
Action.c(285):     82h-1.182c-20.816-11.12-35.090-32.091-36.618-56.517l-0.010-0.197 52.513-84.414 8.796-13.91
Action.c(285):     6h430.211l8.665 13.391z",\n
Action.c(285):             "M581.973 548.234c-0.222-7.489-3.397-14.195-8.394-19.028l-0.008-0.007c-5.739-4.976
Action.c(285):     -13.28-8.008-21.53-8.008l-3.545-0c-7.516 0.173-13.808 5.217-15.854 12.089l-0.031 0.12-0.78
Action.c(285):     8 1.707c-4.857 12.341-14.966 36.365-19.298 46.999l-22.318-51.331c-4.675-6.111-11.971-10.01
Action.c(285):     4-20.178-10.014-0.476 0-0.948 0.013-1.417 0.039l0.065-0.003c-9.19 0-27.307 6.695-27.438 22
Action.c(285):     .055v135.221h34.921v-99.512c6.302 17.986 17.329 48.837 21.662 60.784v0c2.035 3.665 5.425 6
Action.c(285):     .37 9.476 7.458l0.107 0.025c1.145 0.243 2.46 0.382 3.807 0.382s2.663-0.139 3.932-0.404l-0.
Action.c(285):     124 0.022c0.274 0.023 0.593 0.035 0.915 0.035 4.88 0 9.068-2.958 10.871-7.179l0.029-0.077 
Action.c(285):     20.349-60.39v77.85c0 18.511 0 18.511 0.788 19.298h33.739v-1.707c0.047-0.863 0.074-1.872 0.
Action.c(285):     074-2.888s-0.027-2.026-0.080-3.028l0.006 0.14v-120.648z"\n
Action.c(285):           ],\n
Action.c(285):           "attrs": [\n
Action.c(285):             {\n
Action.c(285):               "fill": "rgb(99, 102, 106)"\n
Action.c(285):             },\n
Action.c(285):             {\n
Action.c(285):               "fill": "rgb(99, 102, 106)"\n
Action.c(285):             },\n
Action.c(285):             {\n
Action.c(285):               "fill": "rgb(99, 102, 106)"\n
Action.c(285):             }\n
Action.c(285):           ],\n
Action.c(285):           "grid": 32,\n
Action.c(285):           "tags": [\n
Action.c(285):             "in-store-mrtn"\n
Action.c(285):           ]\n
Action.c(285):         },\n
Action.c(285):         {\n
Action.c(285):           "paths": [\n
Action.c(285):             "M512 0c-282.77 0-512 229.23-512 512s229.23 512 512 512c282.77 0 512-229.23 512-51
Action.c(285):     2v0c0.001-0.429 0.002-0.938 0.002-1.446 0-281.972-228.584-510.556-510.556-510.556-0.508 0-
Action.c(285):     1.017 0.001-1.525 0.002l0.079-0zM851.364 851.364c-86.951 87.186-207.199 141.128-340.045 14
Action.c(285):     1.128-265.224 0-480.23-215.006-480.23-480.23s215.006-480.23 480.23-480.23c0.239 0 0.479 0 
Action.c(285):     0.718 0.001l-0.037-0c0.244-0 0.534-0.001 0.823-0.001 132.277 0 252.001 53.745 338.527 140.
Action.c(285):     589l0.014 0.014c42.945 42.491 77.703 93.158 101.762 149.487l1.163 3.063c23.824 55.15 37.68
Action.c(285):     1 119.364 37.681 186.814s-13.857 131.664-38.878 189.951l1.198-3.136c-25.222 59.392-59.98 1
Action.c(285):     10.059-102.884 152.509l-0.04
Action.c(285): t=46904ms: 12288-byte DECODED response body for "https://stage.peapod.com/shop/images/icons/PeapodIcons.json" (RelFrameId=1, Internal ID=25)
Action.c(285):     1 0.040z",\n
Action.c(285):             "M692.775 260.595c0.329-2.705 0.517-5.838 0.517-9.014 0-43.503-35.266-78.769-78.76
Action.c(285):     9-78.769s-78.769 35.266-78.769 78.769c0 2.295 0.098 4.567 0.29 6.812l-0.020-0.292c-15.887-
Action.c(285):     6.644-34.346-10.503-53.708-10.503-0.088 0-0.175 0-0.263 0l0.014-0c-76.492 1.22-139.157 58.
Action.c(285):     848-148.275 133.042l-0.074 0.735-48.574-31.508v399.623c-0.016 0.632-0.025 1.377-0.025 2.12
Action.c(285):     4 0 50.024 39.969 90.712 89.713 91.872l0.108 0.002h274.117c49.853-1.162 89.821-41.85 89.82
Action.c(285):     1-91.874 0-0.747-0.009-1.492-0.027-2.234l0.002 0.11v-399.754l-46.080 29.932zM568.845 260.5
Action.c(285):     95c0-25.159 20.396-45.555 45.555-45.555s45.555 20.396 45.555 45.555v139.947l-2.757 1.707-1
Action.c(285):     1.422-7.221-14.966-9.715c-4.641-42.502-25.571-79.383-56.318-104.813l-0.265-0.212-5.383-4.5
Action.c(285):     95zM482.068 280.418c23.805 0.014 45.876 7.428 64.040 20.066l-0.368-0.243c2.626 1.707 5.251
Action.c(285):      3.676 7.746 5.645 21.674 18.519 36.892 44.032 42.157 73.014l0.116 0.766-35.184 22.712-29.
Action.c(285):     407-18.773-19.167-12.472-48.049 31.245-49.099-31.245-47.262 31.114-1.838-1.182c-0.002-0.28
Action.c(285):     8-0.004-0.627-0.004-0.968 0-64.926 51.678-117.781 116.145-119.677l0.175-0.004zM706.035 410
Action.c(285):     .256v339.233c0.019 0.561 0.030 1.221 0.030 1.884 0 31.952-25.253 58.005-56.89 59.29l-0.116
Action.c(285):      0.004h-274.117c-31.753-1.288-57.006-27.342-57.006-59.294 0-0.662 0.011-1.322 0.032-1.98l-
Action.c(285):     0.002 0.096v-339.102l48.312 31.376h0.788l48.181-30.851 48.049 31.245 48.706-31.639 48.181 
Action.c(285):     31.376 48.443-31.376 48.574 31.245z",\n
Action.c(285):             "M582.367 571.077c-0.102-7.471-3.309-14.172-8.386-18.89l-0.016-0.015c-5.665-5.045-
Action.c(285):     13.171-8.13-21.397-8.139l-3.547-0c-7.501 0.217-13.772 5.24-15.854 12.088l-0.032 0.121-0.78
Action.c(285):     8 1.838c-4.989 12.209-14.966 36.365-19.43 46.999l-22.187-51.331c-4.852-6.036-12.235-9.866-
Action.c(285):     20.512-9.866-0.358 0-0.714 0.007-1.069 0.021l0.051-0.002c-9.321 0-27.438 6.695-27.569 21.9
Action.c(285):     24v135.221h34.921v-2.363c0-14.047 0-70.367 0-97.28 6.302 17.986 17.329 48.837 21.53 60.784
Action.c(285):     v0.656c2.048 3.623 5.437 6.284 9.478 7.329l0.106 0.023c1.694 0.555 3.643 0.876 5.667 0.876
Action.c(285):      0.64 0 1.272-0.032 1.895-0.094l-0.079 0.006c0.066 0.001 0.144 0.002 0.222 0.002 5.097 0 9
Action.c(285):     .515-2.904 11.69-7.148l0.034-0.074 20.611-59.865v77.85c0 18.379 0 18.379 0.788 19.167l0.91
Action.c(285):     9 0.788h32.952v-1.575c0-1.050 0-2.626 0-5.908v-56.976c0.131-29.538 0-62.884 0-66.166z"\n
Action.c(285):           ],\n
Action.c(285):           "attrs": [\n
Action.c(285):             {\n
Action.c(285):               "fill": "rgb(99, 102, 106)"\n
Action.c(285):             },\n
Action.c(285):             {\n
Action.c(285):               "fill": "rgb(99, 102, 106)"\n
Action.c(285):             },\n
Action.c(285):             {\n
Action.c(285):               "fill": "rgb(99, 102, 106)"\n
Action.c(285):             }\n
Action.c(285):           ],\n
Action.c(285):           "grid": 32,\n
Action.c(285):           "tags": [\n
Action.c(285):             "pick-up-mrtn"\n
Action.c(285):           ]\n
Action.c(285):         },\n
Action.c(285):         {\n
Action.c(285):           "paths": [\n
Action.c(285):             "M851.364 851.364c-86.951 87.186-207.199 141.128-340.045 141.128-265.224 0-480.23-
Action.c(285):     215.006-480.23-480.23s215.006-480.23 480.23-480.23c0.239 0 0.479 0 0.718 0.001l-0.037-0c0.
Action.c(285):     244-0 0.534-0.001 0.823-0.001 132.277 0 252.001 53.745 338.527 140.589l0.014 0.014c42.945 
Action.c(285):     42.491 77.703 93.158 101.762 149.487l1.163 3.063c23.824 55.15 37.681 119.364 37.681 186.81
Action.c(285):     4s-13.857 131.664-38.878 189.951l1.198-3.136c-25.222 59.392-59.98 110.059-102.884 152.509l
Action.c(285):     -0.041 0.040zM512 0c-282.77 0-512 229.23-512 512s229.23 512 512 512c282.77 0 512-229.23 51
Action.c(285):     2-512v0c0.001-0.429 0.002-0.938 0.002-1.446 0-281.972-228.584-510.556-510.556-510.556-0.50
Action.c(285):     8 0-1.017 0.001-1.525 0.002l0.079-0z",\n
Action.c(285):             "M651.815 621.752c-9.063 0-16.41-7.347-16.41-16.41v0-290.265h-322.297v75.093c0 9.0
Action.c(285):     63-7.347 16.41-16.41 16.41s-16.41-7.347-16.41-16.41v0-91.897c0.147-8.877 7.378-16.017 16.2
Action.c(285):     77-16.017 0.047 0 0.094 0 0.141 0.001l-0.007-0h355.118c9.063 0 16.41 7.347 16.41 16.41v0 3
Action.c(285):     06.675c0 9.063-7.347 16.41-16.41 16.41v0z",\n
Action.c(285):             "M848.476 695.795h-40.566v-32.821h24.156v-118.154c-48.968-14.047-56.32-17.986-56.3
Action.c(285):     2-31.639 0-9.977-7.352-36.365-54.876-103.319h-68.661v-32.821h77.063c5.387 0.088 10.137 2.7
Action.c(285):     37 13.096 6.78l0.033 0.047c48.574 67.085 61.834 100.168 65.641 118.81 6.302 2.363 19.167 6
Action.c(285):     .564 45.292 13.916 6.906 2.133 11.854 8.419 11.947 15.874l0 0.011v147.298c-0.218 8.894-7.4
Action.c(285):     79 16.021-16.406 16.021-0.14 0-0.28-0.002-0.419-0.005l0.021 0z",\n
Action.c(285):             "M746.47 536.681h-46.868c-9.063 0-16.41-7.347-16.41-16.41s7.347-16.41 16.41-16.41v
Action.c(285):     0h22.449l-23.106-56.845c-0.761-1.826-1.203-3.946-1.203-6.17 0-9.075 7.357-16.431 16.431-16
Action.c(285):     .431 6.851 0 12.722 4.193 15.189 10.152l0.040 0.109 32.164 78.769c0.762 1.825 1.204 3.946 
Action.c(285):     1.204 6.17 0 9.063-7.347 16.41-16.41 16.41-0.008 0-0.016-0-0.024-0l0.001 0z",\n
Action.c(285):             "M723.364 741.744c-35.011-0.297-63.278-28.748-63.278-63.801 0-35.237 28.566-63.803
Action.c(285):      63.803-63.803s63.802 28.564 63.803 63.801l0 0c-0.074 35.254-28.67 63.804-63.934 63.804-0.
Action.c(285):     139 0-0.277-0-0.415-0.001l0.021 0zM723.364 646.958c-17.111 0-30.983 13.871-30.983 30.983s1
Action.c(285):     3.871 30.983 30.983 30.983c17.111 0 30.983-13.871 30.983-30.983v0c0-17.111-13.871-30.983-3
Action.c(285):     0.983-30.983v0z",\n
Action.c(285):             "M415.114 741.744c-35.181-0.075-63.672-28.612-63.672-63.803 0-35.237 28.566-63.803
Action.c(285):      63.803-63.803s63.803 28.566 63.803 63.803l-0-0c-0.075 35.254-28.67 63.803-63.934 63.803-0
Action.c(285):      0-0-0-0-0l0 0zM415.114 646.958c-16.998 0.149-30.72 13.963-30.72 30.981 0 17.111 13.871 30
Action.c(285):     .983 30.983 30.983s30.982-13.871 30.983-30.981l0-0c0-0 0-0.001 0-0.001 0-17.111-13.871-30.
Action.c(285):     983-30.983-30.983-0.092 0-0.185 0-0.277 0.001l0.014-0z",\n
Action.c(285):             "M617.026 690.412h-105.026c-9.063 0-16.41-7.347-16.41-16.41s7.347-16.41 16.41-16.4
Action.c(285):     1v0h105.026c9.063 0 16.41 7.347 16.41 16.41s-7.347 16.41-16.41 16.41v0z",\n
Action.c(285):             "M255.344 379.011h-75.487c-9.063 0-16.41-7.347-16.41-16.41s7.347-16.41 16.41-16.41
Action.c(285):     v0h75.487c9.063 0 16.41 7.347 16.41 16.41s-7.347 16.41-16.41 16.41v0z",\n
Action.c(285):             "M358.531 453.317h-144.41c-9.063 0-16.41-7.347-16.41-16.41s7.347-16.41 16.41-16.41
Action.c(285):     v0h144.41c9.063 0 16.41 7.347 16.41 16.41s-7.347 16.41-16.41 16.41v0z",\n
Action.c(285):             "M255.344 526.966h-79.819c-9.063 0-16.41-7.347-16.41-16.41s7.347-16.41 16.41-16.41
Action.c(285):     v0h79.819c9.063 0 16.41 7.347 16.41 16.41s-7.347 16.41-16.41 16.41v0z",\n
Action.c(285):             "M644.201 587.618h-347.504c-9.063 0-16.41-7.347-16.41-16.41s7.347-16.41 16.41-16.4
Action.c(285):     1v0h347.504c9.063 0 16.41 7.347 16.41 16.41s-7.347 16.41-16.41 16.41v0z",\n
Action.c(285):             "M420.89 462.769c-0.036-0.158-0.056-0.339-0.056-0.525s0.020-0.367 0.059-0.542l-0.0
Action.c(285):     03 0.017c0.072-1.465 1.277-2.626 2.754-2.626 0.001 0 0.002 0 0.003 0l101.481-0c1.45 0 2.62
Action.c(285):     6 1.176 2.626 2.626v0c0.036 0.158 0.056 0.339 0.056 0.525s-0.020 0.367-0.059 0.542l0.003-0
Action.c(285):     .017c-9.875 19.855-30.023 33.258-53.301 33.258s-43.425-13.404-53.145-32.914l-0.155-0.344z"
Action.c(285):     ,\n
Action.c(285):             "M434.281 393.846v-0.788c0.376-0.356 0.884-0.575 1.444-0.575s1.069 0.219 1.445 0.5
Action.c(285):     76l-0.001-0.001 56.189 56.189c0.395 0.382 0.64 0.917 0.64 1.51s-0.245 1.127-0.64 1.509l-0.
Action.c(285):     001 0.001c-4.5 1.602-9.69 2.528-15.096 2.528-25.594 0-46.343-20.748-46.343-46.343 0-5.224 
Action.c(285):     0.864-10.247 2.458-14.932l-0.096 0.326z",\n
Action.c(285):             "M488.632 377.961h0.656c0.87 0 1.575 0.705 1.575 1.575v0 0 57.108c0 0.87-0.705 1.5
Action.c(285):     75-1.575 1.575v0h-0.656c-11.3-5.462-18.955-16.836-18.955-29.998s7.656-24.536 18.757-29.911
Action.c(285):     l0.198-0.086z",\n
Action.c(285):             "M527.097 408.812v0c0.196 0.228 0.315 0.527 0.315 0.853s-0.119 0.625-0.317 0.855l0
Action.c(285):     .001-0.002-29.801 33.083c-0.208 0.187-0.485 0.301-0.788 0.301s-0.58-0.114-0.789-0.302l0.00
Action.c(285):     1 0.001s0 0 0 0v0c-0.858-2.629-1.353-5.655-1.353-8.797 0-7.408 2.752-14.174 7.289-19.33l-0
Action.c(285):     .028 0.033c4.215-4.91 10.429-8.001 17.364-8.001 2.864 0 5.604 0.527 8.13 1.489l-0.157-0.05
Action.c(285):     2z"\n
Action.c(285):           ],\n
Action.c(285):           "attrs": [\n
Action.c(285):             {\n
Action.c(285):               "fill": "rgb(99, 102, 106)"\n
Action.c(285):             },\n
Action.c(285):             {\n
Action.c(285):               "fill": "rgb(99, 102, 106)"\n
Action.c(285):             },\n
Action.c(285):             {\n
Action.c(285):               "fill": "rgb(99, 102, 106)"\n
Action.c(285):             },\n
Action.c(285):             {\n
Action.c(285):               "fill": "rgb(99, 102, 106)"\n
Action.c(285):             },\n
Action.c(285):             {\n
Action.c(285):               "fill": "rgb(99, 102, 106)"\n
Action.c(285):             },\n
Action.c(285):             {\n
Action.c(285):               "fill": "rgb(99, 102, 106)"\n
Action.c(285):             },\n
Action.c(285):             {\n
Action.c(285):               "fill": "rgb(99, 102, 106)"\n
Action.c(285):             },\n
Action.c(285):             {\n
Action.c(285):               "fill": "rgb(99, 102, 106)"\n
Action.c(285):             },\n
Action.c(285):             {\n
Action.c(285):               "fill": "rgb(99, 102, 106)"\n
Action.c(285):             },\n
Action.c(285):             {\n
Action.c(285):               "fill": "rgb(99, 102, 106)"\n
Action.c(285):             },\n
Action.c(285):             {\n
Action.c(285):               "fill": "rgb(99, 102, 106)"\n
Action.c(285):             },\n
Action.c(285):             {\n
Action.c(285):               "fill": "rgb(99, 102, 106)"\n
Action.c(285):             },\n
Action.c(285):             {\n
Action.c(285):               "fill": "rgb(99, 102, 106)"\n
Action.c(285):             },\n
Action.c(285):             {\n
Action.c(285):               "fill": "rgb(99, 102, 106)"\n
Action.c(285):             },\n
Action.c(285):             {\n
Action.c(285):               "fill": "rgb(99, 102, 106)"\n
Action.c(285):             }\n
Action.c(285):           ],\n
Action.c(285):           "grid": 32,\n
Action.c(285):           "tags": [\n
Action.c(285):             "delivery-gntl"\n
Action.c(285):           ]\n
Action.c(285):         },\n
Action.c(285):         {\n
Action.c(285):           "paths": [\n
Action.c(285):             "M840.587 851.475c-42.029 42.64-92.017 77.304-147.574 101.602l-3.044 1.187c-54.36 
Action.c(285):     23.843-117.72 37.718-184.32 37.718s-129.96-13.876-187.346-38.893l3.026 1.175c-114.476-50.0
Action.c(285):     54-203.672-140.176-251.319-252.225l-1.181-3.127c-23.525-55.138-37.201-119.285-37.201-186.6
Action.c(285):     26 0-0.101 0-0.201 0-0.302l-0 0.016c-0.001-0.43-0.002-0.939-0.002-1.448 0-129.975 51.606-2
Action.c(285):     47.897 135.446-334.394l-0.12 0.125c85.117-88.968 204.792-144.269 337.384-144.269 0.417 0 0
Action.c(285):     .833 0.001 1.25 0.002l-0.065-0c0.407-0.001 0.89-0.002 1.372-0.002 66.176 0 129.11 13.879 1
Action.c(285):     86.050 38.886l-2.973-1.164c114.325 50.175 203.402 140.262 251.057 252.221l1.184 3.131c23.5
Action.c(285):     26 55.227 37.202 119.473 37.202 186.912s-13.676 131.685-38.405 190.114l1.203-3.202c-24.931
Action.c(285):      59.309-59.252 109.964-101.643 152.584l0.021-0.021zM505.519 0c-141.79 0.012-269.82 58.91-3
Action.c(285):     60.971 153.572l-0.151 0.158c-89.344 92.476-144.397 218.58-144.397 357.542 0 0.256 0 0.512 
Action.c(285):     0.001 0.769l-0-0.040c0 282.831 226.576 512 505.519 512s505.519-229.169 505.519-512-226.187
Action.c(285):     -512-505.519-512z",\n
Action.c(285):             "M174.987 492.557c-10.758 0-19.443 5.703-19.443 12.962s9.073 12.962 19.832 12.962 
Action.c(285):     19.054-5.963 19.054-12.962-9.073-12.962-19.443-12.962z",\n
Action.c(285):             "M155.544 557.367c0 7.129 8.555 12.962 19.184 12.962s19.702-5.963 19.702-12.962-8.
Action.c(285):     944-12.962-19.573-12.962-19.313 5.963-19.313 12.962z",\n
Action.c(285):             "M468.966 477.003c-0-0.039-0-0.084-0-0.13 0-18.684 15.147-33.831 33.831-33.831s33.
Action.c(285):     831 15.147 33.831 33.831c0 18.684-15.146 33.831-33.831 33.831l-0-0c-0 0-0 0-0 0-18.639 0-3
Action.c(285):     3.757-15.073-33.831-33.694l-0-0.007zM568.514 477.003c0-0.077 0.001-0.168 0.001-0.259 0-36.
Action.c(285):     295-29.423-65.717-65.717-65.717s-65.717 29.423-65.717 65.717c0 36.295 29.422 65.717 65.717
Action.c(285):      65.717l-0-0c0.039 0 0.084 0 0.13 0 36.178 0 65.514-29.291 65.588-65.451l0-0.007zM849.531 
Action.c(285):     697.357h-35.775c-8.515-33.101-38.094-57.168-73.294-57.168-33.11 0-61.246 21.294-71.462 50.
Action.c(285):     933l-0.159 0.531v-113.418h77.772c12.165-0.011 22.886-6.181 29.215-15.559l0.080-0.125c3.627
Action.c(285):     -5.4 5.789-12.049 5.789-19.202 0-5.059-1.081-9.866-3.026-14.201l0.088 0.22-12.962-31.368c-
Action.c(285):     5.575-12.464-17.864-20.992-32.145-20.998l-64.811-0v-13.999h102.53v0.648l50.552 90.734c4.88
Action.c(285):     5 10.537 15.136 17.835 27.149 18.403l0.071 0.003zM740.391 759.445c-24.069-0.074-43.552-19.
Action.c(285):     602-43.552-43.682 0-24.125 19.557-43.682 43.682-43.682s43.682 19.557 43.682 43.682l0 0c-0.
Action.c(285):     293 23.901-19.736 43.164-43.679 43.164-0.047 0-0.093-0-0.14-0l0.007 0zM668.841 508.759h64.
Action.c(285):     81c0.049-0.003 0.107-0.005 0.165-0.005 1.177 0 2.194 0.682 2.679 1.672l0.008 0.018 12.962 
Action.c(285):     31.757c0.184 0.421 0.292 0.911 0.292 1.426s-0.107 1.005-0.301 1.449l0.009-0.023c-0.695 0.8
Action.c(285):     22-1.705 1.36-2.841 1.425l-0.011 0h-77.772zM276.869 758.927c-24.069-0.074-43.552-19.602-43
Action.c(285):     .552-43.682 0-24.125 19.557-43.682 43.682-43.682s43.682 19.557 43.682 43.682l0 0c0 0 0 0 0
Action.c(285):      0 0 24.125-19.557 43.682-43.682 43.682-0.046 0-0.091-0-0.137-0l0.007 0zM851.346 540.776v0
Action.c(285):     l-50.552-90.734c-5.018-10.943-15.878-18.407-28.481-18.407-0.058 0-0.116 0-0.174 0l0.009-0h
Action.c(285):     -103.307v-51.848c0-30.783-24.954-55.737-55.737-55.737h-401.823c-0-0-0-0-0-0-30.737 0-55.66
Action.c(285):     3 24.88-55.737 55.6l-0 0.007v86.975c0 8.805 7.138 15.943 15.943 15.943s15.943-7.138 15.943
Action.c(285):     -15.943v-86.975c0.073-13.143 10.708-23.777 23.843-23.85l0.007-0h401.823c13.143 0.073 23.77
Action.c(285):     7 10.708 23.85 23.843l0 0.007v291.905c-0.073 13.143-10.708 23.777-23.843 23.85l-0.007 0h-2
Action.c(285):     63.129c-9.151-32.252-38.337-55.481-72.948-55.481-34.185 0-63.077 22.66-72.476 53.778l-0.13
Action.c(285):     9 0.536c-9.723-3.157-16.643-12.102-16.721-22.674l-0-0.009v-65.588c0-8.805-7.138-15.943-15.
Action.c(285):     943-15.943s-15.943 7.138-15.943 15.943v-0 65.588c0.268 27.24 20.081 49.774 46.073 54.264l0
Action.c(285):     .331 0.047c5.463 36.836 36.866 64.779 74.794 64.779 37.606 0 68.796-27.469 74.6-63.438l0.0
Action.c(285):     58-0.433h261.444c11.669-0.13 22.468-3.744 31.437-9.849l-0.198 0.127c5.269 6.311 12.914 10.
Action.c(285):     486 21.542 11.141l0.105 0.006c6.667 35.555 37.467 62.1 74.467 62.1s67.8-26.545 74.393-61.6
Action.c(285):     3l0.073-0.47h34.997c0.002 0 0.004 0 0.007 0 17.168 0 31.128-13.735 31.49-30.816l0.001-0.03
Action.c(285):     4v-125.084c-0.050-16.881-13.319-30.647-29.996-31.495l-0.076-0.003z"\n
Action.c(285):           ],\n
Action.c(285):           "attrs": [\n
Action.c(285):             {\n
Action.c(285):               "fill": "rgb(99, 102, 106)"\n
Action.c(285):             },\n
Action.c(285):             {\n
Action.c(285):               "fill": "rgb(99, 102, 106)"\n
Action.c(285):             },\n
Action.c(285):             {\n
Action.c(285):               "fill": "rgb(99, 1
Action.c(285): t=46941ms: 12288-byte DECODED response body for "https://stage.peapod.com/shop/images/icons/PeapodIcons.json" (RelFrameId=1, Internal ID=25)
Action.c(285):     02, 106)"\n
Action.c(285):             },\n
Action.c(285):             {\n
Action.c(285):               "fill": "rgb(99, 102, 106)"\n
Action.c(285):             }\n
Action.c(285):           ],\n
Action.c(285):           "width": 1011,\n
Action.c(285):           "grid": 32,\n
Action.c(285):           "tags": [\n
Action.c(285):             "delivery-stsh"\n
Action.c(285):           ]\n
Action.c(285):         },\n
Action.c(285):         {\n
Action.c(285):           "paths": [\n
Action.c(285):             "M851.364 851.364c-86.951 87.186-207.199 141.128-340.045 141.128-265.224 0-480.23-
Action.c(285):     215.006-480.23-480.23s215.006-480.23 480.23-480.23c0.239 0 0.479 0 0.718 0.001l-0.037-0c0.
Action.c(285):     244-0 0.534-0.001 0.823-0.001 132.277 0 252.001 53.745 338.527 140.589l0.014 0.014c42.945 
Action.c(285):     42.491 77.703 93.158 101.762 149.487l1.163 3.063c23.824 55.15 37.681 119.364 37.681 186.81
Action.c(285):     4s-13.857 131.664-38.878 189.951l1.198-3.136c-25.222 59.392-59.98 110.059-102.884 152.509l
Action.c(285):     -0.041 0.040zM512 0c-282.77 0-512 229.23-512 512s229.23 512 512 512c282.77 0 512-229.23 51
Action.c(285):     2-512v0c0.001-0.429 0.002-0.938 0.002-1.446 0-281.972-228.584-510.556-510.556-510.556-0.50
Action.c(285):     8 0-1.017 0.001-1.525 0.002l0.079-0z",\n
Action.c(285):             "M214.777 614.4c-8.556 0-15.491 6.936-15.491 15.491s6.936 15.491 15.491 15.491h0c8
Action.c(285):     .556 0 15.491-6.936 15.491-15.491s-6.936-15.491-15.491-15.491h0z",\n
Action.c(285):             "M199.286 673.608c0.148 8.442 7.026 15.229 15.489 15.229 0.001 0 0.002-0 0.002-0l-
Action.c(285):     0 0c8.556 0 15.491-6.936 15.491-15.491s-6.936-15.491-15.491-15.491h-0c-0.081-0.002-0.176-0
Action.c(285):     .002-0.272-0.002-8.411 0-15.229 6.818-15.229 15.229 0 0.186 0.003 0.37 0.010 0.554l-0.001-
Action.c(285):     0.027z",\n
Action.c(285):             "M483.906 562.675h262.564v137.584h-262.564zM761.436 730.716c8.324-0.147 15.025-6.8
Action.c(285):     93 15.097-15.222l0-0.007v-168.041c0-0.039 0.001-0.086 0.001-0.132 0-8.266-6.701-14.966-14.
Action.c(285):     966-14.966-0.046 0-0.093 0-0.139 0.001l0.007-0h-292.759c-0.039-0-0.085-0.001-0.131-0.001-8
Action.c(285):     .338 0-15.097 6.759-15.097 15.097 0 0 0 0 0 0.001l-0-0v168.041c0.074 8.381 6.848 15.155 15
Action.c(285):     .222 15.229l0.007 0zM864.886 472.615h-706.691v-26.256h706.691zM274.117 323.61h478.129l91.8
Action.c(285):     97 89.141h-658.773zM739.774 238.146v55.007h-456.205v-54.876zM286.326 554.273h106.338v228.4
Action.c(285):     31h-106.338zM891.536 417.214l-120.779-118.154v-75.881c0-8.411-6.818-15.229-15.229-15.229v0
Action.c(285):     h-487.056c-8.411 0-15.229 6.818-15.229 15.229h0v78.769l-114.215 113.953c-6.474 1.743-11.16
Action.c(285):     1 7.562-11.161 14.474 0 0.081 0.001 0.161 0.002 0.241l-0-0.012v56.845c0.074 8.381 6.848 15
Action.c(285):     .155 15.222 15.229l0.007 0h55.007v79.951c0 8.411 6.818 15.229 15.229 15.229s15.229-6.818 1
Action.c(285):     5.229-15.229v0-79.557h572.258v282.65h-377.698v-246.679c0-0 0-0 0-0.001 0-8.338-6.759-15.09
Action.c(285):     7-15.097-15.097-0.046 0-0.092 0-0.138 0.001l0.007-0h-136.796c-0.039-0-0.086-0.001-0.132-0.
Action.c(285):     001-8.266 0-14.966 6.701-14.966 14.966 0 0.046 0 0.093 0.001 0.139l-0-0.007v246.679h-27.43
Action.c(285):     8v-68.004c0-8.411-6.818-15.229-15.229-15.229s-15.229 6.818-15.229 15.229v-0 83.102c0.074 8
Action.c(285):     .381 6.848 15.155 15.222 15.229l0.007 0h602.978c8.381-0.074 15.155-6.848 15.229-15.222l0-0
Action.c(285):     .007v-297.748h48.049c8.323-0.214 15.015-6.906 15.228-15.209l0-0.020v-54.613c0.633-1.611 1.
Action.c(285):     001-3.477 1.001-5.429 0-4.116-1.633-7.851-4.287-10.592l0.004 0.004z"\n
Action.c(285):           ],\n
Action.c(285):           "attrs": [\n
Action.c(285):             {\n
Action.c(285):               "fill": "rgb(99, 102, 106)"\n
Action.c(285):             },\n
Action.c(285):             {\n
Action.c(285):               "fill": "rgb(99, 102, 106)"\n
Action.c(285):             },\n
Action.c(285):             {\n
Action.c(285):               "fill": "rgb(99, 102, 106)"\n
Action.c(285):             },\n
Action.c(285):             {\n
Action.c(285):               "fill": "rgb(99, 102, 106)"\n
Action.c(285):             }\n
Action.c(285):           ],\n
Action.c(285):           "grid": 32,\n
Action.c(285):           "tags": [\n
Action.c(285):             "in-store-stsh"\n
Action.c(285):           ]\n
Action.c(285):         },\n
Action.c(285):         {\n
Action.c(285):           "paths": [\n
Action.c(285):             "M851.475 851.475c-42.711 42.547-93.317 77.203-149.425 101.575l-3.138 1.214c-55.17
Action.c(285):     7 23.851-119.425 37.723-186.912 37.723s-131.736-13.872-190.048-38.921l3.135 1.198c-59.272-
Action.c(285):     25.514-109.889-60.181-152.569-102.795l0.006 0.006c-86.934-86.911-140.705-206.99-140.705-33
Action.c(285):     9.629 0-130.628 52.154-249.075 136.776-335.654l-0.088 0.091c42.927-44.076 94.204-79.777 15
Action.c(285):     1.309-104.583l3.069-1.187c55.719-24.321 120.642-38.473 188.87-38.473 67.525 0 131.812 13.8
Action.c(285):     61 190.172 38.894l-3.143-1.199c115.46 49.735 205.617 139.892 254.154 252.236l1.198 3.116c2
Action.c(285):     3.995 55.179 37.955 119.454 37.955 186.99 0 132.572-53.791 252.581-140.738 339.392l-0.006 
Action.c(285):     0.006zM512 0c-282.77 0-512 229.23-512 512s229.23 512 512 512c282.77 0 512-229.23 512-512v0
Action.c(285):     c0.001-0.27 0.001-0.589 0.001-0.908 0-282.269-228.824-511.093-511.093-511.093-0.319 0-0.63
Action.c(285):     8 0-0.958 0.001l0.049-0z",\n
Action.c(285):             "M720.948 400.527c1.105-0.176 2.378-0.276 3.675-0.276 5.271 0 10.155 1.656 14.161 
Action.c(285):     4.476l-0.078-0.052c4.919 3.717 8.364 9.158 9.442 15.409l0.021 0.146 7.259 46.404 2.852 17.
Action.c(285):     758h-48.608l-8.944-56.644c-0.175-1.084-0.274-2.334-0.274-3.607 0-11.989 8.845-21.911 20.36
Action.c(285):     6-23.597l0.129-0.016zM817.515 444.468c0.078-0.001 0.17-0.001 0.262-0.001 17.045 0 30.888 1
Action.c(285):     3.708 31.106 30.7l0 0.021c-0.011 3.425-0.532 6.724-1.489 9.831l0.063-0.239h-56.774l-3.111-
Action.c(285):     19.443c4.405-12.261 15.931-20.872 29.468-20.872 0.167 0 0.333 0.001 0.499 0.004l-0.025-0zM
Action.c(285):     880.251 485.428c0.577-3.009 0.908-6.469 0.908-10.007 0-0.082-0-0.164-0.001-0.246l0 0.013c-
Action.c(285):     0.438-34.528-28.53-62.35-63.12-62.35-0.184 0-0.368 0.001-0.551 0.002l0.028-0c-0.075-0-0.16
Action.c(285):     4-0-0.252-0-13.404 0-25.847 4.119-36.131 11.16l0.219-0.142-1.426-8.425c-4.181-27.171-27.39
Action.c(285):     6-47.734-55.413-47.734-30.945 0-56.030 25.086-56.030 56.030 0 2.927 0.225 5.803 0.657 8.60
Action.c(285):     9l-0.040-0.313 8.296 54.441c-5.428 2.506-9.14 7.876-9.203 14.12l-0 0.008v167.729c0.655 46.
Action.c(285):     244 38.296 83.48 84.634 83.48 0.322 0 0.643-0.002 0.964-0.005l-0.049 0h55.218c0.132 0.001 
Action.c(285):     0.289 0.001 0.446 0.001 40.743 0 74.804-28.612 83.185-66.84l0.104-0.564c0.177-0.896 0.279-
Action.c(285):     1.927 0.279-2.981 0-8.887-7.205-16.092-16.092-16.092-7.833 0-14.359 5.597-15.797 13.010l-0
Action.c(285):     .016 0.101c-5.263 24.022-26.359 41.738-51.592 41.738-0.090 0-0.18-0-0.27-0.001l0.014 0h-55
Action.c(285):     .477c-0.194 0.003-0.424 0.004-0.654 0.004-28.792 0-52.184-23.122-52.62-51.811l-0-0.041v-15
Action.c(285):     1.915h159.951v23.072c0.072 8.75 7.182 15.816 15.943 15.816 0.091 0 0.182-0.001 0.273-0.002
Action.c(285):     l-0.014 0c8.79-0.212 15.861-7.283 16.073-16.053l0-0.020v-38.886c-0.213-7.333-5.427-13.389-
Action.c(285):     12.34-14.888l-0.103-0.019zM299.682 566.311c-1.377 25.954-22.758 46.477-48.932 46.477s-47.5
Action.c(285):     54-20.523-48.926-46.355l-0.005-0.122c0.767-8.304 7.699-14.755 16.138-14.755s15.371 6.451 1
Action.c(285):     6.133 14.691l0.005 0.064c0.78 8.58 7.939 15.25 16.656 15.25s15.876-6.67 16.651-15.185l0.00
Action.c(285):     5-0.065c0.767-8.304 7.699-14.755 16.138-14.755s15.371 6.451 16.133 14.691l0.005 0.064zM454
Action.c(285):     .449 594.698c0 0.001 0 0.001 0 0.002 0 8.734-7.080 15.814-15.814 15.814-0.091 0-0.182-0.00
Action.c(285):     1-0.273-0.002l0.014 0h-95.789c-0.429 0.041-0.927 0.065-1.43 0.065-8.734 0-15.814-7.080-15.
Action.c(285):     814-15.814s7.080-15.814 15.814-15.814c0.504 0 1.002 0.024 1.493 0.070l-0.063-0.005h95.789c
Action.c(285):     0.077-0.001 0.168-0.002 0.26-0.002 8.689 0 15.741 7.008 15.813 15.679l0 0.007zM454.449 539
Action.c(285):     .479c0 0.001 0 0.001 0 0.002 0 8.734-7.080 15.814-15.814 15.814-0.091 0-0.182-0.001-0.273-
Action.c(285):     0.002l0.014 0h-95.789c-8.734 0-15.814-7.080-15.814-15.814s7.080-15.814 15.814-15.814h95.78
Action.c(285):     9c0.039-0 0.084-0.001 0.13-0.001 8.76 0 15.87 7.065 15.943 15.807l0 0.007zM579.014 566.311
Action.c(285):     c0 26.988-21.878 48.867-48.867 48.867s-48.867-21.878-48.867-48.867v0c0-8.877 7.196-16.073 
Action.c(285):     16.073-16.073s16.073 7.196 16.073 16.073l-0-0c0 9.235 7.486 16.721 16.721 16.721s16.721-7.
Action.c(285):     486 16.721-16.721v0c0-8.877 7.196-16.073 16.073-16.073s16.073 7.196 16.073 16.073v-0zM606.
Action.c(285):     104 607.141c-0.292 24.975-20.606 45.11-45.623 45.11-0.138 0-0.275-0.001-0.413-0.002l0.021 
Action.c(285):     0h-339.735c-0.116 0.001-0.254 0.002-0.392 0.002-25.017 0-45.331-20.134-45.623-45.082l-0-0.
Action.c(285):     028v-95.271c0.219-25.032 20.562-45.239 45.625-45.239 0.137 0 0.274 0.001 0.411 0.002l-0.02
Action.c(285):     1-0h339.735c0.078-0 0.171-0.001 0.264-0.001 25.043 0 45.387 20.118 45.751 45.074l0 0.034zM
Action.c(285):     530.147 720.17c-0.078 0.001-0.17 0.001-0.262 0.001-15.613 0-28.295-12.547-28.514-28.108l-0
Action.c(285):     -0.021c-0.007-0.221-0.011-0.481-0.011-0.742 0-2.654 0.431-5.207 1.227-7.593l-0.049 0.169h5
Action.c(285):     4.829c0.747 2.217 1.178 4.77 1.178 7.424 0 0.261-0.004 0.521-0.012 0.78l0.001-0.038c-0.218
Action.c(285):      15.537-12.829 28.056-28.38 28.128l-0.007 0zM279.591 692.043c0 15.892-12.883 28.776-28.776
Action.c(285):      28.776s-28.776-12.883-28.776-28.776h-0c-0.007-0.221-0.011-0.481-0.011-0.742 0-2.654 0.431
Action.c(285):     -5.207 1.227-7.593l-0.049 0.169h55.218c0.63 2.412 1.049 5.211 1.164 8.089l0.002 0.078zM241
Action.c(285):     .871 312.255c5.1-19.888 22.866-34.353 44.010-34.353 0.204 0 0.407 0.001 0.61 0.004l-0.031-
Action.c(285):     0h86.068v157.229h-152.174c-3.241 0-6.351 0-9.203 0zM537.276 312.255l29.942 123.528c-1.065-
Action.c(285):     0.058-2.311-0.092-3.565-0.092s-2.5 0.033-3.737 0.099l0.173-0.007h-155.544v-157.877h88.012c
Action.c(285):     0.091-0.001 0.199-0.001 0.307-0.001 21.242 0 39.113 14.434 44.339 34.030l0.073 0.32zM603.5
Action.c(285):     12 448.486l-35.127-143.619c-8.851-33.942-39.232-58.59-75.369-58.59-0.161 0-0.322 0-0.483 0
Action.c(285):     .001l0.025-0h-206.096c-0.175-0.001-0.381-0.002-0.588-0.002-36.138 0-66.519 24.648-75.249 5
Action.c(285):     8.049l-0.12 0.541-35.386 144.915c-19.615 13.946-32.315 36.511-32.534 62.054l-0 0.034v95.27
Action.c(285):     1c0.192 32.030 20.046 59.375 48.092 70.591l0.516 0.182c-0.894 4.242-1.412 9.121-1.426 14.1
Action.c(285):     18l-0 0.010c1.544 32.485 28.258 58.239 60.986 58.239s59.442-25.753 60.981-58.101l0.005-0.1
Action.c(285):     38c0.068-1.22 0.106-2.647 0.106-4.083s-0.038-2.863-0.114-4.281l0.008 0.198h158.007c-0.334 
Action.c(285):     2.373-0.567 5.197-0.646 8.060l-0.002 0.106c1.544 32.485 28.258 58.239 60.986 58.239s59.442
Action.c(285):     -25.753 60.981-58.101l0.005-0.138c0-0.057 0-0.125 0-0.193 0-4.947-0.615-9.751-1.772-14.339
Action.c(285):     l0.086 0.404c28.691-11.29 48.668-38.673 48.867-70.748l0-0.025v-95.271c-0.023-26.504-13.733
Action.c(285):     -49.801-34.444-63.206l-0.295-0.179z",\n
Action.c(285):             "M881.418 583.291c0 7.159-5.803 12.962-12.962 12.962s-12.962-5.803-12.962-12.962c0
Action.c(285):     -7.159 5.803-12.962 12.962-12.962s12.962 5.803 12.962 12.962z",\n
Action.c(285):             "M881.418 635.139c0 7.159-5.803 12.962-12.962 12.962s-12.962-5.803-12.962-12.962c0
Action.c(285):     -7.159 5.803-12.962 12.962-12.962s12.962 5.803 12.962 12.962z"\n
Action.c(285):           ],\n
Action.c(285):           "attrs": [\n
Action.c(285):             {\n
Action.c(285):               "fill": "rgb(99, 102, 106)"\n
Action.c(285):             },\n
Action.c(285):             {\n
Action.c(285):               "fill": "rgb(99, 102, 106)"\n
Action.c(285):             },\n
Action.c(285):             {\n
Action.c(285):               "fill": "rgb(99, 102, 106)"\n
Action.c(285):             },\n
Action.c(285):             {\n
Action.c(285):               "fill": "rgb(99, 102, 106)"\n
Action.c(285):             }\n
Action.c(285):           ],\n
Action.c(285):           "grid": 32,\n
Action.c(285):           "tags": [\n
Action.c(285):             "pick-up-stsh"\n
Action.c(285):           ]\n
Action.c(285):         },\n
Action.c(285):         {\n
Action.c(285):           "paths": [\n
Action.c(285):             "M463.331 856.253h26.93v10.058c2.974-3.775 6.788-6.757 11.17-8.687l0.186-0.073c4.7
Action.c(285):     59-2.246 10.338-3.557 16.223-3.557s11.464 1.311 16.46 3.657l-0.237-0.1c5.095 2.544 9.335 6
Action.c(285):     .109 12.589 10.454l0.065 0.091c3.381 4.211 6 9.195 7.552 14.629l0.072 0.296c1.647 5.135 2.
Action.c(285):     597 11.043 2.597 17.172 0 0.123-0 0.245-0.001 0.367l0-0.019c0.008 0.339 0.013 0.738 0.013 
Action.c(285):     1.138 0 7.516-1.617 14.654-4.523 21.086l0.131-0.323c-2.523 6.391-6.277 11.811-11.004 16.19
Action.c(285):     8l-0.028 0.025c-4.539 3.934-9.957 6.992-15.907 8.838l-0.316 0.084c-4.817 1.744-10.378 2.80
Action.c(285):     5-16.171 2.919l-0.052 0.001c-0.375 0.012-0.816 0.020-1.259 0.020-3.412 0-6.725-0.421-9.89-
Action.c(285):     1.214l0.28 0.059-7.787-2.271v39.422h-27.093zM491.234 923.417c4.085 2.39 8.995 3.801 14.234
Action.c(285):      3.801 0.7 0 1.394-0.025 2.082-0.075l-0.092 0.005c0.331 0.019 0.717 0.030 1.106 0.030 6.01
Action.c(285):     4 0 11.411-2.639 15.098-6.822l0.019-0.022c3.761-4.634 6.038-10.605 6.038-17.107 0-0.488-0.
Action.c(285):     013-0.973-0.038-1.454l0.003 0.067c0.001-0.074 0.001-0.161 0.001-0.248 0-3.028-0.415-5.96-1
Action.c(285):     .191-8.741l0.054 0.228c-0.664-2.834-1.785-5.33-3.294-7.539l0.049 0.076c-1.504-2.174-3.465-
Action.c(285):     3.928-5.753-5.149l-0.087-0.043c-2.424-1.234-5.286-1.957-8.317-1.957-0.213 0-0.425 0.004-0.
Action.c(285):     636 0.011l0.031-0.001c-0.049-0-0.107-0.001-0.166-0.001-2.942 0-5.73 0.658-8.226 1.835l0.11
Action.c(285):     8-0.050c-2.364 1.189-4.359 2.77-5.98 4.678l-0.022 0.027c-1.556 1.893-2.821 4.099-3.683 6.4
Action.c(285):     98l-0.048 0.154c-0.721 2.143-1.137 4.61-1.137 7.175 0 0.101 0.001 0.202 0.002 0.303l-0-0.0
Action.c(285):     15z",\n
Action.c(285):             "M570.241 901.84c-0.003-0.201-0.005-0.438-0.005-0.675 0-6.598 1.313-12.89 3.692-18
Action.c(285):     .628l-0.119 0.323c4.822-11.738 13.85-20.924 25.163-25.838l0.307-0.119c5.917-2.365 12.776-3
Action.c(285):     .736 19.954-3.736s14.037 1.371 20.327 3.866l-0.373-0.13c5.932 2.639 10.99 6.191 15.241 10.
Action.c(285):     536l0.009 0.009c4.3 4.518 7.719 9.919 9.952 15.899l0.106 0.324c2.261 5.415 3.574 11.707 3.
Action.c(285):     574 18.306 0 0.238-0.002 0.475-0.005 0.711l0-0.036c0.015 0.447 0.023 0.973 0.023 1.501 0 5
Action.c(285):     .982-1.079 11.711-3.053 17.005l0.11-0.336c-4.691 11.771-13.692 20.983-25.005 25.841l-0.303
Action.c(285):      0.116c-5.903 2.464-12.762 3.896-19.954 3.896s-14.051-1.432-20.306-4.025l0.352 0.129c-6.00
Action.c(285):     5-2.53-11.126-6.038-15.407-10.378l-0.005-0.005c-4.281-4.528-7.697-9.926-9.95-15.895l-0.109
Action.c(285):     -0.328c-2.469-5.38-4-11.65-4.216-18.254l-0.002-0.078zM618.91 926.337c0.122 0.002 0.265 0.0
Action.c(285):     04 0.409 0.004 3.263 0 6.357-0.719 9.135-2.007l-0.134 0.056c2.701-1.383 4.97-3.238 6.783-5
Action.c(285):     .477l0.031-0.039c1.862-2.235 3.308-4.889 4.178-7.792l0.040-0.157c0.924-2.712 1.458-5.836 1
Action.c(285):     .458-9.085s-0.533-6.373-1.518-9.29l0.060 0.205c-0.871-3.013-2.322-5.62-4.238-7.811l0.020 0
Action.c(285):     .024c-1.805-2.272-4.086-4.085-6.7-5.306l-0.114-0.048c-2.58-1.334-5.632-2.117-8.8
Action.c(285): t=46970ms: 2983-byte DECODED response body for "https://stage.peapod.com/shop/images/icons/PeapodIcons.json" (RelFrameId=1, Internal ID=25)
Action.c(285):     66-2.117-0.191 0-0.381 0.003-0.571 0.008l0.028-0.001c-0.129-0.003-0.281-0.005-0.433-0.005-
Action.c(285):     3.271 0-6.36 0.781-9.091 2.166l0.115-0.053c-2.758 1.315-5.082 3.121-6.951 5.324l-0.025 0.0
Action.c(285):     30c-1.715 2.221-3.096 4.808-4.005 7.607l-0.051 0.18c-0.924 2.712-1.458 5.836-1.458 9.085s0
Action.c(285):     .533 6.373 1.518 9.29l-0.060-0.205c0.998 3.035 2.375 5.671 4.111 8.027l-0.055-0.078c1.932 
Action.c(285):     2.238 4.245 4.085 6.848 5.455l0.128 0.061c2.679 1.235 5.813 1.955 9.116 1.955 0.217 0 0.43
Action.c(285):     4-0.003 0.65-0.009l-0.032 0.001z",\n
Action.c(285):             "M672.771 856.253h28.877l16.223 58.728 17.683-58.728h22.063l18.008 58.728 16.223-5
Action.c(285):     8.728h28.228l-31.635 91.336h-25.957l-16.223-50.94-16.223 50.94h-25.957z",\n
Action.c(285):             "M914.657 937.693l-4.705 3.245c-2.32 1.557-4.984 3.021-7.776 4.249l-0.335 0.131c-3
Action.c(285):     .309 1.412-7.264 2.694-11.349 3.636l-0.494 0.096c-4.362 1.045-9.37 1.645-14.517 1.645-0.6 
Action.c(285):     0-1.198-0.008-1.793-0.024l0.088 0.002c-0.332 0.007-0.722 0.011-1.114 0.011-7.117 0-13.927-
Action.c(285):     1.313-20.202-3.71l0.388 0.13c-6.326-2.266-11.741-5.696-16.233-10.068l0.010 0.010c-4.297-4.
Action.c(285):     225-7.671-9.374-9.803-15.126l-0.093-0.286c-2.161-5.721-3.411-12.335-3.411-19.241 0-0.251 0
Action.c(285):     .002-0.501 0.005-0.751l-0 0.038c-0.002-0.173-0.003-0.377-0.003-0.581 0-6.379 1.192-12.481 
Action.c(285):     3.365-18.093l-0.117 0.342c2.014-6.287 5.18-11.705 9.283-16.263l-0.035 0.040c4.045-4.436 8.
Action.c(285):     961-8.001 14.488-10.437l0.275-0.108c5.549-2.567 12.043-4.065 18.887-4.065 0.318 0 0.636 0.
Action.c(285):     003 0.953 0.010l-0.047-0.001c0.32-0.008 0.696-0.013 1.073-0.013 6.66 0 12.984 1.438 18.679
Action.c(285):      4.022l-0.284-0.115c5.65 2.537 10.379 6.226 14.058 10.797l0.056 0.072c3.87 4.548 6.875 9.9
Action.c(285):     66 8.678 15.906l0.083 0.317c1.856 6.083 2.924 13.075 2.924 20.316 0 0.272-0.002 0.544-0.00
Action.c(285):     5 0.816l0-0.041v4.705h-64.892c0.221 5.239 2.689 9.86 6.458 12.954l0.031 0.025c4.388 3.458 
Action.c(285):     9.997 5.547 16.093 5.547 0.445 0 0.888-0.011 1.328-0.033l-0.062 0.002c0.428 0.015 0.93 0.0
Action.c(285):     24 1.435 0.024 5.921 0 11.562-1.202 16.691-3.374l-0.281 0.106c3.818-1.739 7.065-3.58 10.13
Action.c(285):     1-5.666l-0.234 0.151zM889.997 892.269c0-0.038 0.001-0.083 0.001-0.129 0-2.061-0.418-4.024-
Action.c(285):     1.173-5.81l0.037 0.098c-0.832-2.131-1.985-3.961-3.419-5.529l0.012 0.013c-1.632-1.723-3.568
Action.c(285):     -3.14-5.724-4.168l-0.117-0.050c-2.308-1.031-5.001-1.632-7.835-1.632-0.211 0-0.422 0.003-0.
Action.c(285):     631 0.010l0.031-0.001c-0.187-0.006-0.407-0.010-0.628-0.010-2.88 0-5.62 0.6-8.101 1.683l0.1
Action.c(285):     31-0.051c-2.404 1.033-4.452 2.457-6.161 4.214l-0.004 0.004c-1.512 1.533-2.722 3.368-3.531 
Action.c(285):     5.406l-0.038 0.11c-0.82 1.63-1.3 3.553-1.3 5.587 0 0.089 0.001 0.178 0.003 0.266l-0-0.013z
Action.c(285):     ",\n
Action.c(285):             "M932.502 856.253h26.93l0.973 11.518c2.731-3.447 5.887-6.397 9.426-8.828l0.145-0.0
Action.c(285):     94c4.148-2.771 9.25-4.422 14.736-4.422 0.523 0 1.042 0.015 1.558 0.045l-0.071-0.003c0.948-
Action.c(285):     0.089 2.050-0.14 3.163-0.14s2.216 0.051 3.303 0.15l-0.14-0.010c1.976 0.316 3.724 0.768 5.4
Action.c(285):     04 1.363l-0.212-0.066-4.542 24.821c-2.829-0.93-6.086-1.466-9.467-1.466-0.208 0-0.415 0.002
Action.c(285):     -0.622 0.006l0.031-0c-0.417-0.030-0.903-0.046-1.393-0.046-11.558 0-20.928 9.37-20.928 20.9
Action.c(285):     28 0 0.702 0.035 1.396 0.102 2.080l-0.007-0.087v45.1h-28.39z",\n
Action.c(285):             "M1093.759
Action.c(285): t=46976ms: 12288-byte ENCODED response body received for "https://stage.peapod.com/shop/images/icons/PeapodIcons.json" (RelFrameId=1, Internal ID=25)
Action.c(285): t=46976ms: 12288-byte DECODED response body for "https://stage.peapod.com/shop/images/icons/PeapodIcons.json" (RelFrameId=1, Internal ID=25)
Action.c(285):      937.693l-4.705 3.245c-2.32 1.557-4.984 3.021-7.776 4.249l-0.335 0.131c-3.309 1.412-7.264 
Action.c(285):     2.694-11.349 3.636l-0.494 0.096c-4.362 1.045-9.37 1.645-14.517 1.645-0.6 0-1.198-0.008-1.7
Action.c(285):     93-0.024l0.088 0.002c-0.332 0.007-0.722 0.011-1.114 0.011-7.117 0-13.927-1.313-20.202-3.71
Action.c(285):     l0.388 0.13c-6.326-2.266-11.741-5.696-16.233-10.068l0.010 0.010c-4.297-4.225-7.671-9.374-9
Action.c(285):     .803-15.126l-0.093-0.286c-2.161-5.721-3.411-12.335-3.411-19.241 0-0.251 0.002-0.501 0.005-
Action.c(285):     0.751l-0 0.038c-0.002-0.173-0.003-0.377-0.003-0.581 0-6.379 1.192-12.481 3.365-18.093l-0.1
Action.c(285):     17 0.342c2.014-6.287 5.18-11.705 9.283-16.263l-0.035 0.040c4.045-4.436 8.961-8.001 14.488-
Action.c(285):     10.437l0.275-0.108c5.549-2.567 12.043-4.065 18.887-4.065 0.318 0 0.636 0.003 0.953 0.010l-
Action.c(285):     0.047-0.001c0.32-0.008 0.696-0.013 1.073-0.013 6.66 0 12.984 1.438 18.679 4.022l-0.284-0.1
Action.c(285):     15c5.65 2.537 10.379 6.226 14.058 10.797l0.056 0.072c3.87 4.548 6.875 9.966 8.678 15.906l0
Action.c(285):     .083 0.317c1.856 6.083 2.924 13.075 2.924 20.316 0 0.272-0.002 0.544-0.005 0.816l0-0.041v4
Action.c(285):     .705h-64.892c0.221 5.239 2.689 9.86 6.458 12.954l0.031 0.025c4.388 3.458 9.997 5.547 16.09
Action.c(285):     3 5.547 0.445 0 0.888-0.011 1.328-0.033l-0.062 0.002c0.428 0.015 0.93 0.024 1.435 0.024 5.
Action.c(285):     921 0 11.562-1.202 16.691-3.374l-0.281 0.106c3.818-1.739 7.065-3.58 10.131-5.666l-0.234 0.
Action.c(285):     151zM1069.1 892.269c0-0.038 0.001-0.083 0.001-0.129 0-2.061-0.418-4.024-1.173-5.81l0.037 0
Action.c(285):     .098c-0.832-2.131-1.985-3.961-3.419-5.529l0.012 0.013c-1.632-1.723-3.568-3.14-5.724-4.168l
Action.c(285):     -0.117-0.050c-2.308-1.031-5.001-1.632-7.835-1.632-0.211 0-0.422 0.003-0.631 0.010l0.031-0.
Action.c(285):     001c-0.187-0.006-0.407-0.010-0.628-0.010-2.88 0-5.62 0.6-8.101 1.683l0.131-0.051c-2.404 1.
Action.c(285):     033-4.452 2.457-6.161 4.214l-0.004 0.004c-1.512 1.533-2.722 3.368-3.531 5.406l-0.038 0.11c
Action.c(285):     -0.82 1.63-1.3 3.553-1.3 5.587 0 0.089 0.001 0.178 0.003 0.266l-0-0.013z",\n
Action.c(285):             "M1173.739 938.504c-3.030 3.479-6.696 6.315-10.829 8.346l-0.202 0.090c-4.293 2.152
Action.c(285):     -9.354 3.411-14.709 3.411-0.19 0-0.38-0.002-0.569-0.005l0.029 0c-0.193 0.003-0.421 0.005-0
Action.c(285):     .65 0.005-5.633 0-10.987-1.196-15.821-3.349l0.248 0.098c-5.010-2.316-9.23-5.55-12.611-9.52
Action.c(285):     l-0.043-0.051c-3.59-4.167-6.459-9.075-8.34-14.447l-0.096-0.316c-1.961-5.502-3.094-11.85-3.
Action.c(285):     094-18.462 0-0.411 0.004-0.821 0.013-1.229l-0.001 0.061c-0.007-0.309-0.011-0.672-0.011-1.0
Action.c(285):     36 0-7.385 1.618-14.391 4.518-20.685l-0.127 0.307c2.786-5.977 6.556-11.044 11.155-15.214l0
Action.c(285):     .039-0.035c4.555-3.945 9.962-7.048 15.894-8.992l0.329-0.093c4.806-1.806 10.36-2.922 16.153
Action.c(285):     -3.081l0.070-0.002c0.354-0.011 0.77-0.017 1.187-0.017 3.201 0 6.318 0.361 9.313 1.044l-0.2
Action.c(285):     8-0.054c2.931 0.606 5.483 1.389 7.928 2.38l-0.303-0.109v-39.747h27.579v129.785h-25.632zM11
Action.c(285):     73.739 881.399c-1.818-1.050-3.92-1.937-6.135-2.55l-0.192-0.045c-1.265-0.137-2.732-0.216-4.
Action.c(285):     218-0.216s-2.953 0.078-4.398 0.231l0.18-0.015c-0.142-0.003-0.309-0.005-0.476-0.005-6.267 0
Action.c(285):     -11.891 2.755-15.727 7.12l-0.020 0.024c-4.203 4.757-6.86 10.966-7.136 17.789l-0.002 0.056c
Action.c(285):     -0.015 0.331-0.024 0.72-0.024 1.11 0 5.677 1.834 10.926 4.942 15.186l-0.051-0.073c3.178 3.
Action.c(285):     901 7.981 6.372 13.362 6.372 0.436 0 0.868-0.016 1.296-0.048l-0.057 0.003c0.175 0.006 0.38
Action.c(285):      0.009 0.586 0.009 2.728 0 5.316-0.601 7.638-1.678l-0.112 0.047c2.19-1.079 4.030-2.556 5.4
Action.c(285):     93-4.351l0.023-0.029c1.561-1.781 2.698-3.974 3.227-6.394l0.018-0.096c0.618-2.217 0.973-4.7
Action.c(285):     63 0.973-7.392 0-0.025-0-0.050-0-0.074l0 0.004z",\n
Action.c(285):             "M1256.801 817.805h28.066v45.262c2.893-2.812 6.424-4.982 10.355-6.273l0.19-0.054c4
Action.c(285):     -1.508 8.623-2.397 13.45-2.433l0.016-0c0.176-0.003 0.383-0.005 0.591-0.005 6.033 0 11.745 
Action.c(285):     1.378 16.837 3.837l-0.232-0.101c5.111 2.418 9.395 5.819 12.763 9.99l0.053 0.068c3.388 4.14
Action.c(285):      6.095 8.994 7.857 14.28l0.093 0.321c1.648 5.069 2.599 10.901 2.599 16.956 0 0.199-0.001 0
Action.c(285):     .397-0.003 0.595l0-0.030c0.038 0.764 0.059 1.658 0.059 2.558 0 6.403-1.091 12.552-3.098 18
Action.c(285):     .27l0.118-0.387c-2.335 6.353-5.876 11.772-10.378 16.219l-0.004 0.004c-4.537 4.363-9.927 7.
Action.c(285):     877-15.89 10.265l-0.333 0.118c-6.336 2.27-13.645 3.582-21.261 3.582-0.453 0-0.905-0.005-1.
Action.c(285):     356-0.014l0.067 0.001c-0.263 0.002-0.573 0.004-0.884 0.004-7.553 0-14.926-0.769-22.045-2.2
Action.c(285):     33l0.703 0.121c-6.814-1.46-12.654-2.92-17.196-4.38zM1284.867 924.715c1.491 0.625 3.235 1.1
Action.c(285):     33 5.048 1.44l0.143 0.020c1.166 0.099 2.523 0.156 3.894 0.156s2.728-0.057 4.069-0.168l-0.1
Action.c(285):     76 0.012c0.386 0.025 0.836 0.039 1.29 0.039 6.373 0 12.101-2.763 16.051-7.157l0.018-0.020c
Action.c(285):     3.856-4.786 6.189-10.94 6.189-17.639 0-0.415-0.009-0.828-0.027-1.239l0.002 0.059c-0.053-3.
Action.c(285):     020-0.464-5.919-1.192-8.69l0.057 0.254c-0.743-2.774-1.855-5.204-3.302-7.394l0.058 0.093c-1
Action.c(285):     .48-2.145-3.316-3.93-5.441-5.308l-0.075-0.046c-2.232-1.231-4.893-1.956-7.723-1.956-0.194 0
Action.c(285):     -0.387 0.003-0.579 0.010l0.028-0.001c-0.541-0.064-1.167-0.1-1.802-0.1-4.743 0-9.010 2.035-
Action.c(285):     11.976 5.279l-0.011 0.012c-2.844 3.362-4.573 7.747-4.573 12.536 0 0.384 0.011 0.766 0.033 
Action.c(285):     1.144l-0.002-0.052z",\n
Action.c(285):             "M1366.793 962.028c1.505 1.146 3.21 2.175 5.022 3.012l0.17 0.070c1.669 0.824 3.633
Action.c(285):      1.306 5.711 1.306 0.16 0 0.319-0.003 0.477-0.009l-0.023 0.001c0.14 0.007 0.303 0.011 0.46
Action.c(285):     8 0.011 2.709 0 5.171-1.054 7-2.774l-0.005 0.005c2.472-2.661 4.41-5.854 5.623-9.386l0.056-
Action.c(285):     0.186 2.758-7.463-41.693-90.362h32.446l22.875 57.592 19.954-57.592h29.688l-37.313 90.849-6
Action.c(285):     .165 15.087c-2.003 5.079-4.458 9.466-7.412 13.461l0.112-0.158c-2.895 3.927-6.456 7.178-10.
Action.c(285):     545 9.643l-0.163 0.091c-4.388 2.362-9.602 3.749-15.141 3.749-0.381 0-0.76-0.007-1.137-0.02
Action.c(285):     0l0.055 0.001c-0.026 0-0.057 0-0.088 0-4.781 0-9.382-0.772-13.684-2.197l0.307 0.088c-4.212
Action.c(285):     -1.306-7.876-3.186-11.133-5.587l0.102 0.072z",\n
Action.c(285):             "M1580.776 800.284c-14.439 0-25.795 0-32.446 0h-6.003c-15.087 0-23.361 0-24.984 0-
Action.c(285):     4.542 0-6.003 1.46-6.003 3.731s5.354 3.082 13.627 4.542 7.463 3.731 7.463 12.005v117.942c0
Action.c(285):      12.816 0 16.223-9.734 18.17-6.814 0.811-12.816 0-12.816 3.731s2.271 4.542 6.814 4.542 14.
Action.c(285):     276-1.46 29.364-1.46 26.444 1.46 30.986 1.46 6.814-1.46 6.814-4.542-6.003-2.92-12.005-4.54
Action.c(285):     2c-9.896-2.271-9.896-6.003-9.896-18.17v-39.26c0-3.731 0-5.191 3.082-5.191 5.894 2.484 12.7
Action.c(285):     46 3.927 19.935 3.927 3.623 0 7.161-0.367 10.578-1.065l-0.339 0.058c24.020-3.238 42.344-23
Action.c(285):     .607 42.344-48.256 0-0.145-0.001-0.29-0.002-0.435l0 0.022c0-30.986-19.63-47.534-56.619-47.
Action.c(285):     534zM1578.504 887.888c-9.896 0-16.223-3.082-16.223-9.896v-57.43c0-9.734 2.271-12.816 15.08
Action.c(285):     7-12.816 16.223 0 29.526 16.223 29.526 39.26s-11.356 40.882-27.904 40.882z",\n
Action.c(285):             "M1670.976 897.785h69.435c7.625 0 11.356-0.811 11.356-6.165-0.98-26.107-22.38-46.8
Action.c(285):     99-48.637-46.899-0.411 0-0.82 0.005-1.228 0.015l0.061-0.001c-1.090-0.071-2.363-0.111-3.646
Action.c(285):     -0.111-33.061 0-59.863 26.802-59.863 59.863 0 1.066 0.028 2.126 0.083 3.178l-0.006-0.147c-
Action.c(285):     0.152 1.57-0.239 3.395-0.239 5.239 0 31.807 25.785 57.592 57.592 57.592 0.826 0 1.647-0.01
Action.c(285):     7 2.465-0.052l-0.117 0.004c0.837 0.041 1.817 0.064 2.803 0.064 16.145 0 30.844-6.19 41.854
Action.c(285):     -16.326l-0.044 0.040c6.003-5.191 8.274-9.085 8.274-12.005s0-3.082-2.92-3.082c-9.731 8.989-
Action.c(285):     22.659 14.645-36.901 15.085l-0.087 0.002c-24.545-0.695-44.178-20.759-44.178-45.407 0-1.549
Action.c(285):      0.077-3.079 0.229-4.588l-0.015 0.19v-2.271c0-3.082 0-3.731 3.894-3.731zM1669.354 887.077v
Action.c(285):     -4.542c3.082-13.465 7.625-30.175 32.446-30.175 18.819 0 21.090 14.439 21.090 23.361 0 15.2
Action.c(285):     5-7.625 13.627-27.904 13.627h-21.252c-2.92 0-4.542 0-4.542-2.271z",\n
Action.c(285):             "M1881.876 950.672c0.002-0.050 0.004-0.108 0.004-0.166 0-2.061-1.671-3.731-3.731-3
Action.c(285):     .731-0.058 0-0.116 0.001-0.174 0.004l0.008-0c-3.731 0-7.463 6.165-12.816 6.165s-8.274-6.16
Action.c(285):     5-8.274-17.521v-60.35c0-21.901-5.354-30.337-32.446-30.337-34.717 0-58.89 21.252-58.89 36.3
Action.c(285):     4 0 2.271 2.271 4.542 6.003 4.542 12.816 0 16.223-6.814 21.901-16.223s11.356-17.359 22.712
Action.c(285):     -17.359 12.816 6.003 12.816 21.252v11.194c0 3.894 0 5.354-3.731 6.165l-8.274 2.92c-32.446 
Action.c(285):     12.816-51.427 24.172-51.427 46.885 0 12.816 6.003 27.904 22.712 27.904 12.477-1.163 23.631
Action.c(285):     -6.057 32.537-13.539l-0.090 0.074 6.814-4.542h1.46c2.892 9.856 11.442 17.093 21.807 18.001
Action.c(285):     l0.094 0.007c0.274 0.008 0.595 0.012 0.918 0.012 12.865 0 24.080-7.063 29.979-17.523l0.089
Action.c(285):     -0.172zM1830.449 929.42c-0.351 12.4-10.312 22.362-22.679 22.712l-0.033 0.001c-12.005 0-15.
Action.c(285):     087-9.896-15.087-20.441 1.17-13.018 9.874-23.736 21.673-27.835l0.228-0.069 10.545-4.542c0.
Action.c(285):     463-0.1 0.996-0.157 1.541-0.157s1.078 0.057 1.591 0.166l-0.050-0.009s1.46 0 1.46 3.082v27.
Action.c(285):     904z",\n
Action.c(285):             "M1965.425 844.735c-0.406-0.012-0.883-0.019-1.363-0.019-13.805 0-26.24 5.865-34.95
Action.c(285):      15.239l-0.027 0.030-3.731 2.92c-0.811 0.811-1.46 1.622-2.271 1.622-0.823-0.085-1.46-0.775
Action.c(285):     -1.46-1.614 0-0.003 0-0.006 0-0.009l-0 0v-12.816c0-3.731 0-5.354-3.082-5.354s-9.085 7.625-
Action.c(285):     22.712 14.439c-8.274 4.542-15.087 4.542-15.087 9.085s5.354 2.271 9.085 4.542 5.354 4.542 5
Action.c(285):     .354 12.005v117.942c0 6.814-1.622 9.085-6.814 11.356s-12.167 0-12.167 6.003c0 2.271 1.46 3
Action.c(285):     .894 5.354 3.894s13.627-1.622 27.093-1.622 21.252 1.622 29.526 1.622c4.542 0 6.814-1.622 6
Action.c(285):     .814-3.894 0-6.003-6.003-3.731-14.439-6.003s-7.463-3.731-7.463-11.356v-36.989l1.46-0.811c8
Action.c(285):     .262 3.681 17.892 5.877 28.020 6.002l0.046 0c0.834 0.039 1.812 0.061 2.795 0.061 35.122 0 
Action.c(285):     63.594-28.472 63.594-63.594 0-0.763-0.013-1.523-0.040-2.28l0.003 0.11c0.138-1.468 0.216-3.
Action.c(285):     174 0.216-4.899 0-30.066-23.846-54.563-53.657-55.61l-0.096-0.003zM1949.202 962.028c-1.040 
Action.c(285):     0.166-2.239 0.261-3.46 0.261-12.723 0-23.037-10.314-23.037-23.037 0-0.549 0.019-1.093 0.05
Action.c(285):     7-1.632l-0.004 0.073v-48.669c0-17.359 8.274-25.632 26.444-25.632 25.795 0 43.153 18.819 43
Action.c(285):     .153 48.669 0.193 1.561 0.303 3.367 0.303 5.199 0 24.436-19.575 44.3-43.899 44.767l-0.044 
Action.c(285):     0.001z",\n
Action.c(285):             "M2306.92 946.778c-1.46 0-5.191 5.354-9.734 5.354s-4.542-3.082-4.542-10.545v-135.3
Action.c(285):     c0-6.814 0-12.816 0-17.359s0-5.354-3.731-5.354c-6.225 2.983-13.958 6.062-21.903 8.671l-1.4
Action.c(285):     58 0.414c-9.085 2.271-15.087 3.082-15.087 6.814s4.542 2.271 9.734 4.542 5.354 3.731 5.354 
Action.c(285):     9.734v30.986c0 2.271-0.811 3.894-2.271 3.894h-0.811l-4.542-1.622c-6.506-1.854-13.979-2.92-
Action.c(285):     21.701-2.92-0.070 0-0.141 0-0.211 0l0.011-0c-0.483-0.013-1.052-0.020-1.622-0.020-35.839 0-
Action.c(285):     64.892 29.053-64.892 64.892 0 0.007 0 0.014 0 0.022l-0-0.001c-0.029 0.685-0.045 1.488-0.04
Action.c(285):     5 2.295 0 32.076 26.003 58.079 58.079 58.079 0.586 0 1.171-0.009 1.753-0.026l-0.085 0.002c
Action.c(285):     13.39-0.3 25.683-4.758 35.702-12.127l-0.174 0.122c2.271 0 3.082 11.356 7.625 11.356s12.005
Action.c(285):     -5.354 28.715-9.896c5.191-1.46 8.274-1.46 8.274-7.463 0.011-0.107 0.018-0.23 0.018-0.355 0
Action.c(285):     -1.806-1.341-3.298-3.082-3.536l-0.019-0.002zM2266.849 931.691c0 18.17-1.46 25.795-20.279 2
Action.c(285):     5.795-0.648 0.034-1.406 0.053-2.169 0.053-24.46 0-44.289-19.829-44.289-44.289 0-1.561 0.08
Action.c(285):     1-3.104 0.238-4.624l-0.016 0.19c0-34.068 18.17-55.97 40.882-55.97s25.632 12.816 25.632 39.
Action.c(285):     26v40.071z",\n
Action.c(285):             "M2160.426 905.247c0.005 0.289 0.007 0.631 0.007 0.973 0 36.377-29.489 65.866-65.8
Action.c(285):     66 65.866s-65.866-29.489-65.866-65.866c0-36.374 29.485-65.862 65.858-65.866l0-0c0.050-0 0.
Action.c(285):     108-0 0.167-0 36.002 0 65.241 28.956 65.698 64.849l0 0.043z",\n
Action.c(285):             "M2325.901 811.153c-8.333-0-15.087-6.755-15.087-15.087s6.755-15.087 15.087-15.087c
Action.c(285):     8.333 0 15.087 6.755 15.087 15.087v0c0 8.333-6.755 15.087-15.087 15.087v0zM2325.901 783.25
Action.c(285):     c-7.078 0-12.816 5.738-12.816 12.816s5.738 12.816 12.816 12.816c7.078 0 12.816-5.738 12.81
Action.c(285):     6-12.816h0c0-0.001 0-0.003 0-0.004 0-7.143-5.7-12.955-12.799-13.136l-0.017-0zM2329.632 805
Action.c(285):     .151l-4.542-6.814h-3.082v6.814h-2.109v-17.845h6.651c0.049-0.002 0.107-0.003 0.165-0.003 2.
Action.c(285):     867 0 5.191 2.324 5.191 5.191 0 0.058-0.001 0.116-0.003 0.173l0-0.008c-0.101 2.647-2 4.823
Action.c(285):     -4.506 5.347l-0.037 0.006 4.542 6.814zM2327.361 788.928h-4.542v6.814h4.542c1.882 0 3.407-1
Action.c(285):     .525 3.407-3.407s-1.525-3.407-3.407-3.407h0z",\n
Action.c(285):             "M843.599 459.437l-20.928-66.352-21.414 66.352zM1153.947 133.354v135.949h62.783c16
Action.c(285):     .928-4.183 31.157-13.823 41.074-26.91l0.132-0.182c8.411-11.077 13.474-25.096 13.474-40.298
Action.c(285):      0-10.98-2.641-21.342-7.322-30.488l0.176 0.378c-18.657-42.018-66.515-39.747-110.317-38.449
Action.c(285):     zM853.171 48.669s67.326 67.001 81.115 117.293c31.473 103.828 103.99 316.999 103.99 316.999
Action.c(285):     v-458.302h202.788c57.267 0 107.072 50.778 117.131 65.866v-66.028h369.886l26.444 34.231v-34
Action.c(285):     .068h133.84l38.611 50.454c20.221-30.212 54.211-49.836 92.784-49.836 5.671 0 11.243 0.424 1
Action.c(285):     6.686 1.242l-0.613-0.076c59.701 12.167 92.147 62.783 116.319 103.341l45.1 85.658v-190.783h
Action.c(285):     136.923l22.875 24.010v-24.172h134.165l42.991 61.161c17.034-25.795 63.594-61.161 95.878-61.
Action.c(285):     161h158.337l50.616 54.51v136.112h-187.863c-16.223 1.136-13.952 11.681-10.869 22.712 10.869
Action.c(285):      22.063 46.885 27.741 57.267 32.446 83.753 17.676 148.301 83.423 163.973 166.441l0.205 1.3
Action.c(285):     05 1.947 37.151c-6.165 75.599-94.743 178.454-154.444 178.454h-127.838c-1.136 0-53.212-56.6
Action.c(285):     19-53.212-56.619v-126
Action.c(285): t=47002ms: 12288-byte DECODED response body for "https://stage.peapod.com/shop/images/icons/PeapodIcons.json" (RelFrameId=1, Internal ID=25)
Action.c(285):     .54h129.785c13.734-1.674 25.089-10.438 30.403-22.468l0.096-0.244c2.258-4.307 3.583-9.409 3
Action.c(285):     .583-14.82 0-6.551-1.942-12.649-5.281-17.749l0.076 0.124c-19.511-18.040-42.965-32.129-68.8
Action.c(285):     97-40.815l-1.349-0.392c-58.795-24.933-102.611-75.254-118.131-136.827l-0.298-1.393-57.43 26
Action.c(285):     .93-50.129-23.523s0 414.013 0 413.85h-139.032l-57.105-63.594c-26.606-56.456-86.631-171.316
Action.c(285):     -86.631-171.316s0 234.748 0 234.748h-115.67l-45.425-41.531s-1.46 41.531-2.433 41.531h-125.
Action.c(285):     729l-63.757-78.682v-359.179h-89.065v438.023h-124.593l-67.163-77.708v-360.477h-53.698c0.28 
Action.c(285):     3.854 0.44 8.35 0.44 12.883 0 47.96-17.88 91.745-47.337 125.051l0.174-0.201c24.659 22.712 
Action.c(285):     47.534 48.669 47.534 81.115v219.174h-103.665l-70.57-78.682v-149.577c-3.118-14.787-12.286-2
Action.c(285):     6.985-24.733-34.099l-0.251-0.132c-8.112-1.785-8.112 3.894-8.112 3.894s0 258.271 0 258.433h
Action.c(285):     -91.66l-53.212-52.563s14.925 52.401 14.601 52.563h-278.55l-48.994-52.563s-19.143 52.725-18
Action.c(285):     .17 52.563h-115.833s-32.446-33.744-32.446-33.744v33.744h-120.537l-78.033-77.222v-58.403c-1
Action.c(285):     1.227 16.803-30.118 27.72-51.559 27.72-5.664 0-11.151-0.762-16.362-2.189l0.434 0.101c-35.2
Action.c(285):     04-20.766-101.394-89.876-101.394-89.876v199.868h-111.29l-86.307-78.682v-455.706c0.811-44.7
Action.c(285):     76 40.395-77.546 83.387-89.227s93.607 4.867 113.561 33.906l78.357 117.455 47.534-112.588c1
Action.c(285):     5.412-32.446 34.393-43.316 83.873-43.316s147.63 69.759 146.008 140.654v294.124l118.428-379
Action.c(285):     .458c13.303-35.691 56.132-55.483 89.389-55.483 3.178-0.453 6.849-0.712 10.58-0.712 22.671 
Action.c(285):     0 43.112 9.549 57.52 24.844l0.037 0.040z",\n
Action.c(285):             "M1178.444 244.968h36.34c8.978-3.668 16.537-9.196 22.484-16.144l0.066-0.079c5.595-
Action.c(285):     7.148 8.973-16.268 8.973-26.176 0-7.15-1.759-13.888-4.867-19.808l0.112 0.234v-0.811c-8.598
Action.c(285):     -18.332-24.821-24.984-62.621-24.984v0zM1216.73 293.638h-86.956v-183.97h24.659c8.274 0 16.2
Action.c(285):     23 0 24.659 0 24.984 0 83.549 0 106.91 53.536 5.87 11.748 9.305 25.593 9.305 40.24 0 20.09
Action.c(285):     8-6.469 38.686-17.438 53.794l0.183-0.265-1.298 1.622c-14.172 18.734-34.769 31.959-58.461 3
Action.c(285):     6.41l-0.591 0.092zM876.046 483.934h-109.019l31.473-97.338h46.56zM1270.915 565.049l56.943 6
Action.c(285):     3.757h68.299v-194.677c0-22.875-20.117-44.613-39.747-62.621l-18.008-18.17 17.845-18.008c24.
Action.c(285):     943-28.575 40.153-66.207 40.153-107.392 0-4.055-0.147-8.075-0.437-12.056l0.031 0.533-1.785
Action.c(285):     -26.119h103.828v375.888l54.023 62.297h89.389v-438.023h137.896v375.077l50.94 62.946h91.011c
Action.c(285):     0-5.84 0-12.167 0-18.008l41.693-17.034 38.286 35.042h81.115c0-48.669 0-161.095 0-210.9l46.
Action.c(285):     074-11.356c2.433 4.705 58.403 111.777 85.496 169.044l47.534 52.725h103.665c0-42.504 0-143.
Action.c(285):     574 0-389.354v-37.8l74.464 34.88 75.437-35.529 6.003 30.824c14.096 54.693 52.234 98.374 10
Action.c(285):     2.186 119.773l1.155 0.44c30.6 10.293 56.877 26.267 78.797 46.829l-0.115-0.107 2.758 3.245c
Action.c(285):     6.039 8.835 9.644 19.751 9.644 31.508 0 9.024-2.123 17.552-5.898 25.112l0.147-0.326c-8.963
Action.c(285):      20.839-28.512 35.562-51.693 37.461l-0.221 0.015h-106.261v91.823l38.773 41.693h118.915c43.
Action.c(285):     153 0 123.295-87.28 129.785-154.444l-1.622-33.582c-15.016-73.378-71.544-130.341-143.486-14
Action.c(285):     5.787l-1.224-0.22h-2.92l-2.758-1.298-7.3-2.271c-18.17-5.678-48.669-15.087-61.485-41.369l-1
Action.c(285):     .136-2.271v-2.433c-1.919-4.746-3.033-10.251-3.033-16.016 0-8.347 2.335-16.149 6.387-22.788
Action.c(285):     l-0.109 0.193c6.892-8.98 17.615-14.723 29.682-14.763l0.007-0h164.015v-102.368l-36.177-40.3
Action.c(285):     95h-147.63c-21.577 0-61.485 28.877-75.437 50.292l-19.792 30.824-56.294-81.115h-99.285l-39.
Action.c(285):     747 16.223-16.223-16.223h-100.907v166.286l-45.911 11.356-44.776-85.009c-24.335-40.882-52.0
Action.c(285):     76-81.115-99.447-91.336-3.632-0.532-7.826-0.835-12.090-0.835-30.643 0-57.625 15.675-73.365
Action.c(285):      39.444l-0.203 0.327-19.143 27.255-51.427-67.488h-97.338v9.896l-43.802 14.925-19.143-24.82
Action.c(285):     1h-333.384v41.693l-44.776 13.79c-7.463-12.167-51.103-55.483-96.365-55.483h-178.454v434.292
Action.c(285):     l-47.534 7.787c0-2.109-72.842-214.631-104.152-317.485-9.896-36.177-56.132-88.253-74.139-10
Action.c(285):     6.423s-22.226-18.17-51.265-18.17c-24.821 0-56.943 14.763-66.19 38.935l-118.266 379.133-47.
Action.c(285):     696-7.3v-294.124c-2.365-27.262-15.21-51.135-34.433-67.871l-0.122-0.104c-30.013-30.337-68.2
Action.c(285):     99-48.669-87.929-48.669-43.153 0-51.752 8.436-61.648 29.039l-47.209 112.101-42.18 4.867-78
Action.c(285):     .357-117.942c-15.231-16.532-36.987-26.852-61.154-26.852-1.315 0-2.623 0.031-3.923 0.091l0.
Action.c(285):     184-0.007c-0.241-0.002-0.526-0.004-0.812-0.004-8.017 0-15.785 1.067-23.169 3.067l0.619-0.1
Action.c(285):     43c-32.446 8.436-64.892 32.446-64.892 66.028v444.512l71.381 64.892h77.871v-175.534l42.018-
Action.c(285):     16.223c28.49 30.254 59.074 57.804 91.784 82.704l1.823 1.331c1.299 0.146 2.804 0.229 4.329 
Action.c(285):     0.229 14.37 0 27.016-7.385 34.348-18.567l0.096-0.156 43.316 16.223v48.669l63.594 62.946h85
Action.c(285):     .333v-9.409l41.856-17.196 26.281 24.984h87.767l3.569-10.058c4.705-13.303 9.409-26.281 9.40
Action.c(285):     9-26.281l12.816-37.475 68.948 73.977h236.37c-1.947-6.976-4.056-14.439-6.165-21.577l41.531-
Action.c(285):     24.010 46.074 45.425h56.781v-233.937c0.177-15.903 13.11-28.726 29.038-28.726 0.286 0 0.571
Action.c(285):      0.004 0.854 0.012l-0.042-0.001c2.723 0.041 5.351 0.334 7.896 0.858l-0.271-0.047h2.758l2.7
Action.c(285):     58 1.136c19.243 10.536 33.257 28.587 38.187 50.103l0.099 0.513v2.758zM602.525 681.369v-4.0
Action.c(285):     56h-142.763l-93.12-91.498v-20.766c-7.977 2.998-17.196 4.733-26.821 4.733-8.381 0-16.454-1.
Action.c(285):     316-24.025-3.752l0.555 0.154-2.758-0.973-2.433-1.46c-24.322-16.097-45.54-33.295-64.969-52.
Action.c(285):     313l0.077 0.075v165.8h-146.008l-100.259-92.309v-466.575c1.136-59.539 51.752-99.447 101.556
Action.c(285):     -112.75 10.633-2.987 22.843-4.705 35.455-4.705 0.026 0 0.052 0 0.077 0l-0.004-0c1.075-0.03
Action.c(285):     2 2.341-0.050 3.61-0.050 40.893 0 77.369 18.913 101.158 48.469l0.195 0.251 53.536 80.142 3
Action.c(285):     0.337-72.030c19.954-41.531 48.669-57.754 105.937-57.754 35.691 0 86.144 26.119 122.809 63.
Action.c(285):     27 22.226 22.712 48.669 59.052 48.669 102.368v133.191l71.057-227.123c16.385-46.56 69.759-7
Action.c(285):     1.706 111.29-71.706 3.050-0.322 6.59-0.505 10.173-0.505 28.576 0 54.425 11.672 73.042 30.5
Action.c(285):     08l0.010 0.010 1.622 1.46c7.3 7.3 72.193 73.166 87.442 128.162 13.627 45.425 35.691 113.56
Action.c(285):     1 55.807 173.749v-333.384h227.123c35.111 1.28 67.103 13.651 92.831 33.689l-0.359-0.269v-33
Action.c(285):     .42h567.807l27.904 36.502c23.902-22.343 56.11-36.063 91.522-36.063 6.688 0 13.261 0.489 19
Action.c(285):     .686 1.434l-0.729-0.088h1.136c72.679 14.925 109.83 76.735 132.218 114.373v-116.157h331.113
Action.c(285):     l32.446 46.236c24.984-23.686 61.485-46.236 93.769-46.236h169.207l63.432 69.435v170.018h-18
Action.c(285):     0.238c4.38 1.622 8.598 2.92 11.681 3.894l10.383 3.407c92.017 20.722 162.763 93.1 180.803 1
Action.c(285):     84.419l0.247 1.498v3.407l1.947 38.935v1.622c-6.814 82.9-100.421 200.679-178.454 200.679h-1
Action.c(285):     27.838c-11.843 0-11.843 0-71.057-64.892l-6.489-6.976v-159.148h153.47c3.506-1.313 6.36-3.69
Action.c(285):     5 8.233-6.743l0.040-0.070 1.136-2.596c0.347-0.942 0.548-2.029 0.548-3.163s-0.201-2.222-0.5
Action.c(285):     69-3.229l0.021 0.065c-16.742-14.605-36.644-26.078-58.499-33.241l-1.202-0.341c-56.959-24.52
Action.c(285):     2-101.238-69.433-124.352-125.321l-0.565-1.544-42.018 19.792-25.795-12.167c0 145.034 0 368.
Action.c(285):     101 0 374.915h-8.923l-16.223 16.223v9.409h-148.766l-66.515-75.275-1.46-3.245c-10.058-21.41
Action.c(285):     4-25.308-51.752-40.071-81.115v124.106c0 12.816 0 29.039-18.494 33.582h-1.785c-4.047 0.238-
Action.c(285):     8.781 0.374-13.546 0.374s-9.499-0.136-14.197-0.404l0.65 0.030h-102.368l-16.223-14.763c-2.6
Action.c(285):     86 8.672-10.635 14.862-20.029 14.862-0.716 0-1.424-0.036-2.122-0.106l0.088 0.007h-137.085l
Action.c(285):     -76.411-94.418v-342.469h-40.233v438.023h-160.608l-81.115-92.958v-345.227h-4.542c-2.163 42.
Action.c(285):     012-15.988 80.409-38.268 112.49l0.469-0.713c22.138 20.808 36.586 49.576 38.753 81.711l0.02
Action.c(285):     0 0.378v244.319h-138.869l-68.624-77.222v32.446h2.92l-2.92 21.901c-2.758 21.252-23.037 21.4
Action.c(285):     14-32.446 21.414h-93.283l-8.923-7.949c-2.13 2.648-4.784 4.783-7.814 6.267l-0.135 0.060c-5.
Action.c(285):     354 2.92-8.274 2.92-176.345 2.92h-123.944l-28.715-30.824-3.894 11.032c-2.281 11.451-12.25 
Action.c(285):     19.962-24.208 19.962-0.216 0-0.431-0.003-0.645-0.008l0.032 0.001h-113.075z",\n
Action.c(285):             "M1252.259 239.777c-10.061 13.328-24.363 22.985-40.873 26.991l-0.496 0.102h-61.972
Action.c(285):     v-135.949c43.802-1.46 91.498-3.407 109.506 38.449 4.512 8.797 7.156 19.192 7.156 30.206 0 
Action.c(285):     15.148-5.003 29.127-13.446 40.376l0.125-0.174zM1302.226 309.861c35.204-18.494 71.706-103.3
Action.c(285):     41 48.669-163.366-18.008-47.371-59.214-102.368-121.349-102.205h-173.1l-1.947 526.276h94.09
Action.c(285):     4v-200.679c82.413-6.814 112.588 22.063 116.157 52.725 0 0.811 0 147.792 0 147.792h91.498v-
Action.c(285):     210.9c-0.649-17.845-24.497-42.342-54.023-49.643z",\n
Action.c(285):             "M1173.414 242.373h36.177c8.977-3.795 16.563-9.299 22.657-16.159l0.056-0.064c5.572
Action.c(285):     -7.101 8.935-16.166 8.935-26.016 0-7.218-1.806-14.013-4.99-19.96l0.111 0.227v-0.811c-7.625
Action.c(285):     -17.845-24.497-24.497-62.783-24.335zM1211.539 291.042h-86.956v-183.807l24.821-0.811c8.112 
Action.c(285):     0 16.223 0 24.497 0 25.146 0 83.711 0 106.91 53.374 5.902 11.752 9.358 25.608 9.358 40.272
Action.c(285):      0 20.096-6.49 38.675-17.488 53.758l0.181-0.26-1.136 1.785c-14.274 18.801-34.975 32.078-58
Action.c(285):     .779 36.57l-0.597 0.094zM1289.734 545.744h42.829v-184.456c-7.307-13.93-20.22-24.076-35.661
Action.c(285):     -27.513l-0.354-0.066-62.621-15.25 56.943-30.175c23.199-12.492 55.645-83.387 37.313-133.029
Action.c(285):     -16.223-41.856-49.967-86.631-98.312-86.631h-148.928l-1.46 477.769h44.776v-199.057l22.388-1
Action.c(285):     .785c8.76 0 17.359-1.136 25.308-1.136 100.583 0 115.184 57.592 117.293 75.275 0.162 2.109 
Action.c(285):     0.162 2.109 0.487 126.378zM1381.394 594.413h-140.492v-24.335c0-54.185 0-134.814 0-146.008-
Action.c(285):     4.38-27.579-47.696-30.986-67.488-31.148v201.977h-142.925l1.785-575.432h197.435c73.328 0 12
Action.c(285):     2.484 60.999 144.223 118.104 20.279 53.374 2.596 123.944-28.877 165.313 18.937 12.22 32.31
Action.c(285):     5 31.666 36.27 54.349l0.070 0.485v237.506z",\n
Action.c(285):             "M198.084 74.302l84.684 194.677s51.914-124.269 74.139-179.914c8.76-18.657 13.465-3
Action.c(285):     9.098 50.778-42.991 3.418-0.4 7.377-0.628 11.39-0.628 26.353 0 50.409 9.833 68.699 26.030l
Action.c(285):     -0.109-0.095c15.766 14.987 25.7 35.982 26.118 59.3l0.001 0.077c0 21.577 0 439.645 0 439.64
Action.c(285):     5h-102.854s0-384.324 0-384.324l-86.469 256.324c-7.278 15.21-22.545 25.529-40.223 25.529-6.
Action.c(285):     212 0-12.127-1.274-17.497-3.576l0.29 0.11c-12.167-0.973-22.226-13.627-28.228-22.226 0 0-91
Action.c(285):     .174-256-90.849-256s0 384.324 0 384.324h-103.665v-458.951c0-45.425 55.97-67.488 86.631-67.
Action.c(285):     65 1.145-0.058 2.486-0.091 3.835-0.091 25.548 0 48.338 11.811 63.207 30.272l0.122 0.156z",
Action.c(285):     \n
Action.c(285):             "M68.786 546.068h55.158c0-111.128 0-330.139 0-356.907l-2.271-8.598 16.223-21.090 3
Action.c(285):     3.257 5.516 1.298 16.223c6.976 20.117 55.321 156.066 88.578 249.349 2.405 3.757 5.436 6.89
Action.c(285):     1 8.977 9.339l0.108 0.071h1.947l2.433 0.811c12.816 4.056 22.875 1.298 27.579-7.787l85.658-
Action.c(285):     254.54 47.534 7.787v359.828h54.51c0-88.902 0-396.492 0-414.986-0.376-16.138-7.064-30.644-1
Action.c(285):     7.68-41.204l-0.003-0.003c-13.993-12.349-32.472-19.904-52.715-19.954l-0.010-0h-8.923c-19.14
Action.c(285):     3 1.947-21.414 7.138-28.228 22.55l-2.433 5.678c-22.226 55.645-73.653 178.454-74.139 180.07
Action.c(285):     6l-22.226 52.887-106.748-245.131c-10.96-10.863-26.049-17.575-42.706-17.575-0.899 0-1.794 0
Action.c(285):     .020-2.683 0.058l0.127-0.004c-21.414 0-62.297 16.223-62.621 43.478zM402.981 595.873l-8.112
Action.c(285):     -6.814c-8.436-7.463-8.436-7.463-8.436-78.682v-174.722l-39.422 116.968c-10.656 23.249-33.72
Action.c(285):     7 39.108-60.501 39.108-0.403 0-0.806-0.004-1.207-0.011l0.060 0.001c-8.223-0.059-16.146-1.2
Action.c(285):     4-23.656-3.397l0.62 0.152c-18.561-4.676-33.794-16.414-42.977-32.121l-0.176-0.326-1.947-1.7
Action.c(285):     85-0.973-3.082c-17.683-49.48-32.446-89.389-43.316-121.673 0 55.97 0 133.678 0 241.724v24.4
Action.c(285):     97h-152.984v-484.096c0-59.863 64.892-91.823 110.966-91.985 1.453-0.073 3.154-0.114 4.865-0
Action.c(285):     .114 33.995 0 64.162 16.389 83.031 41.696l0.195 0.274 1.46 3.082 61.81 142.276c16.223-40.7
Action.c(285):     2 39.422-95.229 52.076-126.864v-1.298c0.723-1.377 1.488-3.088 2.156-4.847l0.115-0.344c9.69
Action.c(285):     8-29.659 36.734-50.87 68.846-51.749l0.102-0.002c2.060-0.116 4.469-0.182 6.895-0.182s4.835 
Action.c(285):     0.066 7.228 0.196l-0.333-0.014c32.596 0.079 62.306 12.376 84.804 32.552l-0.12-0.105c20.892
Action.c(285):      19.42 34.067 46.898 34.554 77.458l0.001 0.088c0 11.194 0 126.053 0 228.096v192.568c0 24.8
Action.c(285):     21 0 33.257-13.79 39.909-5.029 2.596-5.029 2.596-81.115 2.596h-31.473z",\n
Action.c(285):             "M843.599 77.708c8.39 10.085 15.66 21.563 21.343 33.92l0.395 0.959s138.058 457.977
Action.c(285):      138.545 457.977h-264.923v-91.011h129.785l-86.469-293.313-117.131 384.487h-101.232s149.901
Action.c(285):     -487.341 149.901-487.341c6.489-22.55 56.781-51.265 97.338-34.068 13.549 6.265 24.589 16.00
Action.c(285):     2 32.265 28.085l0.181 0.305z",\n
Action.c(285):             "M781.952 271.25l-55.807 183.807h110.317zM596.847 547.042h50.616l134.976-445.972 1
Action.c(285):     19.402 402.657h-138.221v42.342h207.006c-3.407-11.032-7.463-24.659-12.167-40.071-12.978-42.
Action.c(285):     829-30.337-100.096-47.534-157.364-32.446-106.748-64.892-213.333-68.786-227.123-4.472-10.16
Action.c(285):     4-9.907-18.927-16.38-26.803l0.157 0.197-2.271-2.92c-5.264-8.872-12.847-15.881-21.92-20.307
Action.c(285):     l-0.306-0.135c-4.808-1.903-10.377-3.029-16.201-3.082l-0.022-0c-0.141-0.001-0.307-0.002-0.4
Action.c(285):     73-0.002-18.791 0-35.603 8.474-46.822 21.81l-0.076 0.093c-42.342 135.625-115.022 371.50
Action.c(285): t=47027ms: 5982-byte DECODED response body for "https://stage.peapod.com/shop/images/icons/PeapodIcons.json" (RelFrameId=1, Internal ID=25)
Action.c(285):     8-140.978 455.868zM683.64 595.711h-68.948c-57.916 0-60.025 0-66.352-5.678-12.816-10.058-10
Action.c(285):     .058-18.981-1.46-47.047l143.736-466.738c8.598-30.013 52.563-56.619 94.094-56.619 0.144-0.0
Action.c(285):     01 0.314-0.001 0.484-0.001 12.882 0 25.151 2.625 36.301 7.369l-0.607-0.229h1.298c16.633 8.
Action.c(285):     062 30.286 19.998 40.168 34.682l0.228 0.359c9.617 11.81 17.929 25.27 24.37 39.746l0.451 1.
Action.c(285):     136 1.136 2.92c40.882 135.463 114.535 379.458 133.516 442.241h6.814l-0.973 23.037c0 18.008
Action.c(285):     -13.303 22.226-26.768 23.199h-287.311v-102.368z",\n
Action.c(285):             "M2084.015 83.387l132.056 271.574v-310.834h108.532v526.276h-114.697l-176.669-348.1
Action.c(285):     47v348.471h-102.692v-463.98c0-24.335 43.478-62.621 77.708-62.946 24.984 0 63.27 9.085 76.4
Action.c(285):     11 39.584z",\n
Action.c(285):             "M2008.578 68.137c-23.68 3.544-43.361 18.029-53.994 38.053l-0.192 0.395v439.645h54
Action.c(285):     .185v-324.461l46.236-11.032 170.18 334.844h75.275v-476.958h-59.701v286.337l-46.398 10.707-
Action.c(285):     132.38-272.548c-8.76-19.792-38.611-24.984-53.212-24.984zM1905.724 595.062v-488.314c1.721-1
Action.c(285):     9.372 10.607-36.391 23.954-48.619l0.056-0.051c19.656-21.374 46.9-35.502 77.432-38.094l0.43
Action.c(285):     8-0.030h1.298c34.068 0 79.98 14.114 97.338 53.861l85.496 176.020v-229.394h157.202v574.459h
Action.c(285):     -154.119l-137.085-270.439v270.925z",\n
Action.c(285):             "M2774.144 130.92h-119.564c-24.010 0-40.071 19.305-48.669 44.451-2.299 7.883-3.621
Action.c(285):      16.938-3.621 26.302 0 20.887 6.579 40.238 17.778 56.093l-0.205-0.306c43.153 36.015 94.256
Action.c(285):      22.388 133.84 64.892 47.696 52.887 56.294 107.072 34.555 163.366-20.003 47.625-64.726 81.
Action.c(285):     207-117.679 84.823l-0.425 0.023h-123.133v-81.115h117.293c16.223 0 37.313-23.523 44.127-42.
Action.c(285):     667 17.521-49.643-37.8-79.493-79.98-93.932-50.047-16.43-89.169-53.905-107.488-101.682l-0.3
Action.c(285):     95-1.172c-16.223-60.35-9.247-125.729 44.776-171.965 24.821-17.359 40.558-34.393 79.98-34.3
Action.c(285):     93h129.785v87.28z",\n
Action.c(285):             "M2571.194 514.433v32.446h98.798c43.095-3.689 79.027-30.946 95.111-68.693l0.281-0.
Action.c(285):     742c19.305-49.805 9.896-93.769-30.013-138.058-15.645-14.963-35.625-25.513-57.87-29.583l-0.
Action.c(285):     696-0.106c-27.807-6.087-52.2-17.9-72.899-34.196l0.382 0.29-2.596-2.596c-14.93-19.826-23.91
Action.c(285):     -44.866-23.91-72.005 0-12.154 1.801-23.887 5.151-34.947l-0.222 0.853c12.978-38.773 39.098-
Action.c(285):     60.999 71.706-60.999h95.067v-37.475h-105.125c-0.113-0.001-0.247-0.001-0.38-0.001-20.885 0-
Action.c(285):     39.849 8.222-53.833 21.605l0.029-0.027-10.707 7.138c-53.374 46.56-46.074 110.479-36.502 14
Action.c(285):     6.008 16.322 41.606 49.853 73.385 91.594 86.987l1.039 0.293c32.446 11.194 75.599 32.446 92
Action.c(285):     .471 66.839 4.603 9.412 7.294 20.481 7.294 32.179 0 9.36-1.723 18.318-4.87 26.574l0.171-0.
Action.c(285):     512c-8.274 23.361-35.042 58.079-66.515 58.89zM2522.525 595.549v-129.785h140.816c10.141-5.9
Action.c(285):     39 17.879-15.042 21.95-25.934l0.114-0.347c1.427-3.048 2.26-6.618 2.26-10.383s-0.833-7.335-
Action.c(285):     2.324-10.537l0.064 0.154c-7.3-15.087-30.662-30.337-64.081-42.018-57.343-18.595-102.255-61.
Action.c(285):     276-123.486-115.794l-0.458-1.336v-1.947c-21.901-78.195-2.758-149.901 52.401-197.11l1.785-1
Action.c(285):     .46 10.869-7.787c21.668-19.422 50.377-31.38 81.874-31.635l0.052-0h153.795v135.625h-143.899
Action.c(285):     c-13.952 0-21.901 17.359-25.308 27.579-1.528 5.677-2.405 12.194-2.405 18.917 0 14.076 3.84
Action.c(285):     7 27.253 10.546 38.537l-0.192-0.349c15.023 10.6 32.788 18.455 51.981 22.395l0.906 0.155c31
Action.c(285):     .952 6.304 59.628 21.55 81.118 42.994l-0.003-0.003c52.401 58.079 64.892 121.673 39.422 188
Action.c(285):     .999-23.733 56.632-77.112 96.465-140.206 100.237l-0.448 0.021z",\n
Action.c(285):             "M1714.454 130.92l-112.75-0.324-0.324 439.807h-113.561l0.162-439.645-111.615 0.162
Action.c(285):      0.162-86.956 337.602 0.162 0.324 86.793z",\n
Action.c(285):             "M1512.477 106.423v439.645h64.892v-439.97h112.588v-37.638h-289.095v38.124zM1463.80
Action.c(285):     7 594.9v-439.645h-111.939v-135.949h386.271v135.787h-113.561v439.807z",\n
Action.c(285):             "M1874.738 570.728h-101.719v-526.601l101.719 0.324v526.276z",\n
Action.c(285):             "M1797.516 68.624v477.607h52.725v-477.445zM1748.847 595.062v-575.432h150.388v575.4
Action.c(285):     32z",\n
Action.c(285):             "M2477.587 43.965c0.811 41.044 0 102.043-31.148 139.681-19.792 16.223-28.715 32.44
Action.c(285):     6-62.459 27.904l19.468-81.115h-27.741v-86.144h101.719z",\n
Action.c(285):             "M2401.014 106.586h34.231l-18.008 70.408 3.245-3.082 8.112-7.3c18.981-24.010 23.84
Action.c(285):     8-61.161 24.497-97.338h-52.076zM2395.823 236.37c-5.052-0.019-10.004-0.372-14.855-1.038l0.5
Action.c(285):     79 0.065-26.93-3.569 18.657-76.735h-21.252v-135.463h149.901v23.848c1.136 53.698-2.271 113.
Action.c(285):     561-36.826 155.741l-2.758 2.92c-3.082 2.596-5.84 5.191-8.436 7.625-14.453 16.401-35.445 26
Action.c(285):     .747-58.857 26.93l-0.032 0z",\n
Action.c(285):             "M1250.312 593.115v-34.231h30.662c-3.913 15.889-15.236 28.495-30.003 34.119l-0.334
Action.c(285):      0.112z",\n
Action.c(285):             "M843.599 464.466l-20.928-66.515-21.414 66.352zM1153.622 138.383v135.787h61.972c16
Action.c(285):     .957-4.145 31.233-13.726 41.24-26.756l0.128-0.174c8.315-11.11 13.314-25.122 13.314-40.301 
Action.c(285):     0-11.034-2.642-21.451-7.327-30.653l0.177 0.384c-17.845-41.531-65.703-39.747-109.506-38.286
Action.c(285):     zM852.847 53.861s67.326 66.839 81.115 117.293c31.473 103.665 104.314 316.674 104.314 316.6
Action.c(285):     74v-458.139h202.464c57.105-0.162 107.072 51.427 117.131 65.703v-66.028h369.724l26.606 34.2
Action.c(285):     31v-34.068h133.84l38.611 50.454c20.366-30.192 54.444-49.784 93.097-49.784 5.559 0 11.024 0
Action.c(285):     .405 16.366 1.188l-0.607-0.073c59.863 12.167 92.147 62.783 116.482 103.503l44.938 85.658v-
Action.c(285):     190.946h136.923l22.875 23.037v-23.361h134.003l42.991 61.323c17.034-25.957 63.594-61.161 95
Action.c(285):     .878-61.323h158.499l50.94 54.834v136.112h-188.188c-16.223 0.973-13.952 11.681-10.869 22.71
Action.c(285):     2 10.869 21.901 46.885 27.741 57.267 32.446 83.522 17.776 147.951 83.13 164.122 165.764l0.
Action.c(285):     217 1.333 1.947 37.313c-6.327 75.437-94.905 178.454-154.606 178.454h-127.838c-1.136 0-53.0
Action.c(285):     49-56.456-53.049-56.456v-126.215h129.785c13.76-1.606 25.143-10.397 30.405-22.469l0.095-0.2
Action.c(285):     44c2.258-4.307 3.583-9.409 3.583-14.82 0-6.551-1.942-12.649-5.281-17.749l0.076 0.124c-19.4
Action.c(285):     8-18.097-42.946-32.196-68.91-40.822l-1.336-0.385c-58.799-25.007-102.608-75.375-118.131-136
Action.c(285):     .987l-0.298-1.395-57.267 27.093-50.292-23.523s0 413.85 0 413.85-139.032 0-139.032 0l-57.10
Action.c(285):     5-63.432c-26.444-56.456-86.469-171.316-86.469-171.316v234.423h-115.833l-45.262-41.369s-1.6
Action.c(285):     22 41.369-2.596 41.369h-125.404l-63.757-78.682v-359.179h-89.065v438.023h-124.755l-67.163-7
Action.c(285):     7.708v-360.314h-54.023c0.259 3.695 0.406 8.008 0.406 12.356 0 47.864-17.869 91.554-47.299 
Action.c(285):     124.763l0.171-0.197
Action.c(285): t=47039ms: 7461-byte ENCODED response body received for "https://stage.peapod.com/shop/images/icons/PeapodIcons.json" (RelFrameId=1, Internal ID=25)
Action.c(285): t=47040ms: 12288-byte DECODED response body for "https://stage.peapod.com/shop/images/icons/PeapodIcons.json" (RelFrameId=1, Internal ID=25)
Action.c(285):     c24.659 22.712 47.534 48.669 47.534 81.115v219.985h-103.665l-70.57-78.844v-149.577c-3.139-
Action.c(285):     14.778-12.3-26.969-24.733-34.099l-0.25-0.132c-8.112-1.622-8.112 4.056-8.112 4.056s0 258.27
Action.c(285):     1 0 258.271-91.498 0-91.498 0l-53.212-52.563s14.925 52.238 14.601 52.401h-278.712l-48.669-
Action.c(285):     52.563s-19.143 52.887-18.17 52.725-115.995 0-115.833 0-32.446-33.906-32.446-33.906v33.906h
Action.c(285):     -120.862l-78.033-77.222v-58.241c-11.201 16.736-30.030 27.607-51.397 27.607-5.724 0-11.265-
Action.c(285):     0.78-16.524-2.24l0.433 0.103c-35.204-20.766-101.394-89.876-101.394-89.876v200.030h-111.29l
Action.c(285):     -86.307-78.682v-455.706c0-44.938 40.071-77.708 83.224-89.227s93.607 4.705 114.373 33.906l7
Action.c(285):     8.195 117.455 47.534-112.75c15.412-32.446 34.393-43.153 83.873-43.316s147.63 69.759 146.00
Action.c(285):     8 140.816v294.124l118.753-379.458c13.303-35.691 56.132-55.645 89.389-55.483 2.975-0.399 6.
Action.c(285):     414-0.627 9.907-0.627 22.643 0 43.047 9.584 57.377 24.917l0.042 0.045z",\n
Action.c(285):             "M1251.934 244.806c-10.123 13.258-24.398 22.892-40.862 26.986l-0.507 0.107h-61.81v
Action.c(285):     -136.112c43.802-1.298 91.498-3.245 109.506 38.611 4.471 8.763 7.091 19.114 7.091 30.076 0 
Action.c(285):     15.205-5.040 29.233-13.542 40.503l0.123-0.171zM1302.063 314.89c35.042-18.657 71.544-103.50
Action.c(285):     3 48.669-163.366-18.008-47.534-59.214-102.854-121.349-102.854h-173.1l-1.785 526.925h93.607
Action.c(285):     v-200.679c82.413-6.976 112.588 22.063 116.319 52.563 0 0 0 147.954 0 147.954h91.498v-210.9
Action.c(285):     c-0.649-17.845-24.497-42.504-53.861-49.643z",\n
Action.c(285):             "M1157.029 263.463h53.536c14.207-4.217 26.096-12.587 34.599-23.687l0.118-0.161c7.2
Action.c(285):     01-9.637 11.529-21.786 11.529-34.946 0-9.554-2.282-18.576-6.33-26.549l0.154 0.334c-15.25-3
Action.c(285):     5.529-55.807-35.204-93.769-34.068zM1211.052 279.686h-70.733v-151.848h9.085c7.949 0 16.223 
Action.c(285):     0 24.010 0 36.34 0 75.599 5.191 92.309 44.127 4.966 9.771 7.876 21.306 7.876 33.522 0 16.8
Action.c(285):     16-5.514 32.344-14.832 44.875l0.143-0.201c-11.717 15.015-28.283 25.765-47.316 29.914l-0.54
Action.c(285):     2 0.099zM1273.349 567.807h74.951v-202.951c-1.136-13.952-22.55-35.691-48.669-41.856l-21.252
Action.c(285):     -5.191 19.468-9.572c32.446-17.196 66.028-97.338 44.938-153.146-17.845-46.885-57.105-97.338
Action.c(285):     -113.561-97.338h-164.664l-1.46 510.053h76.897v-200.517h7.625c8.274-0.811 16.223-1.136 24.0
Action.c(285):     10-1.136 84.684 0 98.961 42.667 101.070 60.999 0.324 0 0.324 0.649 0.649 140.654zM1364.847
Action.c(285):      584.030h-108.046v-8.274c0-49.643 0-144.385 0-147.63-3.731-31.635-40.071-48.669-99.61-45.2
Action.c(285):     62v201.166h-110.804l1.622-543.473h181.374c64.892 0 109.343 55.645 129.785 107.721 21.577 5
Action.c(285):     6.781-6.651 132.705-39.098 163.529 24.497 11.032 44.127 32.446 45.587 52.076z",\n
Action.c(285):             "M197.921 79.169l84.522 194.677s51.914-124.106 74.464-179.914c8.598-18.494 13.465-
Action.c(285):     39.098 50.616-42.991 3.314-0.372 7.157-0.585 11.049-0.585 26.534 0 50.762 9.876 69.207 26.
Action.c(285):     153l-0.113-0.098c15.694 15.035 25.604 36 26.117 59.282l0.002 0.094c0 21.414 0 439.483 0 43
Action.c(285):     9.645h-103.179s0-384.324 0-384.324l-86.144 256.324c-7.25 15.158-22.463 25.441-40.078 25.44
Action.c(285):     1-6.269 0-12.233-1.302-17.637-3.651l0.286 0.111c-12.167-0.973-22.063-13.627-28.066-22.063 
Action.c(285):     0 0-91.336-256.162-91.011-256s0 384.324 0 384.324h-103.828v-458.951c0.487-45.587 55.807-67
Action.c(285):     .975 86.469-67.975 1.154-0.059 2.507-0.092 3.867-0.092 25.622 0 48.47 11.88 63.335 30.431l
Action.c(285):     0.124 0.16z",\n
Action.c(285):             "M52.401 567.807h87.28c0-128.973 0-359.016 0-374.915v-3.082l5.678-7.138 11.194 1.7
Action.c(285):     85v5.678c3.731 11.356 60.025 169.207 90.038 253.729 8.112 11.194 15.25 17.196 21.414 17.84
Action.c(285):     5h1.785c4.245 1.851 9.191 2.927 14.388 2.927 14.243 0 26.598-8.086 32.724-19.918l0.097-0.2
Action.c(285):     05 85.982-255.838 16.223 2.596c0 117.942 0 332.086 0 376.051h86.631c0-57.916 0-411.741 0-4
Action.c(285):     31.371-0.547-20.924-9.387-39.683-23.341-53.192l-0.021-0.020c-16.771-14.808-38.939-23.848-6
Action.c(285):     3.218-23.848-0.018 0-0.036 0-0.055 0l-10.542-0c-19.892 0.088-36.575 13.722-41.304 32.149l-
Action.c(285):     0.065 0.297c-0.811 1.947-1.622 4.056-2.596 6.003-22.388 54.996-74.139 178.454-74.626 180.0
Action.c(285):     76l-7.463 18.008-92.147-212.36c-13.421-15.883-33.352-25.9-55.624-25.9-1.377 0-2.745 0.038-
Action.c(285):     4.104 0.114l0.189-0.008c-28.066 0-78.033 20.117-78.52 59.376zM408.010 584.030l-2.433-2.433
Action.c(285):     c-2.758-2.433-2.758-2.433-2.92-66.19v-273.521l-70.733 208.953c-8.747 17.983-26.88 30.158-4
Action.c(285):     7.856 30.158-6.704 0-13.117-1.243-19.022-3.512l0.363 0.123c-14.046-4.007-25.477-13.218-32.
Action.c(285):     307-25.364l-0.139-0.269-1.136-1.947c-14.601-41.369-52.563-147.792-74.626-209.926 0 92.796 
Action.c(285):     0 287.148 0 335.493v8.436h-121.511v-467.387c0-52.887 63.108-75.924 94.905-75.924 1.346-0.0
Action.c(285):     73 2.921-0.115 4.505-0.115 28.327 0 53.532 13.371 69.647 34.145l0.15 0.201v0.973l77.384 17
Action.c(285):     7.156c15.25-36.664 49.805-119.726 66.677-162.231 1.136-2.271 1.947-4.056 2.758-6.003 7.245
Action.c(285):     -24.064 28.934-41.402 54.764-42.016l0.070-0.001c1.819-0.116 3.943-0.182 6.084-0.182s4.265 
Action.c(285):     0.066 6.372 0.196l-0.289-0.014c0.129-0.001 0.282-0.001 0.435-0.001 28.323 0 54.176 10.581 
Action.c(285):     73.82 28.005l-0.115-0.1c17.299 16.39 28.29 39.289 29.036 64.757l0.003 0.135c0 11.356 0 126
Action.c(285):     .053 0 227.934 0 53.698 0 106.586 0 146.008v47.696c0 23.199 0 23.199-4.705 25.47-1.622 0-1
Action.c(285):     .622 0-79.006 0h-26.93z",\n
Action.c(285):             "M843.599 82.738c8.51 10.052 15.791 21.544 21.371 33.965l0.368 0.915s138.058 457.8
Action.c(285):     15 138.545 457.815h-265.247v-91.174h129.785l-86.469-293.151-116.806 384.649h-101.556s150.2
Action.c(285):     26-487.503 150.226-487.503c6.489-22.55 56.781-51.103 97.338-34.068 13.556 6.323 24.595 16.
Action.c(285):     112 32.263 28.243l0.183 0.309z",\n
Action.c(285):             "M574.783 567.807h84.36l122.809-405.577 97.338 330.302h-132.056v75.275h244.968c0-2
Action.c(285):     .433-1.785-5.516-2.758-8.923-3.894-12.492-9.247-30.499-16.223-51.914-13.141-42.991-30.337-
Action.c(285):     100.096-47.696-157.364-33.257-110.641-65.703-219.823-68.461-229.070-5.52-12.394-12.201-23.
Action.c(285):     078-20.143-32.68l0.188 0.234-0.811-0.973c-6.925-11.088-16.699-19.819-28.309-25.298l-0.406-
Action.c(285):     0.172c-6.788-2.772-14.665-4.381-22.918-4.381-0.099 0-0.198 0-0.297 0.001l0.015-0c-30.824 0
Action.c(285):     -58.89 19.954-62.783 33.42-1.46 4.542-125.242 406.063-146.819 477.12zM672.122 584.030h-6.9
Action.c(285):     76c-95.229 0-103.828 0-106.586-1.622v0c-4.705-3.407-4.542-3.731 3.569-30.013l143.574-466.5
Action.c(285):     75c6.165-20.928 40.558-45.1 78.682-45.1 0.191-0.002 0.417-0.003 0.643-0.003 10.597 0 20.69
Action.c(285):     2 2.148 29.873 6.032l-0.503-0.189c14.603 6.967 26.54 17.498 35.004 30.497l0.2 0.327c8.766 
Action.c(285):     10.478 16.404 22.374 22.447 35.172l0.427 1.006v0.973c44.127 145.034 124.918 413.364 137.24
Action.c(285):     7 453.272h2.271v7.787c0 5.678-1.622 7.3-9.085 7.787h-272.872v-107.721h127.027l-75.275-255.
Action.c(285):     676z",\n
Action.c(285):             "M2083.853 88.416l131.894 271.412v-310.672h108.37v526.276h-114.697l-176.507-348.30
Action.c(285):     9v348.471h-102.368v-463.817c0-24.335 43.478-62.783 77.708-63.108 24.984 0 63.27 9.247 76.5
Action.c(285):     73 39.747z",\n
Action.c(285):             "M2008.253 56.943h-0.811c-21.871 2.537-40.959 12.822-54.771 27.996l-0.063 0.070c-7
Action.c(285):     .718 6.672-13.067 15.9-14.73 26.356l-0.033 0.25v456.193h86.631v-340.684l16.223-3.731 174.3
Action.c(285):     98 344.416h101.394v-510.378h-91.823v302.398l-16.223 3.731-131.894-271.574c-12.33-27.093-48
Action.c(285):     .669-35.042-68.299-35.042zM1921.46 584.030v-472.253c1.431-15.332 8.643-28.748 19.404-38.23
Action.c(285):     2l0.063-0.055c16.948-18.004 40.139-29.966 66.097-32.414l0.417-0.032h0.973c29.364 0 68.786 
Action.c(285):     11.681 83.062 44.776l115.995 238.641v-283.093h124.918v542.662h-128l-163.042-322.352v322.35
Action.c(285):     2z",\n
Action.c(285):             "M2774.144 135.949h-120.051c-24.010 0-40.071 19.305-48.669 44.289-2.349 7.965-3.7 
Action.c(285):     17.116-3.7 26.583 0 20.836 6.547 40.143 17.696 55.977l-0.206-0.308c43.153 35.853 94.256 22
Action.c(285):     .388 134.003 64.892 47.534 53.049 56.294 107.234 34.393 163.529-19.931 47.585-64.621 81.13
Action.c(285):     1-117.526 84.662l-0.415 0.022h-122.646v-81.115h117.455c16.223 0 37.151-23.361 43.965-42.50
Action.c(285):     4 17.521-49.643-37.8-79.493-79.817-93.932-50.076-16.453-89.236-53.913-107.648-101.681l-0.3
Action.c(285):     98-1.173c-16.223-60.512-9.247-125.891 44.776-171.965 24.172-17.034 39.747-34.555 79.006-34
Action.c(285):     .555h129.785v87.28z",\n
Action.c(285):             "M2554.646 502.915v63.919h115.022c49.8-3.753 91.456-35.095 109.996-78.644l0.321-0.
Action.c(285):     849c21.414-55.645 10.707-106.261-32.446-154.93-17.724-16.941-40.364-28.878-65.567-33.463l-
Action.c(285):     0.785-0.119c-25.51-5.361-47.945-15.944-67.068-30.626l0.391 0.288-0.973-0.811c-12.548-17.19
Action.c(285):     2-20.076-38.743-20.076-62.052 0-10.076 1.407-19.824 4.035-29.057l-0.182 0.747c10.545-32.44
Action.c(285):     6 31.148-49.967 56.294-49.967h111.29v-69.921h-120.537c-0.113-0-0.247-0.001-0.38-0.001-24.4
Action.c(285):     68 0-46.747 9.371-63.444 24.721l0.067-0.061-11.194 8.112c-61.323 52.887-52.563 124.918-41.
Action.c(285):     856 163.204 17.864 46.419 55.106 81.907 101.544 97.015l1.148 0.323c30.013 10.383 68.624 28
Action.c(285):     .877 83.062 58.728 3.651 7.362 5.788 16.032 5.788 25.2 0 7.448-1.41 14.566-3.977 21.103l0.
Action.c(285):     136-0.392c-7.787 22.388-30.986 47.534-51.589 48.669zM2538.423 584.030v-97.338h125.567c11.5
Action.c(285):     18 0 30.013-18.981 36.34-36.989 1.727-4.366 2.729-9.424 2.729-14.716 0-6.446-1.486-12.545-
Action.c(285):     4.134-17.973l0.107 0.243c-9.247-19.305-35.366-37.151-73.49-50.292-52.538-17.256-93.658-56.
Action.c(285):     464-113.139-106.49l-0.422-1.231c-20.603-73.49-3.731-137.734 47.209-181.212v0l11.194-8.112c
Action.c(285):     19.379-17.966 45.369-29.040 73.945-29.201l0.033-0h137.572v103.503h-127.838c-24.010 0-35.69
Action.c(285):     1 24.172-40.558 38.611-2.071 7.173-3.263 15.412-3.263 23.93 0 18.539 5.644 35.76 15.306 50
Action.c(285):     .038l-0.201-0.315c16.923 12.641 37.117 21.925 59.053 26.439l0.972 0.167c29.126 5.517 54.42
Action.c(285):     2 19.168 74.166 38.475l-0.027-0.026c47.696 53.049 59.863 110.966 36.177 172.127-20.976 50.
Action.c(285):     95-68.761 86.872-125.32 90.342l-0.409 0.020z",\n
Action.c(285):             "M1714.129 135.949l-112.75-0.324-0.324 439.807h-113.561l0.162-439.645-111.615 0.16
Action.c(285):     2 0.162-86.956h337.764l0.162 86.956z",\n
Action.c(285):             "M1495.929 127.513v440.294h97.338v-439.645h113.561v-70.895h-322.352v70.408zM1479.2
Action.c(285):     19 584.030v-439.97h-111.452v-103.503h354.312v103.665h-113.561l0.811 439.807z",\n
Action.c(285):             "M1874.413 575.594h-101.556v-526.601l101.556 0.324v526.276z",\n
Action.c(285):             "M1781.131 57.267v510.54h84.522v-510.215zM1764.907 583.868v-543.148h118.266v543.31
Action.c(285):     1z",\n
Action.c(285):             "M2477.262 48.669c0.811 40.882 0 101.881-31.148 139.681-19.792 16.223-28.553 32.44
Action.c(285):     6-62.459 27.904l19.468-81.115h-27.741v-86.469h101.719z",\n
Action.c(285):             "M2394.038 208.953c0.051 0 0.111 0 0.171 0 15.052 0 28.453-7.068 37.065-18.067l0.0
Action.c(285):     78-0.103c2.758-2.596 5.678-5.354 8.76-7.949 25.795-31.473 29.526-80.304 28.877-125.567h-85
Action.c(285):     .171v70.408h30.013zM2394.038 225.176c-0.209 0.002-0.456 0.003-0.703 0.003-4.044 0-8.019-0.
Action.c(285):     296-11.905-0.867l0.441 0.053-9.085-1.136 19.143-79.331h-25.47v-103.016h118.104v7.787c1.136
Action.c(285):      50.778-1.947 107.559-32.446 145.034l-0.973 0.973c-3.245 2.758-6.003 5.516-8.76 7.949-11.5
Action.c(285):     29 13.704-28.55 22.468-47.627 22.873l-0.069 0.001z",\n
Action.c(285):             "M1216.73 258.596v-34.068h30.662c-4.024 15.886-15.463 28.448-30.325 33.959l-0.337 
Action.c(285):     0.109zM1266.373 182.347c-18.008-41.856-64.892-39.909-109.506-38.611v135.949h61.972c16.996-
Action.c(285):     4.135 31.29-13.785 41.237-26.911l0.132-0.182c8.527-11.161 13.663-25.31 13.663-40.659 0-10.
Action.c(285):     771-2.529-20.95-7.026-29.978l0.176 0.391z",\n
Action.c(285):             "M2947.245 616.477c0 31.449-25.494 56.943-56.943 56.943s-56.943-25.494-56.943-56.9
Action.c(285):     43c0-31.449 25.494-56.943 56.943-56.943v-0c31.449 0 56.943 25.494 56.943 56.943v-0z",\n
Action.c(285):             "M2890.302 566.672c-27.506 0-49.805 22.298-49.805 49.805s22.298 49.805 49.805 49.8
Action.c(285):     05c27.506 0 49.805-22.298 49.805-49.805v0c0-27.506-22.298-49.805-49.805-49.805v0zM2890.302
Action.c(285):      680.233c-35.839 0-64.892-29.053-64.892-64.892s29.053-64.892 64.892-64.892c35.839 0 64.892
Action.c(285):      29.053 64.892 64.892v0c0.006 0.338 0.010 0.736 0.010 1.136 0 35.839-29.053 64.892-64.892 
Action.c(285):     64.892-0.004 0-0.007-0-0.011-0l0.001 0z",\n
Action.c(285):             "M2881.541 616.477v-18.008h11.356c6.003 0 12.167 1.298 12.167 8.274s-6.327 9.085-1
Action.c(285):     3.465 9.085zM2881.541 623.615h9.572l14.763 24.172h9.409l-16.223-24.659c0.010 0 0.022 0 0.0
Action.c(285):     33 0 7.885 0 14.276-6.392 14.276-14.276 0-0.343-0.012-0.682-0.036-1.019l0.003 0.045c0-11.0
Action.c(285):     32-6.489-16.223-19.63-16.223h-21.090v55.645h8.436zM2891.762 668.228c26.879 0 48.669-21.79 
Action.c(285):     48.669-48.669s-21.79-48.669-48.669-48.669c-26.879 0-48.669 21.79-48.669 48.669v0c0.366 26.
Action.c(285):     599 22.014 48.020 48.665 48.020 0.002 0 0.003-0 0.005-0l-0 0zM2852.34 619.559c0.633-21.188
Action.c(285):      17.96-38.124 39.243-38.124 21.683 0 39.26 17.577 39.26 39.26 0 21.62-17.475 39.158-39.071
Action.c(285):      39.259l-0.010 0c-0.159 0.002-0.347 0.004-0.536 0.004-21.503 0-38.935-17.432-38.935-38.935
Action.c(285):      0-0.686 0.018-1.368 0.053-2.045l-0.004 0.095z"\n
Action.c(285):           ],\n
Action.c(285):           "attrs": [\n
Action.c(285):             {\n
Action.c(285):               "fill": "rgb(99, 102, 106)"\n
Action.c(285):             },\n
Action.c(285):             {\n
Action.c(285):               "fill": "rgb(99, 102, 106)"\n
Action.c(285):             },\n
Action.c(285):             {\n
Action.c(285):               "fill": "rgb(99, 102, 106)"\n
Action.c(285):             },\n
Action.c(285):             {\n
Action.c(285):               "fill": "rgb(99, 102, 106)"\n
Action.c(285):             },\n
Action.c(285):             {\n
Action.c(285):               "fill": "rgb(99, 102, 106)"\n
Action.c(285):             },\n
Action.c(285):             {\n
Action.c(285):               "fill": "rgb(99, 102, 106)"\n
Action.c(285):             },\n
Action.c(285):             {\n
Action.c(285):               "fill": "rgb(99, 102, 106)"\n
Action.c(285):             },\n
Action.c(285):             {\n
Action.c(285):               "fill": "rgb(99, 102, 106)"\n
Action.c(285):             },\n
Action.c(285):             {\n
Action.c(285):               "fill": "rgb(99, 102, 106)"\n
Action.c(285):             },\n
Action.c(285):             {\n
Action.c(285):               "fill": "rgb(51, 51, 5
Action.c(285): t=47101ms: 10687-byte DECODED response body for "https://stage.peapod.com/shop/images/icons/PeapodIcons.json" (RelFrameId=1, Internal ID=25)
Action.c(285):     1)"\n
Action.c(285):             },\n
Action.c(285):             {\n
Action.c(285):               "fill": "rgb(51, 51, 51)"\n
Action.c(285):             },\n
Action.c(285):             {\n
Action.c(285):               "fill": "rgb(54, 54, 54)"\n
Action.c(285):             },\n
Action.c(285):             {\n
Action.c(285):               "fill": "rgb(51, 51, 51)"\n
Action.c(285):             },\n
Action.c(285):             {\n
Action.c(285):               "fill": "rgb(51, 51, 51)"\n
Action.c(285):             },\n
Action.c(285):             {\n
Action.c(285):               "fill": "rgb(94, 160, 0)"\n
Action.c(285):             },\n
Action.c(285):             {\n
Action.c(285):               "fill": "rgb(51, 51, 51)"\n
Action.c(285):             },\n
Action.c(285):             {\n
Action.c(285):               "fill": "rgb(255, 255, 254)"\n
Action.c(285):             },\n
Action.c(285):             {\n
Action.c(285):               "fill": "rgb(255, 255, 254)"\n
Action.c(285):             },\n
Action.c(285):             {\n
Action.c(285):               "fill": "rgb(255, 255, 254)"\n
Action.c(285):             },\n
Action.c(285):             {\n
Action.c(285):               "fill": "rgb(255, 255, 254)"\n
Action.c(285):             },\n
Action.c(285):             {\n
Action.c(285):               "fill": "rgb(255, 255, 254)"\n
Action.c(285):             },\n
Action.c(285):             {\n
Action.c(285):               "fill": "rgb(255, 255, 254)"\n
Action.c(285):             },\n
Action.c(285):             {\n
Action.c(285):               "fill": "rgb(255, 255, 254)"\n
Action.c(285):             },\n
Action.c(285):             {\n
Action.c(285):               "fill": "rgb(255, 255, 254)"\n
Action.c(285):             },\n
Action.c(285):             {\n
Action.c(285):               "fill": "rgb(255, 255, 254)"\n
Action.c(285):             },\n
Action.c(285):             {\n
Action.c(285):               "fill": "rgb(255, 255, 254)"\n
Action.c(285):             },\n
Action.c(285):             {\n
Action.c(285):               "fill": "rgb(255, 255, 254)"\n
Action.c(285):             },\n
Action.c(285):             {\n
Action.c(285):               "fill": "rgb(255, 255, 254)"\n
Action.c(285):             },\n
Action.c(285):             {\n
Action.c(285):               "fill": "rgb(255, 255, 254)"\n
Action.c(285):             },\n
Action.c(285):             {\n
Action.c(285):               "fill": "rgb(255, 255, 254)"\n
Action.c(285):             },\n
Action.c(285):             {\n
Action.c(285):               "fill": "rgb(255, 255, 254)"\n
Action.c(285):             },\n
Action.c(285):             {\n
Action.c(285):               "fill": "rgb(255, 255, 254)"\n
Action.c(285):             },\n
Action.c(285):             {\n
Action.c(285):               "fill": "rgb(255, 255, 254)"\n
Action.c(285):             },\n
Action.c(285):             {\n
Action.c(285):               "fill": "rgb(255, 255, 254)"\n
Action.c(285):             },\n
Action.c(285):             {\n
Action.c(285):               "fill": "rgb(255, 255, 254)"\n
Action.c(285):             },\n
Action.c(285):             {\n
Action.c(285):               "fill": "rgb(26, 25, 25)"\n
Action.c(285):             },\n
Action.c(285):             {\n
Action.c(285):               "fill": "rgb(220, 59, 65)"\n
Action.c(285):             },\n
Action.c(285):             {\n
Action.c(285):               "fill": "rgb(220, 59, 65)"\n
Action.c(285):             },\n
Action.c(285):             {\n
Action.c(285):               "fill": "rgb(220, 59, 65)"\n
Action.c(285):             },\n
Action.c(285):             {\n
Action.c(285):               "fill": "rgb(220, 59, 65)"\n
Action.c(285):             },\n
Action.c(285):             {\n
Action.c(285):               "fill": "rgb(220, 59, 65)"\n
Action.c(285):             },\n
Action.c(285):             {\n
Action.c(285):               "fill": "rgb(220, 59, 65)"\n
Action.c(285):             },\n
Action.c(285):             {\n
Action.c(285):               "fill": "rgb(220, 59, 65)"\n
Action.c(285):             },\n
Action.c(285):             {\n
Action.c(285):               "fill": "rgb(220, 59, 65)"\n
Action.c(285):             },\n
Action.c(285):             {\n
Action.c(285):               "fill": "rgb(220, 59, 65)"\n
Action.c(285):             },\n
Action.c(285):             {\n
Action.c(285):               "fill": "rgb(220, 59, 65)"\n
Action.c(285):             },\n
Action.c(285):             {\n
Action.c(285):               "fill": "rgb(220, 59, 65)"\n
Action.c(285):             },\n
Action.c(285):             {\n
Action.c(285):               "fill": "rgb(220, 59, 65)"\n
Action.c(285):             },\n
Action.c(285):             {\n
Action.c(285):               "fill": "rgb(220, 59, 65)"\n
Action.c(285):             },\n
Action.c(285):             {\n
Action.c(285):               "fill": "rgb(220, 59, 65)"\n
Action.c(285):             },\n
Action.c(285):             {\n
Action.c(285):               "fill": "rgb(220, 59, 65)"\n
Action.c(285):             },\n
Action.c(285):             {\n
Action.c(285):               "fill": "rgb(220, 59, 65)"\n
Action.c(285):             },\n
Action.c(285):             {\n
Action.c(285):               "fill": "rgb(26, 25, 25)"\n
Action.c(285):             },\n
Action.c(285):             {\n
Action.c(285):               "fill": "rgb(255, 255, 254)"\n
Action.c(285):             },\n
Action.c(285):             {\n
Action.c(285):               "fill": "rgb(255, 255, 254)"\n
Action.c(285):             },\n
Action.c(285):             {\n
Action.c(285):               "fill": "rgb(26, 25, 25)"\n
Action.c(285):             }\n
Action.c(285):           ],\n
Action.c(285):           "width": 2954,\n
Action.c(285):           "isMulticolor": true,\n
Action.c(285):           "grid": 32,\n
Action.c(285):           "tags": [\n
Action.c(285):             "martins-powered-by-peapod"\n
Action.c(285):           ]\n
Action.c(285):         },\n
Action.c(285):         {\n
Action.c(285):           "paths": [\n
Action.c(285):             "M361.567 853.608h27.381v10.062c3.024-3.79 6.905-6.77 11.357-8.67l0.19-0.072c4.306
Action.c(285):     -1.98 9.342-3.135 14.648-3.135 0.069 0 0.139 0 0.208 0.001l-0.011-0c0.252-0.006 0.548-0.00
Action.c(285):     9 0.845-0.009 6.181 0 12.021 1.466 17.189 4.068l-0.22-0.1c5.175 2.531 9.486 6.102 12.802 1
Action.c(285):     0.469l0.064 0.087c3.404 4.345 6.063 9.462 7.674 15.023l0.079 0.317c1.675 5.137 2.641 11.04
Action.c(285):     9 2.641 17.186 0 0.163-0.001 0.326-0.002 0.488l0-0.025c0.008 0.352 0.013 0.766 0.013 1.182
Action.c(285):      0 7.69-1.644 14.996-4.601 21.585l0.134-0.334c-2.668 6.12-6.466 11.293-11.171 15.466l-0.04
Action.c(285):     5 0.039c-4.644 3.984-10.136 7.134-16.152 9.138l-0.342 0.099c-4.911 1.728-10.575 2.751-16.4
Action.c(285):     7 2.804l-0.025 0c-0.381 0.013-0.83 0.020-1.28 0.020-3.469 0-6.837-0.428-10.056-1.235l0.284
Action.c(285):      0.060-7.918-2.309v40.247h-27.216zM389.938 921.897c4.153 2.43 9.145 3.864 14.472 3.864 0.7
Action.c(285):     12 0 1.418-0.026 2.117-0.076l-0.094 0.005c0.273 0.013 0.593 0.020 0.915 0.020 6.21 0 11.77
Action.c(285):     8-2.745 15.558-7.088l0.021-0.025c3.735-4.62 5.995-10.567 5.995-17.041 0-0.62-0.021-1.236-0
Action.c(285):     .062-1.846l0.004 0.083c0.001-0.075 0.001-0.163 0.001-0.252 0-3.079-0.422-6.060-1.211-8.887
Action.c(285):     l0.055 0.232c-0.675-2.882-1.815-5.419-3.349-7.665l0.050 0.078c-1.544-2.145-3.536-3.873-5.8
Action.c(285):     46-5.070l-0.092-0.043c-2.465-1.254-5.375-1.989-8.457-1.989-0.216 0-0.432 0.004-0.647 0.011
Action.c(285):     l0.031-0.001c-0.155-0.004-0.337-0.007-0.52-0.007-2.856 0-5.569 0.61-8.016 1.706l0.124-0.05
Action.c(285):     0c-2.374 1.268-4.392 2.866-6.084 4.762l-0.019 0.021c-3.087 3.71-4.961 8.524-4.961 13.776 0
Action.c(285):      0.26 0.005 0.519 0.014 0.776l-0.001-0.037z",\n
Action.c(285):             "M470.268 899.794c-0.001-0.13-0.002-0.284-0.002-0.438 0-6.794 1.334-13.277 3.753-1
Action.c(285):     9.2l-0.123 0.339c4.842-11.929 14.047-21.241 25.586-26.11l0.311-0.117c6.002-2.506 12.975-3.
Action.c(285):     961 20.289-3.961s14.287 1.455 20.646 4.093l-0.358-0.131c6.025 2.636 11.167 6.193 15.503 10
Action.c(285):     .554l0.002 0.002c4.372 4.594 7.849 10.086 10.119 16.166l0.108 0.329c2.297 5.584 3.631 12.0
Action.c(285):     67 3.631 18.861 0 0.154-0.001 0.308-0.002 0.462l0-0.024c0.003 0.204 0.005 0.445 0.005 0.68
Action.c(285):     7 0 6.709-1.335 13.106-3.754 18.94l0.121-0.328c-2.354 6.417-5.834 11.913-10.243 16.511l0.0
Action.c(285):     16-0.017c-4.331 4.427-9.474 8.038-15.191 10.596l-0.314 0.125c-6.002 2.506-12.975 3.961-20.
Action.c(285):     289 3.961s-14.287-1.455-20.646-4.093l0.358 0.131c-6.108-2.633-11.313-6.252-15.66-10.712l-0
Action.c(285):     .010-0.010c-4.393-4.582-7.872-10.078-10.122-16.17l-0.105-0.325c-2.309-5.518-3.651-11.929-3
Action.c(285):     .651-18.654 0-0.517 0.008-1.032 0.024-1.545l-0.002 0.075zM519.753 924.866c0.164 0.005 0.35
Action.c(285):     8 0.008 0.552 0.008 3.289 0 6.392-0.795 9.127-2.204l-0.112 0.052c2.776-1.352 5.094-3.247 6
Action.c(285):     .895-5.565l0.033-0.044c1.928-2.257 3.405-4.962 4.252-7.932l0.037-0.15c0.939-2.732 1.481-5.
Action.c(285):     88 1.481-9.155s-0.542-6.423-1.542-9.359l0.060 0.204c-0.885-3.063-2.361-5.714-4.309-7.942l0
Action.c(285):     .021 0.024c-1.834-2.361-4.152-4.257-6.814-5.558l-0.114-0.050c-2.779-1.353-6.046-2.144-9.49
Action.c(285):     7-2.144-0.025 0-0.049 0-0.074 0l0.004-0c-3.476 0.007-6.765 0.797-9.703 2.203l0.136-0.059c-
Action.c(285):     2.806 1.398-5.168 3.285-7.064 5.573l-0.029 0.036c-1.744 2.258-3.148 4.888-4.072 7.734l-0.0
Action.c(285):     51 0.183c-0.939 2.732-1.481 5.88-1.481 9.155s0.542 6.423 1.542 9.359l-0.060-0.204c0.975 3.
Action.c(285):     089 2.38 5.774 4.173 8.15l-0.049-0.068c1.924 2.323 4.286 4.211 6.969 5.552l0.124 0.056c2.6
Action.c(285):     64 1.361 5.811 2.158 9.145 2.158 0.265 0 0.528-0.005 0.79-0.015l-0.038 0.001z",\n
Action.c(285):             "M574.515 853.608h29.361l16.495 59.546 17.979-59.546h22.763l18.309 59.546 16.495-5
Action.c(285):     9.546h28.701l-31.835 92.866h-26.392l-17.485-51.959-16.495 51.959h-26.062z",\n
Action.c(285):             "M820.454 936.247l-4.784 3.299c-2.359 1.583-5.068 3.072-7.907 4.32l-0.341 0.134c-3
Action.c(285):     .431 1.535-7.458 2.844-11.644 3.724l-0.398 0.070c-4.627 1.159-9.938 1.823-15.404 1.823-0.3
Action.c(285):     83 0-0.766-0.003-1.148-0.010l0.057 0.001c-7.249-0.056-14.157-1.443-20.515-3.929l0.392 0.13
Action.c(285):     5c-6.427-2.245-11.934-5.68-16.51-10.076l0.015 0.014c-4.405-4.548-7.844-10.060-9.968-16.186
Action.c(285):     l-0.093-0.309c-2.197-5.817-3.469-12.542-3.469-19.564 0-0.255 0.002-0.509 0.005-0.763l-0 0.
Action.c(285):     039c-0.002-0.176-0.003-0.383-0.003-0.591 0-6.486 1.212-12.69 3.421-18.396l-0.119 0.348c2.1
Action.c(285):     77-6.071 5.376-11.287 9.432-15.703l-0.030 0.033c4.068-4.62 9.078-8.309 14.74-10.782l0.27-0
Action.c(285):     .105c5.825-2.607 12.625-4.125 19.779-4.125 0.121 0 0.242 0 0.363 0.001l-0.019-0c0.365-0.01
Action.c(285):     1 0.793-0.017 1.223-0.017 6.744 0 13.13 1.527 18.834 4.254l-0.263-0.113c5.708 2.584 10.505
Action.c(285):      6.271 14.299 10.823l0.052 0.064c3.866 4.654 6.91 10.149 8.814 16.153l0.094 0.342c1.886 6.
Action.c(285):     22 2.972 13.368 2.972 20.77 0 0.237-0.001 0.473-0.003 0.709l0-0.036v4.784h-65.979c0.202 5.
Action.c(285):     332 2.717 10.038 6.565 13.17l0.033 0.026c4.366 3.523 9.981 5.655 16.095 5.655 0.547 0 1.09
Action.c(285):     0-0.017 1.628-0.051l-0.074 0.004c0.435 0.016 0.946 0.024 1.459 0.024 6.020 0 11.756-1.222 
Action.c(285):     16.971-3.431l-0.286 0.107c3.853-1.671 7.16-3.547 10.237-5.726l-0.175 0.118zM795.381 890.72
Action.c(285):     2c0-0.012 0-0.026 0-0.040 0-2.183-0.424-4.267-1.194-6.174l0.040 0.111c-0.889-2.156-2.055-4
Action.c(285):     .010-3.483-5.63l0.019 0.022c-1.693-1.699-3.652-3.131-5.809-4.229l-0.129-0.060c-2.347-1.048
Action.c(285):     -5.085-1.659-7.966-1.659-0.215 0-0.429 0.003-0.642 0.010l0.031-0.001c-0.19-0.006-0.414-0.0
Action.c(285):     10-0.638-0.010-2.928 0-5.714 0.61-8.237 1.711l0.133-0.052c-2.42 1.117-4.492 2.556-6.273 4.
Action.c(285):     293l0.004-0.004c-1.537 1.559-2.767 3.425-3.59 5.497l-0.039 0.112c-0.834 1.741-1.321 3.783-
Action.c(285):     1.321 5.94 0 0.057 0 0.115 0.001 0.172l-0-0.009z",\n
Action.c(285):             "M838.598 853.608h27.381l0.99 11.711c2.731-3.608 5.948-6.667 9.592-9.147l0.14-0.09
Action.c(285):     0c4.272-2.714 9.476-4.325 15.057-4.325 0.506 0 1.008 0.013 1.508 0.039l-0.070-0.003h6.433c
Action.c(285):     2.026 0.389 3.796 0.902 5.495 1.558l-0.216-0.073-4.619 25.072c-2.74-0.849-5.891-1.338-9.15
Action.c(285):     5-1.338-0.377 0-0.752 0.007-1.126 0.019l0.054-0.001c-0.474-0.038-1.026-0.059-1.583-0.059-1
Action.c(285):     1.661 0-21.113 9.453-21.113 21.113 0 0.718 0.036 1.428 0.106 2.127l-0.007-0.088v46.021h-28
Action.c(285):     .866z",\n
Action.c(285):             "M1002.557 936.247l-4.784 3.299c-2.359 1.583-5.068 3.072-7.907 4.32l-0.341 0.134c-
Action.c(285):     3.431 1.535-7.458 2.844-11.644 3.724l-0.398 0.070c-4.627 1.159-9.938 1.823-15.404 1.823-0.
Action.c(285):     383 0-0.766-0.003-1.148-0.010l0.057 0.001c-0.068 0-0.149 0-0.23 0-7.39 0-14.454-1.392-20.9
Action.c(285):     45-3.929l0.392 0.135c-6.427-2.245-11.934-5.68-16.51-10.076l0.015 0.014c-4.405-4.548-7.844-
Action.c(285):     10.060-9.968-16.186l-0.093-0.309c-2.197-5.817-3.469-12.542-3.469-19.564 0-0.255 0.002-0.50
Action.c(285):     9 0.005-0.763l-0 0.039c-0.002-0.176-0.003-0.383-0.003-0.591 0-6.486 1.212-12.69 3.421-18.3
Action.c(285):     96l-0.119 0.348c2.177-6.071 5.376-11.287 9.432-15.703l-0.030 0.033c4.068-4.62 9.078-8.309 
Action.c(285):     14.74-10.782l0.27-0.105c5.825-2.607 12.625-4.125 19.779-4.125 0.121 0 0.242 0 0.363 0.001l
Action.c(285):     -0.019-0c0.365-0.011 0.793-0.017 1.223-0.017 6.744 0 13.13 1.527 18.834 4.254l-0.263-0.113
Action.c(285):     c5.708 2.584 10.505 6.271 14.299 10.823l0.052 0.064c3.866 4.654 6.91 10.149 8.814 16.153l0
Action.c(285):     .094 0.342c1.886 6.22 2.972 13.368 2.972 20.77 0 0.237-0.001 0.473-0.003 0.709l0-0.036v4.7
Action.c(285):     84h-65.979c0.202 5.332 2.717 10.038 6.565 13.17l0.033 0.026c4.366 3.523 9.981 5.655 16.095
Action.c(285):      5.655 0.547 0 1.090-0.017 1.628-0.051l-0.074 0.004c0.435 0.016 0.946 0.024 1.459 0.024 6.
Action.c(285):     020 0 11.756-1.222 16.971-3.431l-0.286 0.107c3.853-1.671 7.16-3.547 10.237-5.726l-0.175 0.
Action.c(285):     118zM977.485 890.722c0-0.012 0-0.026 0-0.040 0-2.183-0.424-4.267-1.194-6.174l0.040 0.111c-
Action.c(285):     0.889-2.156-2.055-4.010-3.483-5.63l0.019 0.022c-1.693-1.699-3.652-3.131-5.809-4.229l-0.129
Action.c(285):     -0.060c-2.347-1.048-5.085-1.659-7.966-1.659-0.215 0-0.429 0.003-0.642 0.010l0.031-0.001c-0
Action.c(285):     .19-0.006-0.414-0.010-0.638-0.010-2.928 0-5.714 0.61-8.237 1.711l0.133-0.052c-2.42 1.117-4
Action.c(285):     .492 2.556-6.273 4.293l0.004-0.004c-1.537 1.559-2.767 3.425-3.59 5.497l-0.039 0.112c-0.834
Action.c(285):      1.741-1.321 3.783-1.321 5.94 0 0.057 0 0.115 0.001 0.172l-0-0.009z",\n
Action.c(285):             "M1083.876 937.072c-3.080 3.537-6.808 6.421-11.011 8.486l-0.206 0.091c-4.365 2.188
Action.c(285):     -9.511 3.468-14.956 3.468-0.193 0-0.386-0.002-0.578-0.005l0.029 0c-0.197 0.004-0.429 0.006
Action.c(285):     -0.661 0.006-5.727 0-11.171-1.216-16.086-3.405l0.252 0.1c-5.062-2.356-9.343-5.582-12.83-9.
Action.c(285):     526l-0.036-0.041c-3.61-4.304-6.522-9.342-8.472-14.836l-0.105-0.339c-1.994-5.551-3.146-11.9
Action.c(285):     57-3.146-18.631 0-0.409 0.004-0.817 0.013-1.223l-0.001 0.061c-0.008-0.34-0.013-0.741-0.013
Action.c(285):     -1.14
Action.c(285): t=47151ms: 4229-byte ENCODED response body received for "https://stage.peapod.com/shop/images/icons/PeapodIcons.json" (RelFrameId=1, Internal ID=25)
Action.c(285): t=47152ms: 9802-byte DECODED response body for "https://stage.peapod.com/shop/images/icons/PeapodIcons.json" (RelFrameId=1, Internal ID=25)
Action.c(285):     4 0-7.534 1.645-14.684 4.596-21.11l-0.13 0.315c2.833-6.077 6.666-11.229 11.341-15.469l0.04
Action.c(285):     0-0.036c4.436-3.864 9.635-6.994 15.323-9.123l0.347-0.114c4.899-1.791 10.556-2.871 16.451-2
Action.c(285):     .968l0.044-0.001c1.56-0.197 3.365-0.31 5.196-0.31s3.636 0.113 5.408 0.331l-0.212-0.021c3.1
Action.c(285):     21 0.736 5.711 1.529 8.231 2.465l-0.478-0.155v-39.588h28.371v131.959h-25.567zM1083.876 879
Action.c(285):     .175c-1.839-1.223-3.997-2.14-6.315-2.619l-0.118-0.020c-1.287-0.144-2.778-0.226-4.289-0.226
Action.c(285):     s-3.002 0.082-4.47 0.242l0.182-0.016c-0.169-0.005-0.369-0.008-0.568-0.008-6.38 0-12.088 2.
Action.c(285):     875-15.901 7.399l-0.026 0.031c-3.72 4.753-5.965 10.816-5.965 17.404 0 0.435 0.010 0.867 0.
Action.c(285):     029 1.297l-0.002-0.061c-0.011 0.292-0.018 0.634-0.018 0.979 0 5.821 1.861 11.207 5.021 15.
Action.c(285):     596l-0.054-0.079c3.231 3.966 8.115 6.478 13.586 6.478 0.443 0 0.883-0.016 1.318-0.049l-0.0
Action.c(285):     58 0.003c0.077 0.001 0.168 0.002 0.259 0.002 2.904 0 5.652-0.67 8.097-1.864l-0.109 0.048c2
Action.c(285):     .25-0.986 4.131-2.444 5.586-4.26l0.022-0.029c1.526-1.841 2.669-4.056 3.275-6.484l0.024-0.1
Action.c(285):     14c0.629-2.307 0.99-4.955 0.99-7.688 0-0.023-0-0.046-0-0.068l0 0.004z",\n
Action.c(285):             "M1168.33 814.351h28.536v46.186c2.934-2.916 6.524-5.176 10.528-6.541l0.194-0.057c3
Action.c(285):     .976-1.464 8.567-2.311 13.356-2.311 0.118 0 0.236 0.001 0.353 0.002l-0.018-0c0.308-0.009 0
Action.c(285):     .669-0.014 1.032-0.014 5.989 0 11.649 1.406 16.669 3.906l-0.217-0.098c5.194 2.396 9.552 5.
Action.c(285):     802 12.98 9.997l0.051 0.064c3.379 4.232 6.123 9.157 7.978 14.498l0.105 0.347c1.676 5.2 2.6
Action.c(285):     42 11.183 2.642 17.391 0 0.207-0.001 0.413-0.003 0.62l0-0.032c0.005 0.273 0.008 0.595 0.00
Action.c(285):     8 0.918 0 7.14-1.334 13.968-3.767 20.249l0.13-0.383c-2.396 6.452-5.992 11.958-10.555 16.49
Action.c(285):     3l-0.002 0.002c-4.58 4.493-10.072 8.076-16.169 10.445l-0.326 0.111c-6.57 2.407-14.156 3.79
Action.c(285):     9-22.067 3.799-0.303 0-0.605-0.002-0.907-0.006l0.046 0c-0.037 0-0.080 0-0.123 0-7.957 0-15
Action.c(285):     .718-0.841-23.199-2.439l0.724 0.13c-6.942-1.333-12.815-2.873-18.534-4.752l1.049 0.298zM119
Action.c(285):     6.866 923.711c1.516 0.636 3.29 1.152 5.133 1.464l0.146 0.020c1.185 0.101 2.565 0.159 3.959
Action.c(285):      0.159s2.773-0.058 4.137-0.171l-0.179 0.012c0.35 0.020 0.76 0.031 1.172 0.031 6.554 0 12.4
Action.c(285):     37-2.874 16.456-7.43l0.021-0.024c3.828-4.793 6.143-10.942 6.143-17.63 0-0.529-0.014-1.054-
Action.c(285):     0.043-1.576l0.003 0.073c0-0.024 0-0.053 0-0.082 0-3.014-0.361-5.943-1.042-8.747l0.052 0.25
Action.c(285):     3c-0.794-2.821-1.921-5.288-3.365-7.532l0.066 0.109c-1.443-2.18-3.324-3.956-5.529-5.236l-0.
Action.c(285):     079-0.042c-2.226-1.355-4.918-2.157-7.798-2.157-0.216 0-0.431 0.005-0.645 0.013l0.031-0.001
Action.c(285):     c-0.432-0.038-0.936-0.060-1.444-0.060-4.935 0-9.393 2.045-12.572 5.333l-0.005 0.005c-2.893
Action.c(285):      3.481-4.648 7.997-4.648 12.923 0 0.386 0.011 0.77 0.032 1.15l-0.002-0.053z",\n
Action.c(285):             "M1280.165 960.99c1.535 1.22 3.267 2.319 5.11 3.224l0.168 0.074c1.847 0.809 3.998 
Action.c(285):     1.291 6.257 1.319l0.011 0c0.068 0.002 0.148 0.002 0.229 0.002 2.831 0 5.414-1.065 7.37-2.8
Action.c(285):     16l-0.011 0.009c2.47-2.78 4.434-6.073 5.71-9.691l0.063-0.206 2.804-7.423-42.392-91.876h32.
Action.c(285):     99l22.763 58.557 20.948-58.557h30.186l-37.938 92.206-6.268 15.34c-2.040 5.227-4.537 9.742-
Action.c(285):     7.543 13.863l0.12-0.173c-2.942 3.94-6.563 7.194-10.718 9.64l-0.169 0.092c-4.462 2.401-9.76
Action.c(285):     3 3.812-15.395 3.812-0.387 0-0.772-0.007-1.156-0.020l0.056 0.002c-0.178 0.003-0.388 0.004-
Action.c(285):     0.598 0.004-4.674 0-9.178-0.725-13.406-2.069l0.313 0.086c-4.286-1.39-8.009-3.354-11.314-5.
Action.c(285):     843l0.097 0.070z",\n
Action.c(285):             "M593.814 287.505h59.381v58.887zM385.814 393.072h-107.216c-1.205-5.871-1.894-12.62
Action.c(285):     -1.894-19.529 0-12.527 2.267-24.525 6.413-35.605l-0.23 0.701c11.876-25.732 38.103-50.804 5
Action.c(285):     3.608-50.804h49.485zM2670.021 97.155l-78.845-82.474h-676.289v181.443l-50.969-80.66-2.144-1
Action.c(285):     .814c-13.031-11.052-25.402-23.423-37.443-35.464-23.115-25.091-49.422-46.728-78.403-64.414l
Action.c(285):     -1.597-0.905c-16.206-8.12-35.311-12.874-55.526-12.874-0.486 0-0.97 0.003-1.455 0.008l0.074
Action.c(285):     -0.001c-0.867-0.024-1.888-0.037-2.912-0.037-23.516 0-45.359 7.163-63.466 19.426l0.398-0.25
Action.c(285):     4c-35.71 23.080-60.212 60.879-64.934 104.607l-0.055 0.63c-1.345 10.545-2.112 22.745-2.112 
Action.c(285):     35.124 0 4.645 0.108 9.264 0.322 13.856l-0.024-0.65v278.433l-152.577-320.33-79.67-82.474c-
Action.c(285):     24.97-29.363-61.823-47.971-103.031-48.329l-0.062-0c-0.089-0-0.194-0-0.3-0-20.839 0-40.407 
Action.c(285):     5.443-57.36 14.985l0.587-0.304c-44.371 20.289-62.021 61.526-77.361 97.814-6.299 15.725-12.
Action.c(285):     499 28.641-19.415 41.105l0.94-1.847-122.062 275.959v-327.423l-84.948-87.093h-206.186v78.35
Action.c(285):     1l-73.732-74.227h-318.021c-1.205-0.022-2.625-0.035-4.048-0.035-59.323 0-113.487 22.085-154
Action.c(285):     .72 58.481l0.253-0.219c-82.474 64.825-121.567 186.722-94.186 296.907 26.392 104.907 115.46
Action.c(285):     4 183.588 154.392 217.072l3.464 2.969c37.938 32.99 125.031 67.629 159.835 67.959v0h331.876
Action.c(285):     v-74.227l74.392 73.567h211.299v-13.526l15.505 13.856h189.196c7.918 0 23.588 0 26.227-14.18
Action.c(285):     6 1.979-4.784 8.082-18.309 15.34-33.979l48.495 47.835h401.32v-2.309h185.567v-192.33l67.959
Action.c(285):      102.598 56.742 71.588c10.062 12.536 16.495 20.454 24.577 20.454h210.639v-376.412h45.031v2
Action.c(285):     95.423l77.361 80.99h205.031v-373.938h157.031z",\n
Action.c(285):             "M2620.701 592.825c0 28.514-23.115 51.629-51.629 51.629s-51.629-23.115-51.629-51.6
Action.c(285):     29c0-28.514 23.115-51.629 51.629-51.629v0c28.514 0 51.629 23.115 51.629 51.629v0z",\n
Action.c(285):             "M2569.072 547.794c-0.049-0-0.107-0-0.165-0-24.961 0-45.196 20.235-45.196 45.196s2
Action.c(285):     0.235 45.196 45.196 45.196c24.961 0 45.196-20.235 45.196-45.196 0-0.058-0-0.116-0-0.174l0 
Action.c(285):     0.009c-0.093-24.832-20.199-44.938-45.022-45.031l-0.009-0zM2569.072 651.052c-32.158 0-58.22
Action.c(285):     7-26.069-58.227-58.227s26.069-58.227 58.227-58.227c32.158 0 58.227 26.069 58.227 58.227v0c
Action.c(285):     0 32.158-26.069 58.227-58.227 58.227v0z",\n
Action.c(285):             "M2559.835 589.691v-15.505h10.557c5.278 0 10.887 1.155 10.887 7.423s-5.773 8.082-1
Action.c(285):     2.206 8.082zM2559.835 596.289h8.907l13.361 21.938h8.577l-14.515-22.268c7.315-0.084 13.212-
Action.c(285):     6.033 13.212-13.36 0-0.232-0.006-0.463-0.018-0.693l0.001 0.032c0-9.897-5.938-14.351-17.814
Action.c(285):     -14.351h-19.299v50.639h7.588zM2569.237 636.701c23.947-0.372 43.216-19.871 43.216-43.871 0-
Action.c(285):     24.232-19.644-43.876-43.876-43.876-24.23 0-43.873 19.641-43.876 43.871l-0 0c-0 0.051-0 0.1
Action.c(285):     12-0 0.173 0 24.141 19.57 43.711 43.711 43.711 0.29 0 0.58-0.003 0.868-0.008l-0.043 0.001z
Action.c(285):     M2533.443 592.825c0.552-19.247 16.286-34.639 35.615-34.639 19.677 0 35.629 15.952 35.629 3
Action.c(285):     5.629 0 19.614-15.85 35.527-35.44 35.628l-0.010 0c-0.104 0.001-0.226 0.002-0.349 0.002-19.
Action.c(285):     586 0-35.464-15.878-35.464-35.464 0-0.407 0.007-0.812 0.020-1.215l-0.002 0.059z",\n
Action.c(285):             "M1286.598 403.134l-18.144-36.124-16.495 36.124zM1307.381 61.361l78.186 81.32 186.
Action.c(285):     722 391.093v-359.753c-0.223-3.991-0.35-8.66-0.35-13.36 0-11.691 0.787-23.197 2.31-34.47l-0
Action.c(285):     .145 1.314c4.062-38.589 25.352-71.49 55.928-91.253l0.485-0.293c16.342-10.197 36.187-16.244
Action.c(285):      57.443-16.244 17.258 0 33.586 3.986 48.112 11.087l-0.648-0.286c45.196 24.907 74.722 65.97
Action.c(285):     9 113.485 98.969l84.454 128.825v-225.32h649.072l68.454 72.247v162.969h-156.866v373.773h-17
Action.c(285):     8.804l-67.134-69.443v-307.134h-82.474v376.577s-192 0-191.835 0l-65.979-83.299-101.773-153.
Action.c(285):     732v235.052h-164.948l-29.526-27.216c0 9.567 6.928 18.804 7.918 29.526h-373.608l-61.856-61.
Action.c(285):     856s-28.371 61.526-27.711 61.526h-190.186l-41.072-36.784v36.454h-185.237l-68.619-68.454v-5
Action.c(285):     40.206h179.959l74.227 76.206v407.093l156.536-354.309c26.392-46.515 34.639-105.732 88.247-1
Action.c(285):     28.99 14.833-7.799 32.411-12.377 51.058-12.377 34.631 0 65.575 15.788 86.027 40.559l0.152 
Action.c(285):     0.189z",\n
Action.c(285):             "M640.495 106.722v163.299h-304.33c-27.052 0-58.062 34.639-70.598 62.351-4.735 12.1
Action.c(285):     37-7.479 26.188-7.479 40.88 0 11.591 1.708 22.784 4.886 33.34l-0.211-0.817s2.474 6.598 6.1
Action.c(285):     03 6.598h135.258v-121.897h164.948l69.773 70.103v281.402h-313.402c-28.536 0-111.835-31.67-1
Action.c(285):     48.454-63.34s-125.031-108.041-150.763-210.474c-5.573-20.602-8.775-44.257-8.775-68.659 0-83
Action.c(285):     .306 37.315-157.896 96.142-207.969l0.386-0.32c37.715-33.709 87.765-54.312 142.628-54.312 1
Action.c(285):     .526 0 3.049 0.016 4.568 0.048l-0.227-0.004h310.268l69.278 69.773z",\n
Action.c(285):             "M1306.392 76.866l20.289 41.732 204.041 437.773c1.485 2.804-1.155 3.134-6.433 3.29
Action.c(285):     9h-332.371v-143.175h114.474l-86.763-203.546-139.052 347.876h-163.959s198.268-460.701 218.2
Action.c(285):     27-487.423c18.828-26.938 49.695-44.338 84.625-44.338 36.392 0 68.373 18.887 86.675 47.393l
Action.c(285):     0.246 0.41z",\n
Action.c(285):             "M1775.505 79.34l167.423 250.557v-287.010h632.742v144.495h-158.515v370.474h-159.34
Action.c(285):     v-375.423h-170.557c0 123.711 0 374.928 0 374.928h-168.577l-192-290.969v290.969h-144.825v-4
Action.c(285):     06.928c0-25.237 10.887-73.237 41.237-98.969 17.262-14.154 39.569-22.734 63.879-22.734 14.2
Action.c(285):     85 0 27.878 2.962 40.198 8.306l-0.654-0.253c20.521 9.333 37.321 23.801 49.217 41.796l0.268
Action.c(285):      0.431z",\n
Action.c(285):             "M560.825 187.381h-287.34c-37.113 0-84.948 52.784-91.546 101.608-6.103 43.052 32.9
Action.c(285):     9 133.443 82.474 133.443h148.454v-122.392h145.814v262.433h-315.381c-86.598-8.412-173.526-8
Action.c(285):     5.113-201.567-173.691-9.34-26.26-14.738-56.549-14.738-88.099 0-73.567 29.349-140.28 76.976
Action.c(285):     -189.068l-0.052 0.054c41.046-41.211 97.84-66.713 160.589-66.713 6.411 0 12.76 0.266 19.037
Action.c(285):      0.788l-0.822-0.055h278.103v141.691z",\n
Action.c(285):             "M680.412 564.619h161.979v-522.227h-161.979v522.227z",\n
Action.c(285):             "M1497.732 796.536c-14.68 0-26.227 0.825-32.99 0.825h-6.103c-15.34 0-23.753-0.825-
Action.c(285):     25.402-0.825-4.619 0-6.103 1.485-6.103 3.794s5.443 3.134 13.856 4.619 7.588 3.959 7.588 12
Action.c(285):     .371v119.918c0 13.031 0 16.495-9.897 18.309-6.928 0-13.031 0-13.031 3.959s2.309 4.619 6.92
Action.c(285):     8 4.619 14.515-1.649 29.856-1.649 26.887 1.649 31.505 1.649 6.928-1.649 6.928-4.619-6.103-
Action.c(285):     3.134-12.206-4.619c-10.062-2.309-10.062-6.268-10.062-18.474v-39.918c0-3.959 0.825-5.443 3.
Action.c(285):     134-5.443 6.098 2.576 13.188 4.073 20.628 4.073 3.555 0 7.030-0.342 10.394-0.994l-0.342 0.
Action.c(285):     055c24.318-3.786 42.754-24.438 43.051-49.453l0-0.031c0-31.34-19.959-48.33-57.567-48.33zM14
Action.c(285):     95.423 885.608c-10.062 0-16.495-2.969-16.495-9.897v-58.392c0-10.062 2.309-13.031 15.34-13.
Action.c(285):     031 16.495 0 30.021 16.495 30.021 39.918s-11.546 41.402-28.371 41.402z",\n
Action.c(285):             "M1589.938 895.67h70.598c7.753 0 11.546 0 11.546-6.103-0.638-26.834-22.543-48.344-
Action.c(285):     49.471-48.344-0.411 0-0.82 0.005-1.228 0.015l0.061-0.001c-1.158-0.079-2.51-0.123-3.872-0.1
Action.c(285):     23-33.615 0-60.866 27.251-60.866 60.866 0 1.088 0.029 2.169 0.085 3.243l-0.006-0.15c-0.145
Action.c(285):      1.547-0.2
Action.c(285): t=47176ms: 12280-byte ENCODED response body received for "https://stage.peapod.com/shop/images/icons/PeapodIcons.json" (RelFrameId=1, Internal ID=25)
Action.c(285): t=47176ms: 12288-byte DECODED response body for "https://stage.peapod.com/shop/images/icons/PeapodIcons.json" (RelFrameId=1, Internal ID=25)
Action.c(285):     28 3.344-0.228 5.161 0 32.34 26.217 58.557 58.557 58.557 0.834 0 1.665-0.017 2.49-0.052l-0
Action.c(285):     .118 0.004c0.796 0.036 1.729 0.056 2.667 0.056 16.472 0 31.476-6.288 42.742-16.594l-0.048 
Action.c(285):     0.043c6.103-5.443 8.412-9.237 8.412-12.371s0-2.969-2.969-2.969c-9.894 9.14-23.039 14.89-37
Action.c(285):     .519 15.338l-0.089 0.002c-24.975-0.797-44.918-21.234-44.918-46.328 0-1.576 0.079-3.134 0.2
Action.c(285):     32-4.669l-0.016 0.194v-2.309c0-2.969 0-3.794 3.959-3.794zM1588.289 884.948v-4.619c3.134-13
Action.c(285):     .856 7.753-30.845 32.99-30.845 19.134 0 21.443 14.68 21.443 23.918 0 15.34-7.753 13.856-28
Action.c(285):     .371 13.856h-21.443c-2.969 0-4.619 0-4.619-2.309z",\n
Action.c(285):             "M1803.546 949.443c0.003-0.054 0.004-0.117 0.004-0.18 0-2.004-1.625-3.629-3.629-3.
Action.c(285):     629-0.118 0-0.234 0.006-0.349 0.017l0.015-0.001c-3.794 0-7.588 6.103-13.031 6.103s-8.412-6
Action.c(285):     .103-8.412-17.649v-61.526c0-22.268-5.443-30.68-32.99-30.68-35.299 0-59.876 21.443-59.876 3
Action.c(285):     6.784 0 2.309 2.309 4.619 6.103 4.619 13.031 0 16.495-6.928 22.268-16.495s11.546-17.814 23
Action.c(285):     .093-17.814 13.031 6.268 13.031 21.608v11.546c0 3.794 0 5.278-3.794 6.103l-8.412 3.134c-32
Action.c(285):     .99 13.031-52.289 24.577-52.289 47.505 0 13.196 6.103 28.536 23.093 28.536 12.714-1.165 24
Action.c(285):     .069-6.209 33.069-13.922l-0.080 0.067 6.928-4.619h1.485c2.926 10.064 11.613 17.472 22.166 
Action.c(285):     18.466l0.102 0.008c0.003 0 0.007 0 0.011 0 13.273 0 24.82-7.395 30.743-18.29l0.091-0.184zM
Action.c(285):     1751.258 928c-0.36 12.573-10.505 22.66-23.067 22.927l-0.025 0c-12.206 0-15.34-9.897-15.34-
Action.c(285):     20.619 1.125-13.303 9.993-24.277 22.036-28.466l0.232-0.070 10.722-4.619c0.471-0.084 1.013-
Action.c(285):     0.132 1.567-0.132s1.096 0.048 1.623 0.14l-0.056-0.008s1.485 0 1.485 2.969v28.536z",\n
Action.c(285):             "M1888.825 841.237c-0.333-0.008-0.726-0.013-1.119-0.013-14.087 0-26.799 5.886-35.8
Action.c(285):     11 15.333l-0.019 0.020-3.794 3.134c-0.825 0-1.485 1.485-2.309 1.485-0.787-0.078-1.407-0.69
Action.c(285):     8-1.484-1.478l-0.001-0.007v-13.196c0-3.794 0-5.278-3.134-5.278s-9.237 7.588-23.093 14.515c
Action.c(285):     -8.412 4.619-15.34 4.619-15.34 9.237s5.443 2.309 9.237 4.619 5.443 4.619 5.443 12.371v119.
Action.c(285):     753c0 6.928-1.649 9.237-6.928 11.546s-12.371 0-12.371 6.268c0 2.309 1.485 3.794 5.443 3.79
Action.c(285):     4s13.856-0.66 27.381-0.66 21.608 1.485 30.021 1.485c4.619 0 6.928-1.485 6.928-3.794 0-6.26
Action.c(285):     8-6.103-3.959-14.68-6.268s-7.588-3.794-7.588-11.546v-37.773h1.485c8.401 3.742 18.191 5.976
Action.c(285):      28.489 6.103l0.047 0c0.841 0.039 1.827 0.061 2.819 0.061 35.711 0 64.66-28.949 64.66-64.6
Action.c(285):     6 0-0.486-0.005-0.97-0.016-1.453l0.001 0.072c0.14-1.493 0.22-3.228 0.22-4.981 0-30.57-24.2
Action.c(285):     45-55.477-54.555-56.542l-0.097-0.003zM1872.33 960.33c-16.495 0-26.887-8.412-26.887-24.577v
Action.c(285):     -49.485c0-17.649 8.412-26.227 26.887-26.227 26.227 0 43.876 19.299 43.876 49.485 0.248 1.7
Action.c(285):     86 0.39 3.848 0.39 5.945 0 24.874-19.949 45.089-44.721 45.519l-0.040 0.001z",\n
Action.c(285):             "M2236.041 945.649c-1.485 0-5.278 5.278-9.897 5.278s-4.619-2.969-4.619-10.722v-137
Action.c(285):     .567c0-6.928 0-13.031 0-17.649s0-5.278-3.794-5.278c-6.211 2.901-14.076 5.976-22.138 8.615l
Action.c(285):     -1.615 0.457c-9.237 2.309-15.34 3.134-15.34 6.928s4.619 2.309 9.897 4.619 5.443 3.959 5.44
Action.c(285):     3 10.062v30.845c0 2.309-0.825 3.794-2.309 3.794v0l-4.619-1.485c-6.667-1.966-14.329-3.109-2
Action.c(285):     2.254-3.134l-0.014-0c-0.491-0.013-1.069-0.021-1.649-0.021-36.439 0-65.979 29.54-65.979 65.
Action.c(285):     979 0 0.007 0 0.015 0 0.022l-0-0.001c-0.029 0.695-0.046 1.51-0.046 2.329 0 32.704 26.512 5
Action.c(285):     9.216 59.216 59.216 0.538 0 1.075-0.007 1.609-0.021l-0.079 0.002c13.636-0.323 26.14-4.917 
Action.c(285):     36.29-12.49l-0.167 0.119c2.309 0 3.134 11.546 7.753 11.546s12.206-5.278 29.196-9.897c5.278
Action.c(285):     -1.649 8.412-1.649 8.412-7.753 0.011-0.103 0.017-0.223 0.017-0.344 0-1.803-1.377-3.284-3.1
Action.c(285):     37-3.449l-0.014-0.001zM2195.299 930.309c0 18.309-1.485 26.062-20.619 26.062-0.654 0.034-1.
Action.c(285):     42 0.053-2.19 0.053-24.779 0-44.866-20.087-44.866-44.866 0-1.529 0.076-3.040 0.226-4.53l-0
Action.c(285):     .015 0.188c0-34.474 18.309-56.907 41.402-56.907s26.062 13.196 26.062 40.082v39.918z",\n
Action.c(285):             "M2087.093 903.423c0 36.986-29.983 66.969-66.969 66.969s-66.969-29.983-66.969-66.9
Action.c(285):     69c0-36.986 29.983-66.969 66.969-66.969v0c36.986 0 66.969 29.983 66.969 66.969v0z",\n
Action.c(285):             "M2255.34 807.258c-8.472-0-15.34-6.868-15.34-15.34s6.868-15.34 15.34-15.34c8.472 0
Action.c(285):      15.34 6.868 15.34 15.34v0c0 8.472-6.868 15.34-15.34 15.34v0zM2255.34 778.887c-7.197 0-13.
Action.c(285):     031 5.834-13.031 13.031s5.834 13.031 13.031 13.031c7.197 0 13.031-5.834 13.031-13.031v0c-0
Action.c(285):     .179-7.124-5.907-12.852-13.014-13.031l-0.017-0zM2259.134 801.155l-4.619-6.928h-2.969v6.928
Action.c(285):     h-2.309v-17.649h6.763c0.049-0.002 0.107-0.003 0.165-0.003 2.915 0 5.278 2.363 5.278 5.278 
Action.c(285):     0 0.001-0 0.002-0 0.003l0-0c-0.038 2.716-2.001 4.962-4.584 5.438l-0.034 0.005 4.619 6.928z
Action.c(285):     M2256.825 784.66h-4.619v7.093h4.619c1.695-0.085 3.049-1.439 3.134-3.126l0-0.008c0.003-0.05
Action.c(285):     4 0.005-0.117 0.005-0.18 0-1.799-1.371-3.277-3.125-3.448l-0.014-0.001z"\n
Action.c(285):           ],\n
Action.c(285):           "attrs": [\n
Action.c(285):             {\n
Action.c(285):               "fill": "rgb(99, 102, 106)"\n
Action.c(285):             },\n
Action.c(285):             {\n
Action.c(285):               "fill": "rgb(99, 102, 106)"\n
Action.c(285):             },\n
Action.c(285):             {\n
Action.c(285):               "fill": "rgb(99, 102, 106)"\n
Action.c(285):             },\n
Action.c(285):             {\n
Action.c(285):               "fill": "rgb(99, 102, 106)"\n
Action.c(285):             },\n
Action.c(285):             {\n
Action.c(285):               "fill": "rgb(99, 102, 106)"\n
Action.c(285):             },\n
Action.c(285):             {\n
Action.c(285):               "fill": "rgb(99, 102, 106)"\n
Action.c(285):             },\n
Action.c(285):             {\n
Action.c(285):               "fill": "rgb(99, 102, 106)"\n
Action.c(285):             },\n
Action.c(285):             {\n
Action.c(285):               "fill": "rgb(99, 102, 106)"\n
Action.c(285):             },\n
Action.c(285):             {\n
Action.c(285):               "fill": "rgb(99, 102, 106)"\n
Action.c(285):             },\n
Action.c(285):             {\n
Action.c(285):               "fill": "rgb(255, 255, 254)"\n
Action.c(285):             },\n
Action.c(285):             {\n
Action.c(285):               "fill": "rgb(255, 255, 254)"\n
Action.c(285):             },\n
Action.c(285):             {\n
Action.c(285):               "fill": "rgb(255, 255, 254)"\n
Action.c(285):             },\n
Action.c(285):             {\n
Action.c(285):               "fill": "rgb(26, 25, 25)"\n
Action.c(285):             },\n
Action.c(285):             {\n
Action.c(285):               "fill": "rgb(26, 25, 25)"\n
Action.c(285):             },\n
Action.c(285):             {\n
Action.c(285):               "fill": "rgb(26, 25, 25)"\n
Action.c(285):             },\n
Action.c(285):             {\n
Action.c(285):               "fill": "rgb(215, 35, 49)"\n
Action.c(285):             },\n
Action.c(285):             {\n
Action.c(285):               "fill": "rgb(215, 35, 49)"\n
Action.c(285):             },\n
Action.c(285):             {\n
Action.c(285):               "fill": "rgb(215, 35, 49)"\n
Action.c(285):             },\n
Action.c(285):             {\n
Action.c(285):               "fill": "rgb(215, 35, 49)"\n
Action.c(285):             },\n
Action.c(285):             {\n
Action.c(285):               "fill": "rgb(51, 51, 51)"\n
Action.c(285):             },\n
Action.c(285):             {\n
Action.c(285):               "fill": "rgb(51, 51, 51)"\n
Action.c(285):             },\n
Action.c(285):             {\n
Action.c(285):               "fill": "rgb(54, 54, 54)"\n
Action.c(285):             },\n
Action.c(285):             {\n
Action.c(285):               "fill": "rgb(51, 51, 51)"\n
Action.c(285):             },\n
Action.c(285):             {\n
Action.c(285):               "fill": "rgb(51, 51, 51)"\n
Action.c(285):             },\n
Action.c(285):             {\n
Action.c(285):               "fill": "rgb(94, 160, 0)"\n
Action.c(285):             },\n
Action.c(285):             {\n
Action.c(285):               "fill": "rgb(51, 51, 51)"\n
Action.c(285):             }\n
Action.c(285):           ],\n
Action.c(285):           "width": 2670,\n
Action.c(285):           "isMulticolor": true,\n
Action.c(285):           "grid": 32,\n
Action.c(285):           "tags": [\n
Action.c(285):             "giant-carlisle-powered-by-peapod"\n
Action.c(285):           ]\n
Action.c(285):         },\n
Action.c(285):         {\n
Action.c(285):           "paths": [\n
Action.c(285):             "M315.548 861.911h26.047c0 1.569 0 3.138 0 4.707s0 3.138 0 4.864c2.938-3.645 6.676
Action.c(285):     -6.527 10.955-8.401l0.186-0.072c4.284-1.906 9.282-3.015 14.539-3.015 11.643 0 22.014 5.442
Action.c(285):      28.71 13.922l0.059 0.077c3.13 4.119 5.644 8.917 7.284 14.102l0.091 0.333c1.494 5.043 2.35
Action.c(285):     4 10.836 2.354 16.831 0 0.041-0 0.081-0 0.122l0-0.006c0.007 0.32 0.011 0.697 0.011 1.074 0
Action.c(285):      7.264-1.505 14.176-4.219 20.442l0.128-0.333c-2.241 5.787-5.433 10.744-9.43 14.923l0.016-0
Action.c(285):     .017c-4.129 3.719-9.041 6.66-14.451 8.54l-0.299 0.090c-4.905 1.755-10.564 2.787-16.459 2.8
Action.c(285):     24l-0.017 0c-0.338 0.010-0.736 0.016-1.135 0.016-3.328 0-6.561-0.406-9.653-1.172l0.275 0.0
Action.c(285):     58-7.532-2.197v38.914h-27.459zM342.536 926.872c3.952 2.217 8.673 3.522 13.699 3.522 0.701 
Action.c(285):     0 1.396-0.025 2.085-0.075l-0.092 0.005c0.259 0.012 0.563 0.019 0.868 0.019 5.877 0 11.16-2
Action.c(285):     .544 14.807-6.591l0.016-0.018c3.544-4.505 5.684-10.26 5.684-16.514 0-0.483-0.013-0.963-0.0
Action.c(285):     38-1.44l0.003 0.067c-0.003-3.005-0.346-5.928-0.992-8.735l0.051 0.262c-0.697-2.748-1.832-5.
Action.c(285):     159-3.34-7.285l0.045 0.067c-1.455-2.103-3.351-3.799-5.564-4.98l-0.084-0.041c-2.297-1.193-5
Action.c(285):     .014-1.893-7.896-1.893-0.203 0-0.405 0.003-0.607 0.010l0.029-0.001c-0.048-0-0.104-0.001-0.
Action.c(285):     16-0.001-2.846 0-5.543 0.637-7.956 1.775l0.114-0.048c-2.309 1.106-4.247 2.642-5.782 4.521l
Action.c(285):     -0.024 0.030c-1.534 1.82-2.761 3.959-3.567 6.293l-0.042 0.14c-0.773 2.196-1.231 4.728-1.25
Action.c(285):     5 7.363l-0 0.011z",\n
Action.c(285):             "M418.952 905.846c0.027-6.609 1.291-12.915 3.574-18.709l-0.122 0.35c2.334-6.076 5.
Action.c(285):     631-11.288 9.755-15.72l-0.027 0.029c4.331-4.317 9.564-7.734 15.39-9.942l0.301-0.1c5.279-2.
Action.c(285):     023 11.386-3.195 17.766-3.195 7.546 0 14.709 1.639 21.153 4.58l-0.319-0.13c5.815 2.426 10.
Action.c(285):     772 5.822 14.899 10.035l0.007 0.008c4.098 4.403 7.394 9.616 9.617 15.363l0.112 0.328c2.161
Action.c(285):      5.444 3.425 11.75 3.452 18.348l0 0.011c0 0.018 0 0.040 0 0.062 0 6.584-1.267 12.873-3.572
Action.c(285):      18.635l0.119-0.338c-2.31 6.083-5.61 11.299-9.752 15.717l0.024-0.026c-8.536 8.627-20.377 1
Action.c(285):     3.969-33.466 13.969-0.205 0-0.41-0.001-0.615-0.004l0.031 0c-0.184 0.003-0.401 0.004-0.619 
Action.c(285):     0.004-6.745 0-13.166-1.386-18.995-3.89l0.313 0.12c-6.103-2.449-11.319-5.903-15.698-10.206l
Action.c(285):     0.007 0.007c-4.119-4.392-7.419-9.608-9.62-15.368l-0.108-0.323c-2.288-5.539-3.617-11.97-3.6
Action.c(285):     17-18.712 0-0.317 0.003-0.633 0.009-0.949l-0.001 0.047zM466.025 929.697c3.253-0.009 6.328-
Action.c(285):     0.761 9.068-2.094l-0.124 0.054c2.67-1.33 4.916-3.125 6.72-5.301l0.027-0.034c1.674-2.204 3.
Action.c(285):     056-4.75 4.020-7.494l0.060-0.195c0.782-2.608 1.233-5.606 1.233-8.709s-0.45-6.1-1.289-8.931
Action.c(285):     l0.056 0.222c-0.984-2.886-2.37-5.385-4.119-7.583l0.039 0.051c-1.831-2.21-4.078-4.005-6.629
Action.c(285):     -5.282l-0.118-0.053c-2.616-1.279-5.691-2.031-8.941-2.040l-0.003-0c-3.36 0.009-6.542 0.76-9
Action.c(285):     .394 2.097l0.136-0.057c-2.641 1.286-4.846 3.089-6.559 5.294l-0.031 0.041c-1.71 2.147-3.095
Action.c(285):      4.646-4.027 7.356l-0.052 0.175c-0.893 2.599-1.409 5.594-1.409 8.709s0.516 6.11 1.467 8.90
Action.c(285):     3l-0.057-0.194c1.023 2.938 2.406 5.485 4.13 7.758l-0.050-0.069c1.745 2.246 3.95 4.049 6.48
Action.c(285):     2 5.287l0.108 0.048c2.735 1.29 5.94 2.044 9.321 2.044 0.143 0 0.286-0.001 0.428-0.004l-0.0
Action.c(285):     21 0z",\n
Action.c(285):             "M517.806 861.911h28.244l15.691 56.645 17.103-56.645h21.654l17.26 56.645 15.691-56
Action.c(285):     .645h27.302l-30.441 88.184h-24.792l-16.476-49.27-15.691 49.27h-24.164z",\n
Action.c(285):             "M752.074 940.523l-4.55 3.138c-2.258 1.555-4.837 2.974-7.557 4.128l-0.289 0.109c-3
Action.c(285):     .223 1.464-7 2.709-10.929 3.543l-0.369 0.066c-4.401 1.102-9.454 1.735-14.654 1.735-0.365 0
Action.c(285):     -0.729-0.003-1.092-0.009l0.055 0.001c-0.173 0.002-0.376 0.003-0.58 0.003-7.121 0-13.933-1.
Action.c(285):     325-20.202-3.742l0.384 0.13c-11.263-4.083-20.028-12.693-24.227-23.574l-0.094-0.277c-2.090-
Action.c(285):     5.534-3.3-11.931-3.3-18.61 0-0.242 0.002-0.485 0.005-0.726l-0 0.037c0.010-6.365 1.159-12.4
Action.c(285):     58 3.256-18.091l-0.117 0.36c1.991-6.070 5.047-11.303 8.983-15.736l-0.040 0.045c3.777-4.141
Action.c(285):      8.31-7.52 13.39-9.931l0.261-0.111c5.542-2.48 12.012-3.925 18.819-3.925 0.169 0 0.338 0.00
Action.c(285):     1 0.507 0.003l-0.026-0c0.243-0.005 0.53-0.007 0.817-0.007 6.517 0 12.709 1.389 18.297 3.88
Action.c(285):     7l-0.285-0.114c5.392 2.598 9.938 6.14 13.603 10.455l0.048 0.058c3.631 4.428 6.478 9.659 8.
Action.c(285):     231 15.369l0.085 0.322c1.794 5.917 2.827 12.717 2.827 19.758 0 0.225-0.001 0.45-0.003 0.67
Action.c(285):     4l0-0.034v4.55h-62.921c0.214 5.067 2.6 9.537 6.246 12.529l0.030 0.024c4.173 3.355 9.536 5.
Action.c(285):     385 15.373 5.385 0.554 0 1.103-0.018 1.647-0.054l-0.074 0.004c0.413 0.015 0.899 0.024 1.38
Action.c(285):     7 0.024 5.674 0 11.076-1.163 15.981-3.263l-0.265 0.101c3.665-1.59 6.811-3.375 9.738-5.447l
Action.c(285):     -0.167 0.112zM728.38 896.745c-0.066-2.1-0.463-4.086-1.141-5.938l0.042 0.132c-0.82-2.077-1.
Action.c(285):     99-3.852-3.454-5.337l0.002 0.002c-3.247-3.491-7.867-5.667-12.995-5.667-0.286 0-0.571 0.007
Action.c(285):     -0.854 0.020l0.040-0.002c-0.173-0.006-0.377-0.009-0.581-0.009-2.741 0-5.346 0.581-7.699 1.
Action.c(285):     626l0.121-0.048c-4.284 1.858-7.647 5.17-9.525 9.3l-0.047 0.115c-0.749 1.709-1.206 3.698-1.
Action.c(285):     255 5.787l-0 0.018z",\n
Action.c(285):             "M768.863 861.911h26.047l0.941 10.984c2.641-3.334 5.694-6.187 9.117-8.539l0.14-0.0
Action.c(285):     91c4.092-2.579 9.070-4.11 14.406-4.11 0.452 0 0.901 0.011 1.348 0.033l-0.063-0.002h6.12c1.
Action.c(285):     906 0.342 3.592 0.832 5.199 1.475l-0.178-0.063-4.394 23.85c-2.588-0.809-5.563-1.275-8.648-
Action.c(285):     1.275-0.38 0-0.758 0.007-1.135 0.021l0.054-0.002c-0.339-0.019-0.735-0.030-1.134-0.030-5.62
Action.c(285):     3 0-10.741 2.159-14.572 5.692l0.015-0.013c-3.699 3.922-5.972 9.224-5.972 15.057 0 0.223 0.
Action.c(285):     003 0.445 0.010 0.667l-0.001-0.032v43.621h-27.302z",\n
Action.c(285):             "M925.774 940.523l-4.55 3.138c-2.258 1.555-4.837 2.974-7.557 4.128l-0.289 0.109c-3
Action.c(285):     .223 1.464-7 2.709-10.929 3.543l-0.369 0.066c-4.401 1.102-9.454 1.735-14.654 1.735-0.365 0
Action.c(285):     -0.729-0.003-1.092-0.009l0.055 0.001c-0.173 0.002-0.376 0.003-0.58 0.003-7.121 0-13.933-1.
Action.c(285):     325-20.202-3.742l0.384 0.13c-11.455-3.968-20.4-12.606-24.697-23.575l-0.095-0.275c-2.090-5.
Action.c(285):     534-3.3-11.931-3.3-18.61 0-0.242 0.002-0.485 0.005-0.726l-0 0.037c0.010-6.365 1.159-12.458
Action.c(285):      3.256-18.091l-0.117 0.36c1.991-6.070 5.047-11.303 8.983-15.736l-0.040 0.045c3.936-4.258 8
Action.c(285):     .684-7.699 14.007-10.090l0.272-0.109c5.542-2.48 12.012-3.925 18.819-3.925 0.169 0 0.338 0.
Action.c(285):     001 0.507 0.003l-0.026-0c0.243-0.005 0.53-0.007 0.817-0.007 6.517 0 12.709 1.389 18.297 3.
Action.c(285):     887l-0.285-0.114c5.392 2.598 9.938 6.14 13.60
Action.c(285): t=47213ms: 12288-byte DECODED response body for "https://stage.peapod.com/shop/images/icons/PeapodIcons.json" (RelFrameId=1, Internal ID=25)
Action.c(285):     3 10.455l0.048 0.058c3.631 4.428 6.478 9.659 8.231 15.369l0.085 0.322c1.794 5.917 2.827 12
Action.c(285):     .717 2.827 19.758 0 0.225-0.001 0.45-0.003 0.674l0-0.034v4.55h-62.764c0.214 5.067 2.6 9.53
Action.c(285):     7 6.246 12.529l0.030 0.024c4.173 3.355 9.536 5.385 15.373 5.385 0.554 0 1.103-0.018 1.647-
Action.c(285):     0.054l-0.074 0.004c0.413 0.015 0.899 0.024 1.387 0.024 5.674 0 11.076-1.163 15.981-3.263l-
Action.c(285):     0.265 0.101c3.665-1.59 6.811-3.375 9.738-5.447l-0.167 0.112zM902.080 896.745c-0.066-2.1-0.
Action.c(285):     463-4.086-1.141-5.938l0.042 0.132c-0.82-2.077-1.99-3.852-3.454-5.337l0.002 0.002c-3.247-3.
Action.c(285):     491-7.867-5.667-12.995-5.667-0.286 0-0.571 0.007-0.854 0.020l0.040-0.002c-0.173-0.006-0.37
Action.c(285):     7-0.009-0.581-0.009-2.741 0-5.346 0.581-7.699 1.626l0.121-0.048c-4.284 1.858-7.647 5.17-9.
Action.c(285):     525 9.3l-0.047 0.115c-0.749 1.709-1.206 3.698-1.255 5.787l-0 0.018z",\n
Action.c(285):             "M1002.66 941.465c-6.132 7.035-15.109 11.456-25.118 11.456-0.106 0-0.212-0-0.317-0
Action.c(285):     .001l0.016 0c-0.196 0.004-0.428 0.006-0.66 0.006-5.438 0-10.605-1.157-15.269-3.239l0.238 0
Action.c(285):     .095c-4.815-2.241-8.888-5.31-12.205-9.062l-0.034-0.039c-3.346-4.239-6.020-9.195-7.753-14.5
Action.c(285):     73l-0.093-0.333c-1.891-5.466-2.984-11.766-2.984-18.321 0-0.179 0.001-0.357 0.002-0.536l-0 
Action.c(285):     0.027c-0.008-0.324-0.012-0.705-0.012-1.088 0-7.167 1.565-13.968 4.372-20.081l-0.123 0.3c2.
Action.c(285):     693-5.81 6.398-10.72 10.935-14.707l0.049-0.042c4.417-3.79 9.642-6.787 15.365-8.693l0.326-0
Action.c(285):     .094c4.661-1.72 10.044-2.749 15.658-2.824l0.033-0c1.507-0.187 3.252-0.293 5.021-0.293s3.51
Action.c(285):     4 0.107 5.228 0.313l-0.206-0.020 7.375 2.197v-37.345h26.832v125.529h-25.106zM1002.66 886.2
Action.c(285):     32c-1.763-1.043-3.809-1.856-5.983-2.329l-0.137-0.025c-1.247-0.133-2.694-0.208-4.158-0.208s
Action.c(285):     -2.911 0.076-4.336 0.223l0.178-0.015c-0.221-0.009-0.48-0.014-0.74-0.014-5.977 0-11.33 2.67
Action.c(285):     4-14.928 6.891l-0.023 0.027c-3.633 4.557-5.83 10.399-5.83 16.754 0 0.399 0.009 0.796 0.026
Action.c(285):      1.191l-0.002-0.056c-0.011 0.278-0.017 0.604-0.017 0.931 0 5.537 1.77 10.661 4.776 14.836l
Action.c(285):     -0.052-0.075c3.074 3.773 7.72 6.163 12.924 6.163 0.422 0 0.84-0.016 1.253-0.047l-0.055 0.0
Action.c(285):     03c0.073 0.001 0.16 0.002 0.247 0.002 2.763 0 5.377-0.638 7.703-1.774l-0.104 0.046c2.224-0
Action.c(285):     .94 4.075-2.388 5.468-4.205l0.023-0.032c1.432-1.709 2.516-3.76 3.114-6.010l0.025-0.11c0.59
Action.c(285):     8-2.194 0.942-4.713 0.942-7.313 0-0.022-0-0.043-0-0.065l0 0.003z",\n
Action.c(285):             "M1082.685 824.566h27.146v43.935c2.824-2.807 6.297-4.964 10.174-6.225l0.182-0.051c
Action.c(285):     3.739-1.392 8.060-2.198 12.568-2.198 0.105 0 0.21 0 0.315 0.001l-0.016-0c0.617-0.035 1.339
Action.c(285):     -0.055 2.065-0.055 5.43 0 10.599 1.117 15.29 3.133l-0.252-0.096c4.841 2.435 8.915 5.707 12
Action.c(285):     .189 9.666l0.050 0.063c3.276 4.004 5.895 8.699 7.599 13.812l0.090 0.31c1.693 5.105 2.67 10
Action.c(285):     .982 2.67 17.087 0 7.111-1.325 13.912-3.741 20.17l0.13-0.383c-2.216 6.159-5.647 11.409-10.
Action.c(285):     033 15.683l-0.009 0.009c-4.357 4.274-9.581 7.683-15.381 9.936l-0.31 0.106c-6.25 2.29-13.46
Action.c(285):     6 3.614-20.991 3.614-0.288 0-0.576-0.002-0.863-0.006l0.043 0c-0.070 0-0.153 0-0.235 0-7.47
Action.c(285):     4 0-14.761-0.8-21.779-2.32l0.675 0.122c-6.857-1.129-12.78-2.548-18.539-4.338l0.965 0.258zM
Action.c(285):     1109.83 928.755c1.442 0.605 3.129 1.096 4.882 1.393l0.139 0.019c1.151 0.097 2.491 0.152 3.
Action.c(285):     844 0.152s2.693-0.055 4.018-0.164l-0.174 0.011c0.329 0.019 0.714 0.030 1.101 0.030 6.19 0 
Action.c(285):     11.742-2.736 15.51-7.066l0.021-0.025c3.907-4.65 6.28-10.701 6.28-17.307 0-0.149-0.001-0.29
Action.c(285):     8-0.004-0.446l0 0.022c-0.051-2.921-0.449-5.725-1.153-8.405l0.055 0.246c-0.643-2.686-1.726-
Action.c(285):     5.047-3.183-7.128l0.044 0.067c-1.373-2.074-3.162-3.764-5.26-4.981l-0.075-0.040c-2.118-1.28
Action.c(285):     9-4.679-2.052-7.418-2.052-0.206 0-0.41 0.004-0.614 0.013l0.029-0.001c-0.393-0.033-0.851-0.
Action.c(285):     051-1.312-0.051-4.713 0-8.972 1.942-12.022 5.069l-0.003 0.004c-2.755 3.273-4.428 7.535-4.4
Action.c(285):     28 12.188 0 0.404 0.013 0.806 0.038 1.204l-0.003-0.055z",\n
Action.c(285):             "M1189.541 964.060c1.412 1.112 3.009 2.106 4.711 2.916l0.153 0.065c1.737 0.889 3.7
Action.c(285):     89 1.41 5.962 1.412l0.001 0c0.107 0.004 0.232 0.007 0.357 0.007 2.677 0 5.102-1.081 6.861-
Action.c(285):     2.831l-0 0c2.454-2.564 4.381-5.653 5.594-9.080l0.055-0.178 2.667-7.218-40.326-87.242h31.38
Action.c(285):     2l21.968 55.703 19.928-55.703h28.401l-36.246 87.713-5.806 14.593c-2.074 4.977-4.494 9.263-
Action.c(285):     7.349 13.214l0.131-0.19c-2.798 3.748-6.244 6.843-10.195 9.17l-0.161 0.088c-4.244 2.284-9.2
Action.c(285):     88 3.626-14.644 3.626-0.368 0-0.735-0.006-1.1-0.019l0.053 0.001c-0.135 0.002-0.295 0.002-0
Action.c(285):     .455 0.002-4.485 0-8.809-0.689-12.872-1.968l0.303 0.082c-4.074-1.362-7.611-3.226-10.774-5.
Action.c(285):     565l0.104 0.074z",\n
Action.c(285):             "M1396.506 807.62c-13.965 0-24.792 0.785-31.382 0.785h-5.963c-14.593 0-22.595-0.78
Action.c(285):     5-24.007-0.785-4.394 0-5.963 1.412-5.963 3.609s5.178 2.981 13.181 4.394 7.375 3.766 7.375 
Action.c(285):     11.768v114.074c0 12.553 0 15.691-9.572 17.574-6.59 0-12.396 0-12.396 3.766s2.197 4.394 6.5
Action.c(285):     9 4.394 13.808-1.569 28.558-1.569 25.576 1.569 29.97 1.569 6.59-1.569 6.59-4.394-5.963-2.9
Action.c(285):     81-11.768-4.394c-9.572-2.197-9.572-5.963-9.572-17.574v-38.129c0-3.766 0.785-5.178 2.981-5.
Action.c(285):     178 5.801 2.451 12.545 3.875 19.623 3.875 3.382 0 6.688-0.325 9.888-0.946l-0.325 0.053c23.
Action.c(285):     133-3.602 40.67-23.248 40.953-47.044l0-0.030c0-29.97-18.986-45.975-54.762-45.975zM1394.31 
Action.c(285):     892.352c-9.572 0-15.691-2.824-15.691-9.415v-55.546c0-9.572 2.197-12.396 14.75-12.396 15.69
Action.c(285):     1 0 28.401 15.691 28.401 37.972s-10.984 39.385-26.989 39.385z",\n
Action.c(285):             "M1484.063 901.923h67.158c7.375 0 10.984 0 10.984-5.806-0.948-25.25-21.646-45.361-
Action.c(285):     47.042-45.361-0.397 0-0.793 0.005-1.188 0.015l0.059-0.001c-1.102-0.075-2.388-0.118-3.684-0
Action.c(285):     .118-31.891 0-57.743 25.853-57.743 57.743 0 1.035 0.027 2.063 0.081 3.085l-0.006-0.143c-0.
Action.c(285):     196 1.756-0.309 3.793-0.309 5.855 0 30.764 24.939 55.703 55.703 55.703 0.826 0 1.648-0.018
Action.c(285):      2.465-0.054l-0.116 0.004c0.747 0.033 1.623 0.052 2.503 0.052 15.63 0 29.863-5.983 40.534-
Action.c(285):     15.783l-0.043 0.039c5.963-5.178 8.159-8.787 8.159-11.768s0-2.981-2.981-2.981c-9.38 8.775-2
Action.c(285):     1.892 14.306-35.689 14.747l-0.087 0.002c-23.678-0.749-42.588-20.123-42.588-43.914 0-1.555 
Action.c(285):     0.081-3.090 0.238-4.603l-0.016 0.189v-2.197c0-2.824 0-3.609 3.609-3.609zM1482.65 891.724v-
Action.c(285):     4.394c2.981-13.181 7.375-29.342 31.382-29.342 18.202 0 20.398 13.965 20.398 22.752 0 14.59
Action.c(285):     3-7.218 13.181-26.989 13.181h-20.398c-2.981 0-4.394 0-4.394-2.197z",\n
Action.c(285):             "M1687.262 953.076c0.002-0.048 0.004-0.104 0.004-0.161 0-1.907-1.546-3.452-3.452-3
Action.c(285):     .452-0.057 0-0.113 0.001-0.169 0.004l0.008-0c-3.766 0-7.375 5.806-12.553 5.806s-8.002-5.80
Action.c(285):     6-8.002-16.789v-58.528c0-21.183-5.021-29.185-30.598-29.185-33.736 0-57.116 20.398-57.116 3
Action.c(285):     4.991 0 2.197 2.197 4.394 5.806 4.394 12.553 0 15.691-6.59 21.34-15.691s10.827-16.946 21.8
Action.c(285):     11-16.946 12.553 5.963 12.553 20.555v10.984c0 3.609 0 5.021-3.766 5.806l-8.002 2.981c-31.3
Action.c(285):     82 12.396-49.741 23.38-49.741 45.19 0 12.553 5.806 27.146 21.968 27.146 12.1-1.075 22.91-5
Action.c(285):     .88 31.454-13.241l-0.072 0.061 6.59-4.394h1.569c2.744 9.598 11.029 16.666 21.090 17.567l0.
Action.c(285):     093 0.007c12.57-0.057 23.487-7.077 29.098-17.399l0.087-0.175zM1637.521 932.678c-0.343 11.9
Action.c(285):     6-9.994 21.556-21.943 21.81l-0.024 0c-11.611 0-14.593-9.415-14.593-19.614 1.070-12.655 9.5
Action.c(285):     06-23.094 20.963-27.079l0.22-0.067 10.356-4.394c0.425-0.082 0.913-0.128 1.412-0.128s0.988 
Action.c(285):     0.047 1.461 0.136l-0.049-0.008s1.569 0 1.569 2.824v27.146z",\n
Action.c(285):             "M1768.385 850.77c-0.317-0.008-0.69-0.012-1.064-0.012-13.4 0-25.493 5.599-34.066 1
Action.c(285):     4.586l-0.018 0.019-3.609 2.981s-1.412 1.412-2.197 1.412c-0.723-0.126-1.286-0.689-1.411-1.4
Action.c(285):     02l-0.002-0.010v-12.553c0-3.609 0-5.021-2.981-5.021s-8.787 7.218-21.968 13.808c-8.002 4.39
Action.c(285):     4-14.593 4.394-14.593 8.787s5.178 2.197 8.787 4.394 5.178 4.394 5.178 11.768v114.702c0 6.5
Action.c(285):     9-1.569 8.787-6.59 10.984s-11.768 0-11.768 5.963c0 2.197 1.569 3.609 5.178 3.609s13.181-1.
Action.c(285):     412 26.361-1.412 20.398 1.412 28.401 1.412c4.394 0 6.59-1.412 6.59-3.609 0-5.963-5.806-3.7
Action.c(285):     66-13.808-5.963s-7.375-3.609-7.375-10.984v-36.56h1.412c7.991 3.56 17.305 5.684 27.101 5.80
Action.c(285):     5l0.045 0c0.807 0.038 1.752 0.059 2.703 0.059 34.057 0 61.666-27.609 61.666-61.666 0-0.738
Action.c(285):     -0.013-1.473-0.039-2.205l0.003 0.106c0.116-1.325 0.182-2.868 0.182-4.425 0-29.157-23.119-5
Action.c(285):     2.915-52.025-53.943l-0.094-0.003zM1752.694 964.060c-15.691 0-25.576-8.002-25.576-23.38v-46
Action.c(285):     .289c0-16.789 8.002-24.949 25.576-24.949 24.792 0 41.581 18.359 41.581 47.073 0.133 1.275 
Action.c(285):     0.209 2.755 0.209 4.253 0 23.495-18.71 42.62-42.043 43.289l-0.062 0.001z",\n
Action.c(285):             "M2098.839 949.467c-1.569 0-5.178 5.021-9.572 5.021s-4.394-2.824-4.394-10.199v-130
Action.c(285):     .864c0-6.59 0-12.396 0-16.789s0-5.178-3.766-5.178c-6.161 3.008-13.643 5.989-21.359 8.447l-
Action.c(285):     1.236 0.34c-8.787 2.197-14.593 2.981-14.593 6.59s4.394 2.197 9.415 4.394 5.178 3.766 5.178
Action.c(285):      9.572v29.97c0 2.197-0.785 3.609-2.197 3.609v0l-4.394-1.412c-6.169-1.893-13.26-2.984-20.60
Action.c(285):     6-2.984-0.203 0-0.405 0.001-0.608 0.002l0.031-0c-0.467-0.012-1.017-0.020-1.569-0.020-34.66
Action.c(285):     4 0-62.764 28.101-62.764 62.764 0 0.007 0 0.014 0 0.021l-0-0.001c-0.014 0.473-0.022 1.029-
Action.c(285):     0.022 1.587 0 31.111 25.22 56.331 56.331 56.331 0.504 0 1.007-0.007 1.509-0.020l-0.074 0.0
Action.c(285):     02c12.977-0.262 24.882-4.641 34.517-11.878l-0.153 0.11c2.197 0 2.981 10.984 7.375 10.984s1
Action.c(285):     1.768-5.021 27.773-9.415c5.178-1.569 8.002-1.569 8.002-7.375 0.012-0.104 0.018-0.224 0.018
Action.c(285):     -0.345 0-1.66-1.228-3.034-2.825-3.262l-0.018-0.002zM2060.082 934.875c0 17.417-1.569 24.792
Action.c(285):     -19.771 24.792-0.632 0.033-1.371 0.052-2.115 0.052-23.571 0-42.68-19.108-42.68-42.68 0-1.5
Action.c(285):     66 0.084-3.112 0.249-4.635l-0.017 0.189c0-32.951 17.574-54.134 39.385-54.134s24.949 12.553
Action.c(285):      24.949 38.129v38.757z",\n
Action.c(285):             "M1956.992 909.141c0.004 0.278 0.007 0.606 0.007 0.935 0 35.184-28.522 63.706-63.7
Action.c(285):     06 63.706s-63.706-28.522-63.706-63.706c0-35.184 28.522-63.706 63.706-63.706 0.329 0 0.657 
Action.c(285):     0.002 0.984 0.007l-0.049-0.001c34.452 0.522 62.243 28.312 62.764 62.715l0.001 0.049z",\n
Action.c(285):             "M2117.041 817.819c-8.059 0-14.593-6.533-14.593-14.593s6.533-14.593 14.593-14.593c
Action.c(285):     8.059 0 14.593 6.533 14.593 14.593v0c0 8.059-6.533 14.593-14.593 14.593v0zM2117.041 790.83
Action.c(285):     1c-6.846 0-12.396 5.55-12.396 12.396s5.55 12.396 12.396 12.396c6.846 0 12.396-5.55 12.396-
Action.c(285):     12.396v-0c-0.171-6.776-5.62-12.225-12.38-12.396l-0.016-0zM2120.65 812.013l-4.394-6.59h-2.8
Action.c(285):     24v6.59h-2.197v-16.789h7.061c2.773 0 5.021 2.248 5.021 5.021v0c-0.037 2.583-1.904 4.72-4.3
Action.c(285):     61 5.173l-0.033 0.005 4.394 6.59zM2118.453 796.322h-4.394v6.59h4.237c1.613-0.081 2.9-1.369
Action.c(285):      2.981-2.974l0-0.007c0-0.004 0-0.010 0-0.015 0-1.709-1.302-3.115-2.968-3.279l-0.014-0.001z
Action.c(285):     ",\n
Action.c(285):             "M1232.534 601.596c-59.343 30.771-129.54 48.856-203.952 48.956l-0.032 0c-174.485 0
Action.c(285):     -290.285-110.622-290.285-272.397 0-153.616 116.585-277.732 304.407-277.732 58.048 0.467 11
Action.c(285):     3.541 10.777 165.095 29.337l-3.477-1.093v91.008c-43.85-27.637-96.995-44.395-153.987-45.344
Action.c(285):     l-0.257-0.003c-120.978 0-209.319 83.163-209.319 202.729 0 112.819 77.2 203.984 198.335 203
Action.c(285):     .984 1.73 0.053 3.765 0.083 5.808 0.083 35.091 0 68.113-8.861 96.949-24.467l-1.079 0.534 2
Action.c(285):     .197-120.194h-134.629l43.935-72.022h184.527z",\n
Action.c(285):             "M1387.876 637.842h-86.929v-367.171h86.929zM1390.857 147.81c0.048 0.791 0.075 1.71
Action.c(285):     7 0.075 2.649 0 25.998-21.075 47.073-47.073 47.073s-47.073-21.075-47.073-47.073c0-25.53 20
Action.c(285):     .324-46.313 45.675-47.053l0.068-0.002h1.412c0.721-0.041 1.564-0.065 2.412-0.065 23.893 0 4
Action.c(285):     3.409 18.738 44.656 42.32l0.005 0.111v2.197z",\n
Action.c(285):             "M1525.487 533.497c-0-0.054-0-0.118-0-0.182 0-27.189 18.74-50.001 44.009-56.223l0.
Action.c(285):     397-0.083c14.852-4.13 31.906-6.503 49.515-6.503 3.281 0 6.542 0.082 9.782 0.245l-0.455-0.0
Action.c(285):     18c7.375 0 15.691 0.785 23.694 1.569v96.5c-18.998 9.731-41.285 15.918-64.892 17.088l-0.383
Action.c(285):      0.015c-46.132 0-61.666-26.675-61.666-52.722zM1743.122 637.842c-4.55-15.691-5.963-21.497-5
Action.c(285):     .963-95.402v-148.124c0-31.382 0-68.256-31.382-98.854s-78.455-34.050-104.66-34.050c-32.341 
Action.c(285):     0.909-63.221 5.205-92.897 12.551l2.988-0.626-45.347 77.2c32.196-14.922 69.711-24.344 109.2
Action.c(285):     3-26.027l0.607-0.021c66.059 0 77.2 34.991 77.2 90.694-13.706-2-29.529-3.141-45.619-3.141-0
Action.c(285):     .511 0-1.023 0.001-1.533 0.003l0.079-0c-1.334-0.026-2.907-0.041-4.483-0.041-33.165 0-64.79
Action.c(285):     2 6.587-93.643 18.525l1.627-0.596c-42.48 16.566-72.031 57.157-72.031 104.649 0 0.5 0.003 1
Action.c(285):      0.010 1.498l-0.001-0.076c-0.042 1.097-0.066 2.385-0.066 3.678 0 31.126 13.773 59.035 35.5
Action.c(285):     58 77.965l0.126 0.107c23.29 18.276 53.021 29.309 85.329 29.309 3.102 0 6.181-0.102 9.233-0
Action.c(285):     .302l-0.415 0.022c32.672-1.246 63.517-7.353 92.391-17.618l-2.167 0.672c0 2.667 1.098 5.492
Action.c(285):      1.883 8.002z",\n
Action.c(285):             "M2331.224 641.765c-13.1 3.389-28.138 5.335-43.631 5.335-0.107 0-0.214-0-0.32-0l0.
Action.c(285):     017 0c-1.842 0.129-3.993 0.202-6.16 0.202-26.428 0-50.313-10.889-67.412-28.426l-0.019-0.02
Action.c(285):     0c-22.909-25.263-21.968-51.467-21.497-83.947l1.569-201.16h-47.073v-62.764h48.956v-69.041l8
Action.c(285):     6.144-26.832v95.559h82.378v62.764h-84.261l-1.569 160.363c0 40.012 0 55.703 8.944 69.041 9.
Action.c(285):     769 12.359 24.76 20.218 41.587 20.218 1.323 0 2.635-0.049 3.
Action.c(285): t=47236ms: 9370-byte DECODED response body for "https://stage.peapod.com/shop/images/icons/PeapodIcons.json" (RelFrameId=1, Internal ID=25)
Action.c(285):     934-0.144l-0.174 0.010c17.771-0.768 34.492-4.27 50.078-10.096l-1.122 0.368z",\n
Action.c(285):             "M2084.717 292.639c-23.222-19.036-53.229-30.574-85.93-30.574-2.117 0-4.223 0.048-6
Action.c(285):     .317 0.144l0.297-0.011c-26.48 0.716-51.632 5.37-75.225 13.396l1.79-0.529c-8.787 3.138-20.2
Action.c(285):     41 8.316-30.127 13.024v-16.476h-88.184v366.701h88.184v-286.362c18.785-14.015 42.456-22.439
Action.c(285):      68.095-22.439 0.112 0 0.223 0 0.335 0l-0.017-0c1.209-0.068 2.623-0.106 4.047-0.106 17.675
Action.c(285):      0 33.963 5.94 46.976 15.932l-0.183-0.135c24.478 20.869 24.478 49.741 25.106 107.641v185.4
Action.c(285):     69h86.929v-244.624c-0.785-32.010-2.197-69.668-35.776-101.051z",\n
Action.c(285):             "M2410.778 300.013h4.55c2.824 0 5.021 0 5.021-3.452s-2.824-3.295-5.178-3.295h-4.39
Action.c(285):     4zM2405.6 289.344h9.728c6.59 0 10.199 2.040 10.199 7.218 0.020 0.19 0.032 0.411 0.032 0.63
Action.c(285):     4 0 3.367-2.652 6.115-5.981 6.27l-0.014 0.001 6.904 11.298h-5.335l-6.276-10.984h-3.295v11.
Action.c(285):     298h-5.021zM2414.857 320.726c0.231 0.010 0.501 0.016 0.773 0.016 10.052 0 18.202-8.149 18.
Action.c(285):     202-18.202s-8.149-18.202-18.202-18.202c-9.826 0-17.833 7.786-18.189 17.525l-0.001 0.032c-0
Action.c(285):     .012 0.237-0.018 0.516-0.018 0.795 0 9.405 7.454 17.069 16.777 17.406l0.031 0.001zM2414.23
Action.c(285):      278.987c10.888 0.263 19.614 9.152 19.614 20.079 0 11.092-8.992 20.085-20.085 20.085s-20.0
Action.c(285):     85-8.992-20.085-20.085c0-10.927 8.726-19.816 19.589-20.079l0.024-0h0.941z",\n
Action.c(285):             "M585.905 421.776h-163.344l194.726-194.726c5.881-6.088 9.505-14.389 9.505-23.537s-
Action.c(285):     3.624-17.449-9.515-23.546l0.009 0.010c-3.238-3.256-7.166-5.821-11.546-7.459l-0.222-0.073h-
Action.c(285):     1.569c-15.713-5.566-33.835-8.782-52.708-8.782-44.775 0-85.322 18.102-114.721 47.387l0.005-
Action.c(285):     0.005c-2.824 2.667-5.335 5.492-8.002 8.473v-183.899c0-0.002 0-0.004 0-0.006 0-19.451-15.59
Action.c(285):     1-35.26-34.958-35.613l-0.033-0c-5.221 0.036-10.178 1.129-14.68 3.075l0.244-0.094h-2.511c-6
Action.c(285):     8.074 34.305-114.003 103.555-114.231 183.555l-0 0.031c-0 0.142-0.001 0.309-0.001 0.477 0 1
Action.c(285):     0.914 0.913 21.614 2.668 32.029l-0.156-1.124-134.473-134.316c-6.93-6.935-16.505-11.224-27.
Action.c(285):     083-11.224-16.151 0-29.965 10-35.59 24.146l-0.091 0.259v1.569c-9.277 25.867-14.639 55.712-
Action.c(285):     14.639 86.809 0 103.273 59.14 192.734 145.402 236.361l1.513 0.694h-156.911c-0.329-0.009-0.
Action.c(285):     717-0.015-1.105-0.015-22.867 0-41.456 18.321-41.888 41.085l-0.001 0.040c0.001 6.19 1.33 12
Action.c(285):     .070 3.717 17.371l-0.108-0.267v1.255c56.769 115.418 173.516 193.446 308.487 193.446s251.71
Action.c(285):     7-78.028 307.591-191.436l0.895-2.010-0.785 1.726 1.255-2.667c2.371-5.069 3.754-11.006 3.75
Action.c(285):     4-17.266 0-16.823-9.991-31.313-24.363-37.86l-0.26-0.106c-4.225-1.941-9.135-3.232-14.3-3.60
Action.c(285):     1l-0.136-0.008z",\n
Action.c(285):             "M28.872 469.477c-0.808-1.725-1.28-3.745-1.28-5.875 0-5.766 3.455-10.724 8.408-12.
Action.c(285):     918l0.090-0.036c1.709-0.749 3.698-1.206 5.787-1.255l0.018-0h541.185c0.047-0.001 0.102-0.00
Action.c(285):     1 0.157-0.001 7.799 0 14.122 6.323 14.122 14.122 0 0-0 0.001-0 0.001l0-0c0.003 0.101 0.004
Action.c(285):      0.22 0.004 0.34 0 2.043-0.465 3.977-1.294 5.702l0.034-0.079c-52.362 105.891-159.635 177.4
Action.c(285):     3-283.616 177.43s-231.255-71.539-282.792-175.59l-0.824-1.84z",\n
Action.c(285):             "M94.146 106.699c0.548-1.41 1.347-2.613 2.353-3.608l0.001-0.001c1.934-2.161 4.732-
Action.c(285):     3.515 7.846-3.515s5.912 1.354 7.837 3.505l0.009 0.010 286.519 287.931c2.075 1.976 3.366 4.
Action.c(285):     76 3.366 7.846s-1.291 5.869-3.361 7.841l-0.004 0.004c-0.948 1.076-2.167 1.89-3.552 2.338l-
Action.c(285):     0.057 0.016c-22.988 8.171-49.502 12.893-77.119 12.893-130.942 0-237.092-106.15-237.092-237
Action.c(285):     .092 0-28.007 4.856-54.881 13.773-79.823l-0.516 1.656z",\n
Action.c(285):             "M390.551 28.244c0.471-0.112 1.013-0.177 1.569-0.177s1.098 0.064 1.617 0.186l-0.04
Action.c(285):     8-0.009c4.42 0 8.002 3.583 8.002 8.002v0 0 303.152c0 4.42-3.583 8.002-8.002 8.002v0c-0.471
Action.c(285):      0.112-1.013 0.177-1.569 0.177s-1.098-0.064-1.617-0.186l0.048 0.009c-59.647-29.264-99.984-
Action.c(285):     89.553-99.984-159.264s40.337-130.001 98.944-158.803l1.040-0.462z",\n
Action.c(285):             "M596.261 197.551c0.799 0.339 1.478 0.817 2.037 1.409l0.003 0.003c1.1 1.106 1.78 2
Action.c(285):     .631 1.78 4.315s-0.68 3.209-1.781 4.315l0-0-163.501 162.717c-1.081 1.091-2.58 1.767-4.237 
Action.c(285):     1.767s-3.156-0.676-4.236-1.766l-0-0c-0.633-0.534-1.119-1.222-1.402-2.007l-0.010-0.033c-4.6
Action.c(285):     89-13.102-7.399-28.217-7.399-43.965 0-74.18 60.135-134.316 134.316-134.316 15.921 0 31.196
Action.c(285):      2.77 45.367 7.855l-0.937-0.293z"\n
Action.c(285):           ],\n
Action.c(285):           "attrs": [\n
Action.c(285):             {\n
Action.c(285):               "fill": "rgb(99, 102, 106)"\n
Action.c(285):             },\n
Action.c(285):             {\n
Action.c(285):               "fill": "rgb(99, 102, 106)"\n
Action.c(285):             },\n
Action.c(285):             {\n
Action.c(285):               "fill": "rgb(99, 102, 106)"\n
Action.c(285):             },\n
Action.c(285):             {\n
Action.c(285):               "fill": "rgb(99, 102, 106)"\n
Action.c(285):             },\n
Action.c(285):             {\n
Action.c(285):               "fill": "rgb(99, 102, 106)"\n
Action.c(285):             },\n
Action.c(285):             {\n
Action.c(285):               "fill": "rgb(99, 102, 106)"\n
Action.c(285):             },\n
Action.c(285):             {\n
Action.c(285):               "fill": "rgb(99, 102, 106)"\n
Action.c(285):             },\n
Action.c(285):             {\n
Action.c(285):               "fill": "rgb(99, 102, 106)"\n
Action.c(285):             },\n
Action.c(285):             {\n
Action.c(285):               "fill": "rgb(99, 102, 106)"\n
Action.c(285):             },\n
Action.c(285):             {\n
Action.c(285):               "fill": "rgb(51, 51, 51)"\n
Action.c(285):             },\n
Action.c(285):             {\n
Action.c(285):               "fill": "rgb(51, 51, 51)"\n
Action.c(285):             },\n
Action.c(285):             {\n
Action.c(285):               "fill": "rgb(54, 54, 54)"\n
Action.c(285):             },\n
Action.c(285):             {\n
Action.c(285):               "fill": "rgb(51, 51, 51)"\n
Action.c(285):             },\n
Action.c(285):             {\n
Action.c(285):               "fill": "rgb(51, 51, 51)"\n
Action.c(285):             },\n
Action.c(285):             {\n
Action.c(285):               "fill": "rgb(94, 160, 0)"\n
Action.c(285):             },\n
Action.c(285):             {\n
Action.c(285):               "fill": "rgb(51, 51, 51)"\n
Action.c(285):             },\n
Action.c(285):             {\n
Action.c(285):               "fill": "rgb(112, 40, 119)"\n
Action.c(285):             },\n
Action.c(285):             {\n
Action.c(285):               "fill": "rgb(112, 40, 119)"\n
Action.c(285):             },\n
Action.c(285):             {\n
Action.c(285):               "fill": "rgb(112, 40, 119)"\n
Action.c(285):             },\n
Action.c(285):             {\n
Action.c(285):               "fill": "rgb(112, 40, 119)"\n
Action.c(285):             },\n
Action.c(285):             {\n
Action.c(285):               "fill": "rgb(112, 40, 119)"\n
Action.c(285):             },\n
Action.c(285):             {\n
Action.c(285):               "fill": "rgb(112, 40, 119)"\n
Action.c(285):             },\n
Action.c(285):             {\n
Action.c(285):               "fill": "rgb(255, 255, 255)"\n
Action.c(285):             },\n
Action.c(285):             {\n
Action.c(285):               "fill": "rgb(247, 168, 0)"\n
Action.c(285):             },\n
Action.c(285):             {\n
Action.c(285):               "fill": "rgb(226, 35, 26)"\n
Action.c(285):             },\n
Action.c(285):             {\n
Action.c(285):               "fill": "rgb(113, 33, 119)"\n
Action.c(285):             },\n
Action.c(285):             {\n
Action.c(285):               "fill": "rgb(130, 188, 0)"\n
Action.c(285):             }\n
Action.c(285):           ],\n
Action.c(285):           "width": 2437,\n
Action.c(285):           "isMulticolor": true,\n
Action.c(285):           "grid": 32,\n
Action.c(285):           "tags": [\n
Action.c(285):             "giant-landover-powered-by-peapod"\n
Action.c(285):           ]\n
Action.c(285):         },\n
Action.c(285):         {\n
Action.c(285):           "paths": [\n
Action.c(285):             "M770.709 824.115h32.121c0 1.935 0 4.063 0 5.998s0 3.87 0 5.805c3.581-4.487 8.206-
Action.c(285):     7.993 13.515-10.174l0.223-0.081c5.34-2.461 11.588-3.897 18.171-3.897 14.322 0 27.058 6.795
Action.c(285):      35.158 17.337l0.077 0.105c3.86 5.080 6.96 10.996 8.982 17.391l0.112 0.411c1.842 6.202 2.9
Action.c(285):     02 13.327 2.902 20.701 0 0.001-0 0.002-0 0.004l0-0c0.009 0.394 0.014 0.858 0.014 1.323 0 9
Action.c(285):     .024-1.855 17.615-5.205 25.412l0.16-0.419c-3.246 7.562-7.758 13.996-13.33 19.33l-0.021 0.0
Action.c(285):     20c-5.132 4.631-11.262 8.266-18.019 10.537l-0.363 0.106c-5.746 2.081-12.378 3.345-19.288 3
Action.c(285):     .482l-0.062 0.001c-0.447 0.015-0.973 0.023-1.501 0.023-4.069 0-8.021-0.502-11.797-1.449l0.
Action.c(285):     333 0.071-9.288-2.902v47.214h-32.895zM803.991 904.224c4.903 2.846 10.789 4.526 17.068 4.52
Action.c(285):     6 0.803 0 1.6-0.027 2.389-0.082l-0.107 0.006c0.32 0.015 0.696 0.024 1.074 0.024 7.285 0 13
Action.c(285):     .817-3.22 18.252-8.315l0.025-0.029c4.369-5.486 7.010-12.517 7.010-20.165 0-0.598-0.016-1.1
Action.c(285):     92-0.048-1.782l0.004 0.082c-0.003-3.705-0.426-7.31-1.224-10.772l0.063 0.323c-0.819-3.393-2
Action.c(285):     .223-6.372-4.114-8.974l0.050 0.073c-1.75-2.633-4.101-4.735-6.864-6.145l-0.102-0.047c-2.832
Action.c(285):     -1.471-6.184-2.334-9.737-2.334-0.25 0-0.5 0.004-0.748 0.013l0.036-0.001c-0.096-0.001-0.209
Action.c(285):     -0.002-0.323-0.002-3.467 0-6.75 0.786-9.681 2.189l0.135-0.058c-2.853 1.272-5.249 3.11-7.13
Action.c(285):     4 5.386l-0.026 0.032c-1.891 2.245-3.405 4.882-4.399 7.761l-0.052 0.173c-0.937 2.706-1.5 5.
Action.c(285):     827-1.548 9.072l-0 0.023z",\n
Action.c(285):             "M898.225 878.488c-0.004-0.24-0.006-0.522-0.006-0.806 0-7.87 1.566-15.375 4.404-22
Action.c(285):     .219l-0.141 0.385c2.958-7.47 7.013-13.886 12.041-19.399l-0.044 0.049c5.353-5.304 11.802-9.
Action.c(285):     514 18.975-12.258l0.375-0.126c7.028-2.814 15.175-4.447 23.704-4.447s16.675 1.632 24.146 4.
Action.c(285):     602l-0.442-0.155c7.143 3.071 13.242 7.248 18.383 12.384l-0-0c10.079 10.842 16.264 25.424 1
Action.c(285):     6.264 41.45 0 8.066-1.567 15.767-4.413 22.814l0.146-0.409c-2.878 7.492-6.944 13.921-12.030
Action.c(285):      19.386l0.033-0.036c-5.098 5.265-11.208 9.514-18.021 12.439l-0.361 0.138c-7.011 2.934-15.1
Action.c(285):     58 4.638-23.704 4.638s-16.692-1.704-24.12-4.792l0.416 0.153c-7.582-2.861-14.042-7.144-19.3
Action.c(285):     4-12.567l-0.010-0.010c-10.060-10.424-16.259-24.633-16.259-40.29 0-0.257 0.002-0.514 0.005-
Action.c(285):     0.771l-0 0.039zM956.275 907.707c0.243 0.009 0.528 0.014 0.815 0.014 7.52 0 14.212-3.545 18
Action.c(285):     .496-9.056l0.040-0.053c2.262-2.391 4.094-5.217 5.354-8.335l0.064-0.179c1.102-3.235 1.739-6
Action.c(285):     .961 1.739-10.836s-0.636-7.601-1.81-11.080l0.071 0.244c-1.056-3.568-2.713-6.666-4.877-9.33
Action.c(285):     8l0.039 0.050c-2.335-3.155-5.236-5.747-8.572-7.668l-0.135-0.072c-3.124-1.468-6.786-2.325-1
Action.c(285):     0.647-2.325-0.134 0-0.269 0.001-0.403 0.003l0.020-0c-0.118-0.002-0.257-0.003-0.396-0.003-3
Action.c(285):     .989 0-7.778 0.856-11.193 2.394l0.172-0.069c-3.221 1.65-5.928 3.862-8.091 6.532l-0.036 0.0
Action.c(285):     46c-2.108 2.647-3.817 5.729-4.966 9.072l-0.065 0.216c-1.102 3.235-1.739 6.961-1.739 10.836
Action.c(285):     s0.636 7.601 1.81 11.080l-0.071-0.244c1.214 3.559 2.923 6.641 5.079 9.351l-0.048-0.063c2.1
Action.c(285):     45 2.835 4.864 5.121 7.996 6.712l0.131 0.060c3.45 1.702 7.509 2.701 11.801 2.709l0.003 0z"
Action.c(285):     ,\n
Action.c(285):             "M1020.517 824.115h34.443l19.35 69.853 21.091-69.853h26.896l21.285 69.853 19.35-69
Action.c(285):     .853h33.669l-37.539 108.94h-30.766l-20.317-60.759-19.35 60.759h-30.573z",\n
Action.c(285):             "M1309.025 921.252l-5.611 3.676c-2.794 2.086-5.981 3.905-9.382 5.311l-0.293 0.107c
Action.c(285):     -3.768 1.557-8.412 3.082-13.183 4.29l-0.749 0.161c-5.202 1.247-11.175 1.962-17.316 1.962-0
Action.c(285):     .715 0-1.428-0.010-2.139-0.029l0.105 0.002c-0.362 0.007-0.789 0.011-1.216 0.011-8.594 0-16
Action.c(285):     .822-1.565-24.416-4.425l0.477 0.158c-7.529-2.756-13.977-6.839-19.369-12.015l0.019 0.018c-5
Action.c(285):     .162-5.339-9.195-11.803-11.693-18.986l-0.11-0.364c-2.511-6.826-3.964-14.708-3.964-22.93s1.
Action.c(285):     453-16.104 4.1
Action.c(285): t=47270ms: 12280-byte ENCODED response body received for "https://stage.peapod.com/shop/images/icons/PeapodIcons.json" (RelFrameId=1, Internal ID=25)
Action.c(285): t=47270ms: 12288-byte DECODED response body for "https://stage.peapod.com/shop/images/icons/PeapodIcons.json" (RelFrameId=1, Internal ID=25)
Action.c(285):     15-23.405l-0.151 0.475c2.432-7.491 6.204-13.948 11.075-19.402l-0.046 0.052c4.896-5.25 10.7
Action.c(285):     38-9.544 17.264-12.625l0.344-0.146c5.546-1.939 11.94-3.059 18.596-3.059 2.243 0 4.456 0.12
Action.c(285):     7 6.632 0.375l-0.266-0.025c0.3-0.006 0.654-0.009 1.008-0.009 8.036 0 15.672 1.713 22.563 4
Action.c(285):     .793l-0.351-0.14c6.645 3.138 12.251 7.445 16.779 12.706l0.055 0.065c4.434 5.478 7.937 11.9
Action.c(285):     21 10.144 18.939l0.111 0.411c2.214 7.255 3.488 15.595 3.488 24.231 0 0.325-0.002 0.649-0.0
Action.c(285):     05 0.973l0-0.049v5.611h-77.4c0.269 6.188 3.214 11.639 7.7 15.256l0.040 0.031c5.146 4.138 1
Action.c(285):     1.76 6.641 18.958 6.641 0.683 0 1.36-0.023 2.031-0.067l-0.091 0.005c0.628 0.028 1.364 0.04
Action.c(285):     4 2.104 0.044 6.845 0 13.372-1.367 19.32-3.843l-0.333 0.123c4.537-2.115 8.408-4.372 12.049
Action.c(285):     -6.936l-0.245 0.164zM1279.807 867.072c-0.102-2.594-0.59-5.041-1.408-7.331l0.053 0.172c-2.1
Action.c(285):     43-5.155-6.115-9.19-11.087-11.364l-0.136-0.053c-2.811-1.347-6.111-2.133-9.594-2.133-0.165 
Action.c(285):     0-0.329 0.002-0.492 0.005l0.024-0c-0.090-0.001-0.197-0.002-0.304-0.002-3.539 0-6.895 0.785
Action.c(285):     -9.902 2.191l0.144-0.060c-2.892 1.082-5.351 2.732-7.345 4.829l-0.008 0.008c-1.799 1.865-3.
Action.c(285):     292 4.040-4.391 6.434l-0.059 0.145c-0.924 2.108-1.488 4.56-1.548 7.137l-0 0.023z",\n
Action.c(285):             "M1330.31 824.115h32.121l1.161 13.738c3.208-4.16 6.981-7.687 11.245-10.535l0.171-0
Action.c(285):     .108c4.985-3.302 11.104-5.268 17.683-5.268 0.586 0 1.169 0.016 1.748 0.046l-0.081-0.003c1.
Action.c(285):     131-0.106 2.445-0.167 3.773-0.167s2.643 0.061 3.94 0.179l-0.167-0.012c2.288 0.24 4.384 0.7
Action.c(285):     87 6.34 1.603l-0.148-0.055-5.418 29.605c-3.34-1.11-7.185-1.751-11.18-1.751-0.287 0-0.574 0
Action.c(285):     .003-0.86 0.010l0.042-0.001c-0.424-0.025-0.921-0.039-1.42-0.039-6.961 0-13.281 2.743-17.93
Action.c(285):     9 7.207l0.009-0.009c-4.563 4.754-7.372 11.221-7.372 18.344 0 0.354 0.007 0.706 0.021 1.056
Action.c(285):     l-0.002-0.050v53.986h-33.669z",\n
Action.c(285):             "M1522.649 921.252l-5.611 3.676c-2.794 2.086-5.981 3.905-9.382 5.311l-0.293 0.107c
Action.c(285):     -3.768 1.557-8.412 3.082-13.183 4.29l-0.749 0.161c-5.202 1.247-11.175 1.962-17.316 1.962-0
Action.c(285):     .715 0-1.428-0.010-2.139-0.029l0.105 0.002c-0.362 0.007-0.789 0.011-1.216 0.011-8.594 0-16
Action.c(285):     .822-1.565-24.416-4.425l0.477 0.158c-7.529-2.756-13.977-6.839-19.369-12.015l0.019 0.018c-5
Action.c(285):     .162-5.339-9.195-11.803-11.693-18.986l-0.11-0.364c-2.511-6.826-3.964-14.708-3.964-22.93s1.
Action.c(285):     453-16.104 4.115-23.405l-0.151 0.475c2.432-7.491 6.204-13.948 11.075-19.402l-0.046 0.052c4
Action.c(285):     .896-5.25 10.738-9.544 17.264-12.625l0.344-0.146c5.493-1.9 11.824-2.997 18.411-2.997 2.034
Action.c(285):      0 4.044 0.105 6.024 0.309l-0.248-0.021c0.3-0.006 0.654-0.009 1.008-0.009 8.036 0 15.672 1
Action.c(285):     .713 22.563 4.793l-0.351-0.14c6.645 3.138 12.251 7.445 16.779 12.706l0.055 0.065c4.434 5.4
Action.c(285):     78 7.937 11.921 10.144 18.939l0.111 0.411c2.214 7.255 3.488 15.595 3.488 24.231 0 0.325-0.
Action.c(285):     002 0.649-0.005 0.973l0-0.049v5.611h-77.4c0.269 6.188 3.214 11.639 7.7 15.256l0.040 0.031c
Action.c(285):     5.146 4.138 11.76 6.641 18.958 6.641 0.683 0 1.36-0.023 2.031-0.067l-0.091 0.005c0.628 0.0
Action.c(285):     28 1.364 0.044 2.104 0.044 6.845 0 13.372-1.367 19.32-3.843l-0.333 0.123c4.537-2.115 8.408
Action.c(285):     -4.372 12.049-6.936l-0.245 0.164zM1493.43 867.072c-0.102-2.594-0.59-5.041-1.408-7.331l0.05
Action.c(285):     3 0.172c-2.143-5.155-6.115-9.19-11.087-11.364l-0.136-0.053c-2.811-1.347-6.111-2.133-9.594-
Action.c(285):     2.133-0.165 0-0.329 0.002-0.492 0.005l0.024-0c-0.090-0.001-0.197-0.002-0.304-0.002-3.539 0
Action.c(285):     -6.895 0.785-9.902 2.191l0.144-0.060c-2.892 1.082-5.351 2.732-7.345 4.829l-0.008 0.008c-1.
Action.c(285):     799 1.865-3.292 4.040-4.391 6.434l-0.059 0.145c-0.924 2.108-1.488 4.56-1.548 7.137l-0 0.02
Action.c(285):     3z",\n
Action.c(285):             "M1618.044 922.026c-7.432 8.784-18.462 14.323-30.786 14.323-0.197 0-0.394-0.001-0.
Action.c(285):     591-0.004l0.030 0c-0.335 0.009-0.729 0.015-1.124 0.015-6.62 0-12.888-1.504-18.482-4.189l0.
Action.c(285):     257 0.111c-6.014-2.742-11.103-6.53-15.247-11.178l-0.039-0.045c-4.195-5.005-7.604-10.845-9.
Action.c(285):     933-17.205l-0.129-0.403c-2.332-6.846-3.678-14.733-3.678-22.933 0-0.169 0.001-0.337 0.002-0
Action.c(285):     .506l-0 0.026c-0.008-0.368-0.013-0.802-0.013-1.236 0-8.808 1.929-17.165 5.389-24.672l-0.15
Action.c(285):     1 0.366c3.264-7.191 7.843-13.257 13.479-18.133l0.066-0.056c5.11-4.605 11.158-8.286 17.808-
Action.c(285):     10.714l0.38-0.121c5.735-2.214 12.368-3.552 19.297-3.676l0.053-0.001c0.27-0.004 0.589-0.006
Action.c(285):      0.909-0.006 4.054 0 8.025 0.354 11.884 1.033l-0.409-0.060 8.901 2.709v-47.214h34.636v154.
Action.c(285):     8h-31.153zM1618.044 854.107c-2.351-1.253-5.082-2.198-7.967-2.687l-0.16-0.022c-1.538-0.164-
Action.c(285):     3.322-0.257-5.128-0.257s-3.59 0.093-5.348 0.275l0.22-0.018c-0.278-0.012-0.604-0.018-0.932-
Action.c(285):     0.018-7.405 0-14.020 3.382-18.385 8.685l-0.033 0.041c-4.483 5.573-7.195 12.736-7.195 20.53
Action.c(285):     3 0 0.537 0.013 1.071 0.038 1.601l-0.003-0.075c-0.018 0.395-0.029 0.859-0.029 1.324 0 6.77
Action.c(285):     1 2.187 13.032 5.894 18.113l-0.061-0.088c3.79 4.652 9.52 7.6 15.937 7.6 0.52 0 1.035-0.019
Action.c(285):      1.546-0.057l-0.068 0.004c0.208 0.007 0.453 0.011 0.699 0.011 3.254 0 6.34-0.717 9.11-2.00
Action.c(285):     2l-0.134 0.056c2.672-1.299 4.926-3.058 6.749-5.196l0.024-0.029c1.79-2.16 3.131-4.758 3.842
Action.c(285):     -7.607l0.028-0.133c0.187-1.337 0.294-2.881 0.294-4.45s-0.107-3.114-0.313-4.626l0.020 0.176
Action.c(285):     z",\n
Action.c(285):             "M1717.116 778.255h33.475v53.793c3.45-3.461 7.751-6.072 12.562-7.493l0.209-0.053c4
Action.c(285):     .711-1.816 10.161-2.878 15.857-2.902l0.010-0c7.391 0.037 14.374 1.747 20.602 4.768l-0.284-
Action.c(285):     0.124c6.004 2.937 11.041 6.983 15.028 11.914l0.065 0.083c4.040 4.938 7.269 10.728 9.371 17
Action.c(285):     .032l0.111 0.383c2.086 6.218 3.29 13.379 3.29 20.82 0 0.027-0 0.055-0 0.082l0-0.004c0.002 
Action.c(285):     0.175 0.003 0.381 0.003 0.588 0 8.56-1.635 16.737-4.609 24.238l0.156-0.445c-2.759 7.586-6.
Action.c(285):     986 14.055-12.376 19.342l-0.008 0.008c-5.377 5.207-11.82 9.349-18.967 12.063l-0.383 0.128c
Action.c(285):     -7.497 2.831-16.163 4.47-25.212 4.47-0.592 0-1.183-0.007-1.772-0.021l0.087 0.002c-0.351 0.
Action.c(285):     004-0.767 0.006-1.182 0.006-8.896 0-17.578-0.918-25.956-2.664l0.822 0.143c-8.238-1.651-15.
Action.c(285):     246-3.589-22.051-5.961l1.153 0.35zM1750.591 906.546c1.779 0.746 3.859 1.351 6.021 1.718l0.
Action.c(285):     171 0.024c1.42 0.12 3.072 0.188 4.741 0.188s3.321-0.068 4.955-0.202l-0.215 0.014c0.38 0.02
Action.c(285):     0 0.825 0.031 1.273 0.031 7.621 0 14.475-3.288 19.219-8.523l0.020-0.022c4.601-5.779 7.382-
Action.c(285):     13.185 7.382-21.24 0-0.492-0.010-0.982-0.031-1.469l0.002 0.070c-0.062-3.533-0.552-6.925-1.
Action.c(285):     421-10.161l0.067 0.292c-0.793-3.312-2.129-6.224-3.925-8.79l0.055 0.082c-1.712-2.604-3.913-
Action.c(285):     4.743-6.49-6.334l-0.089-0.051c-1.906-0.689-4.105-1.088-6.397-1.088-1.227 0-2.428 0.114-3.5
Action.c(285):     92 0.333l0.12-0.019c-0.538-0.050-1.163-0.078-1.795-0.078-5.723 0-10.905 2.322-14.652 6.076
Action.c(285):     l-0 0c-3.39 4.131-5.446 9.47-5.446 15.29 0 0.407 0.010 0.812 0.030 1.214l-0.002-0.057z",\n
Action.c(285):             "M1848.502 950.277c1.729 1.272 3.692 2.492 5.749 3.559l0.25 0.118c2.167 0.949 4.69
Action.c(285):      1.515 7.341 1.548l0.012 0c0.123 0.004 0.268 0.007 0.413 0.007 3.276 0 6.259-1.252 8.498-3
Action.c(285):     .305l-0.009 0.008c2.933-3.211 5.294-7.003 6.885-11.175l0.081-0.242 3.096-8.901-49.536-107.
Action.c(285):     779h38.7l26.316 68.692 24.574-68.692h35.604l-44.698 108.166c-2.322 6.192-4.837 11.997-7.15
Action.c(285):     9 17.995-2.504 6.133-5.492 11.423-9.048 16.27l0.147-0.21c-3.502 4.636-7.74 8.503-12.575 11
Action.c(285):     .497l-0.196 0.113c-5.146 2.705-11.244 4.292-17.713 4.292-0.576 0-1.148-0.013-1.718-0.037l0
Action.c(285):     .081 0.003c-0.167 0.002-0.364 0.003-0.561 0.003-5.531 0-10.863-0.85-15.874-2.427l0.374 0.1
Action.c(285):     02c-5.020-1.607-9.385-3.844-13.294-6.673l0.136 0.094z",\n
Action.c(285):             "M2103.534 757.164c-17.221 0-30.573 0-38.7 0h-7.353c-17.995 0-27.864 0-29.605 0-5.
Action.c(285):     418 0-7.353 1.935-7.353 4.644s6.385 3.483 16.254 5.418 9.094 4.45 9.094 14.319v140.674c0 1
Action.c(285):     5.286 0 19.35-11.803 21.672-8.127 0-15.286-0.967-15.286 4.45s2.709 5.418 8.127 5.418 17.02
Action.c(285):     8-1.741 35.217-1.741 31.54 1.741 36.958 1.741 8.127-1.741 8.127-5.418-7.353-3.676-14.512-5
Action.c(285):     .418c-11.803-2.709-11.803-7.159-11.803-21.672v-46.827c0-4.45 0-6.385 3.676-6.385 7.082 3.0
Action.c(285):     69 15.329 4.854 23.993 4.854 4.246 0 8.391-0.429 12.395-1.245l-0.397 0.068c28.568-4.365 50
Action.c(285):     .238-28.637 50.503-58.022l0-0.028c0-36.958-23.413-56.889-67.531-56.889zM2100.825 861.847c-
Action.c(285):     11.803 0-19.35-3.676-19.35-11.803v-68.499c0-11.61 2.709-15.286 18.189-15.286 19.35 0 35.02
Action.c(285):     3 19.35 35.023 46.827s-13.545 48.762-33.282 48.762z",\n
Action.c(285):             "M2211.701 873.457h82.818c9.094 0 13.545 0 13.545-7.159-1.169-31.138-26.694-55.938
Action.c(285):     -58.011-55.938-0.49 0-0.978 0.006-1.465 0.018l0.072-0.001c-1.362-0.093-2.951-0.146-4.553-0
Action.c(285):     .146-39.327 0-71.208 31.881-71.208 71.208 0 1.345 0.037 2.68 0.111 4.006l-0.008-0.184c-0.1
Action.c(285):     82 1.878-0.286 4.060-0.286 6.266 0 37.938 30.755 68.692 68.692 68.692 1.122 0 2.237-0.027 
Action.c(285):     3.345-0.080l-0.156 0.006c0.9 0.039 1.955 0.061 3.015 0.061 19.297 0 36.872-7.375 50.059-19
Action.c(285):     .461l-0.055 0.050c7.353-6.385 10.062-10.836 10.062-14.319s0-3.676-3.676-3.676c-11.607 10.7
Action.c(285):     22-27.027 17.467-44.014 17.993l-0.104 0.003c-29.178-0.818-52.519-24.666-52.519-53.966 0-1.
Action.c(285):     915 0.1-3.807 0.294-5.671l-0.020 0.233v-2.709c0-3.676 0-4.644 4.45-4.644zM2209.959 860.88v
Action.c(285):     -5.418c3.676-16.254 9.094-35.991 38.7-35.991 22.446 0 25.155 17.028 25.155 27.864 0 17.995
Action.c(285):     -8.901 16.254-33.282 16.254h-25.155c-3.676 0-5.418-0.967-5.418-2.709z",\n
Action.c(285):             "M2462.283 936.538c0.003-0.059 0.005-0.128 0.005-0.198 0-2.351-1.906-4.257-4.257-4
Action.c(285):     .257-0.070 0-0.139 0.002-0.208 0.005l0.010-0c-4.644 0-9.094 7.159-15.48 7.159s-9.868-7.159
Action.c(285):     -9.868-20.704v-71.982c0-26.122-6.192-36.184-37.732-36.184-41.602 0-70.434 25.348-70.434 43
Action.c(285):     .344 0 2.709 2.709 5.418 7.159 5.418 15.48 0 19.35-8.127 26.316-19.35s13.351-20.704 26.896
Action.c(285):     -20.704 15.48 7.159 15.48 25.155v13.545c0 4.45 0 6.385-4.644 7.159l-9.868 3.676c-39.667 15
Action.c(285):     .286-61.339 28.831-61.339 55.921 0 15.286 7.159 33.282 27.090 33.282 14.915-1.367 28.235-7
Action.c(285):     .284 38.793-16.332l-0.093 0.078 8.127-5.418h1.935c3.383 11.836 13.601 20.552 26.008 21.664
Action.c(285):     l0.114 0.008c0.015 0 0.034 0 0.052 0 15.505 0 28.982-8.684 35.832-21.455l0.106-0.217zM2400
Action.c(285):     .943 911.383c-0.418 14.79-12.3 26.672-27.051 27.089l-0.039 0.001c-14.319 0-17.995-11.803-1
Action.c(285):     7.995-24.381 1.396-15.527 11.777-28.312 25.851-33.2l0.272-0.082 12.771-5.418c1.006-0.561 2
Action.c(285):     .198-0.913 3.467-0.967l0.016-0.001s1.935 0.967 1.935 3.676v33.282z",\n
Action.c(285):             "M2562.322 810.376c-0.391-0.009-0.851-0.015-1.313-0.015-16.525 0-31.438 6.905-42.0
Action.c(285):     09 17.987l-3.505 3.699s-1.741 1.741-2.709 1.741c-0.962 0-1.741-0.78-1.741-1.741h0v-15.286c
Action.c(285):     0-4.45-0.967-6.385-3.676-6.385s-10.836 9.094-27.090 17.221c-9.868 5.418-17.995 5.418-17.99
Action.c(285):     5 10.836s6.385 2.709 10.836 5.418 6.385 5.418 6.385 14.319v140.674c0 8.127-1.935 10.836-8.
Action.c(285):     127 13.545s-14.512 0-14.512 7.159c0 2.709 1.935 4.45 6.385 4.45s16.254-1.741 32.508-1.741 
Action.c(285):     25.155 1.741 35.023 1.741c5.418 0 8.127-1.741 8.127-4.45 0-7.159-7.159-4.45-17.028-7.159s-
Action.c(285):     9.094-4.644-9.094-13.545v-44.118l1.741-0.967c9.855 4.39 21.34 7.010 33.42 7.159l0.055 0.00
Action.c(285):     1c0.986 0.046 2.141 0.072 3.303 0.072 41.999 0 76.045-34.047 76.045-76.045 0-0.502-0.005-1
Action.c(285):     .002-0.015-1.501l0.001 0.075c0.153-1.693 0.24-3.661 0.24-5.65 0-35.962-28.519-65.263-64.17
Action.c(285):     4-66.522l-0.115-0.003zM2542.972 950.083c-19.35 0-31.734-9.868-31.734-28.831v-58.050c0-20.7
Action.c(285):     04 10.062-30.573 31.734-30.573 30.573 0 51.277 22.446 51.277 58.050 0.231 1.863 0.363 4.01
Action.c(285):     8 0.363 6.205 0 28.972-23.153 52.536-51.966 53.198l-0.062 0.001z",\n
Action.c(285):             "M2969.832 932.088c-1.935 0-6.385 6.385-11.803 6.385s-5.418-3.676-5.418-12.577v-16
Action.c(285):     1.379c0-8.127 0-15.286 0-20.704s0-6.385-4.644-6.385c-7.519 3.637-16.744 7.31-26.24 10.382l
Action.c(285):     -1.624 0.454c-10.836 2.709-17.995 3.483-17.995 8.127s5.418 2.709 11.61 5.418 6.385 4.45 6.
Action.c(285):     385 11.61v36.958c0 2.709-0.967 4.644-2.709 4.644v0l-5.418-1.935c-7.761-2.212-16.674-3.483-
Action.c(285):     25.884-3.483-0.084 0-0.168 0-0.252 0l0.013-0c-0.576-0.015-1.255-0.024-1.935-0.024-42.747 0
Action.c(285):     -77.4 34.653-77.4 77.4 0 0.009 0 0.017 0 0.026l-0-0.001c-0.034 0.817-0.054 1.775-0.054 2.7
Action.c(285):     38 0 38.258 31.015 69.273 69.273 69.273 0.699 0 1.397-0.010 2.091-0.031l-0.102 0.002c15.97
Action.c(285):     7-0.304 30.652-5.631 42.577-14.461l-0.2 0.142c2.709 0 3.676 13.545 9.094 13.545s14.512-6.3
Action.c(285):     85 34.249-11.803c6.385-1.741 9.868-1.741 9.868-9.094 0.014-0.128 0.022-0.276 0.022-0.426 0
Action.c(285):     -2.047-1.514-3.741-3.484-4.022l-0.022-0.003zM2921.844 914.092c0 21.672-1.935 30.573-24.381
Action.c(285):      30.573-0.844 0.049-1.831 0.076-2.825 0.076-28.961 0-52.438-23.477-52.438-52.438 0-2.004 0
Action.c(285):     .112-3.981 0.331-5.926l-0.022 0.239c0-40.635 21.672-66.757 48.568-66.757s30.766 15.286 30.
Action.c(285):     766 46.827v47.794z",\n
Action.c(285):             "M2794.909 882.552c0.005 0.345 0.009 0.753 0.009 1.161 0 43.388-35.173 78.561-78.5
Action.c(285):     61 78.561s-78.561-35.173-78.561-78.561c0-43.388 35.173-78.561 78.561-78.561 0.065 0 0.13 0
Action.c(285):      0.195 0l-0.010-0c0.002-0 0.004-0 0.006-0 42.941 0 77.815 34.537 78.361 77.348l0.001 0.052
Action.c(285):     z",\n
Action.c(285):             "M2992.278 769.935c-0.058 0.001-0.125 0.001-0.193 0.001-10.045 0-18.189-8.143-18.1
Action.c(285):     89-18.189s8.143-18.189 18.189-18.189c10.045 0 18.188 8.143 18.189 18.188l0 0c0 0 0 0.001 0
Action.c(285):      0.001 0 9.977-8.034 18.079-17.985 18.188l-0.010 0zM2992.278 736.46c-0.057-0.001-0.125-0.0
Action.c(285):     01-0.192-0.001-8.549 0-15.48 6.9
Action.c(285): t=47293ms: 12288-byte DECODED response body for "https://stage.peapod.com/shop/images/icons/PeapodIcons.json" (RelFrameId=1, Internal ID=25)
Action.c(285):     31-15.48 15.48s6.931 15.48 15.48 15.48c8.549 0 15.48-6.931 15.48-15.48 0-0.068-0-0.135-0.0
Action.c(285):     01-0.203l0 0.010c-0.308-8.316-6.971-14.978-15.258-15.286l-0.029-0.001zM2996.729 762.582l-5
Action.c(285):     .418-8.127h-3.483v8.127h-2.709v-20.704h8.127c0.001-0 0.002-0 0.003-0 3.42 0 6.192 2.772 6.
Action.c(285):     192 6.192 0 0.068-0.001 0.136-0.003 0.203l0-0.010c-0.139 3.105-2.41 5.641-5.378 6.186l-0.0
Action.c(285):     40 0.006 5.418 8.127zM2994.020 743.232h-5.418v7.933h5.418c1.928-0.090 3.481-1.577 3.675-3.
Action.c(285):     467l0.001-0.016c-0.091-2.034-1.663-3.674-3.66-3.869l-0.017-0.001z",\n
Action.c(285):             "M337.463 168.732c0 93.188-75.544 168.732-168.732 168.732s-168.732-75.544-168.732-
Action.c(285):     168.732c0-93.188 75.544-168.732 168.732-168.732s168.732 75.544 168.732 168.732z",\n
Action.c(285):             "M337.463 549.152c0 93.188-75.544 168.732-168.732 168.732s-168.732-75.544-168.732-
Action.c(285):     168.732c0-93.188 75.544-168.732 168.732-168.732s168.732 75.544 168.732 168.732z",\n
Action.c(285):             "M415.831 483.749l54.954-65.79c31.3 26.115 71.751 42.218 115.941 42.955l0.159 0.00
Action.c(285):     2c26.896 0 41.409-9.288 41.409-24.381v0c0-15.286-11.997-22.833-60.759-34.636-76.045-17.802
Action.c(285):     -135.45-38.7-135.45-111.456v0c-0.193-68.499 51.664-116.293 138.159-116.293 2.685-0.116 5.8
Action.c(285):     36-0.181 9.001-0.181 52.236 0 100.286 17.92 138.338 47.949l-0.473-0.36-48.955 68.692c-27.3
Action.c(285):     57-21.058-61.934-33.978-99.502-34.634l-0.151-0.002c-23.607 0-35.41 9.288-35.41 22.833v0c0 
Action.c(285):     16.060 11.803 23.607 62.5 34.636 81.85 17.608 132.354 44.698 132.354 111.262v1.354c0 72.56
Action.c(285):     2-58.050 116.1-144.157 116.1-2.379 0.082-5.176 0.128-7.983 0.128-61.081 0-117.027-21.991-1
Action.c(285):     60.351-58.486l0.376 0.309z",\n
Action.c(285):             "M872.296 266.642h-114.745v-86.881h328.949v86.881h-114.745v270.899h-99.459z",\n
Action.c(285):             "M1108.366 359.329v0c1.040-102.76 84.585-185.662 187.492-185.662 2.113 0 4.217 0.0
Action.c(285):     35 6.313 0.104l-0.305-0.008c2.020-0.079 4.391-0.124 6.773-0.124 101.951 0 184.599 82.648 1
Action.c(285):     84.599 184.599 0 0.044-0 0.087-0 0.131l0-0.007v0.967c-0.928 102.74-84.43 185.669-187.3 185
Action.c(285):     .669-2.18 0-4.351-0.037-6.513-0.111l0.314 0.009c-1.788 0.062-3.889 0.097-5.999 0.097-102.3
Action.c(285):     78 0-185.373-82.994-185.373-185.373 0-0.102 0-0.204 0-0.306l-0 0.016zM1391.069 359.329v0c0
Action.c(285):     .143-1.917 0.225-4.152 0.225-6.406 0-50.441-40.891-91.332-91.332-91.332s-91.332 40.891-91.
Action.c(285):     332 91.332c0 1.913 0.059 3.813 0.175 5.697l-0.013-0.258v0.967c-0.062 1.271-0.098 2.761-0.0
Action.c(285):     98 4.258 0 50.913 41.136 92.218 91.984 92.491l0.026 0c0.005 0 0.012 0 0.018 0 50.014 0 90.
Action.c(285):     558-40.544 90.558-90.558 0-2.179-0.077-4.34-0.228-6.48l0.016 0.288z",\n
Action.c(285):             "M1543.74 179.761h153.445c89.59 0 147.64 46.246 147.64 124.807v0c0 84.366-64.822 1
Action.c(285):     29.064-152.671 129.064h-49.729v102.168h-99.459v-356.039zM1689.639 356.813c34.636 0 56.502-
Action.c(285):     19.35 56.502-47.214v0c0-30.379-21.865-46.44-58.050-46.44h-46.44v94.428z",\n
Action.c(285):             "M2225.246 483.749l54.954-65.79c31.3 26.115 71.751 42.218 115.941 42.955l0.159 0.0
Action.c(285):     02c26.896 0 41.215-9.288 41.215-24.381v0c0-15.286-11.803-22.833-60.565-34.636-76.045-17.80
Action.c(285):     2-135.45-38.7-135.45-111.456v0c0-66.564 52.245-113.971 138.352-113.971 2.685-0.116 5.836-0
Action.c(285):     .181 9.001-0.181 52.236 0 100.286 17.92 138.338 47.949l-0.473-0.36-49.923 67.918c-27.34-20
Action.c(285):     .917-61.836-33.757-99.301-34.441l-0.158-0.002c-23.607 0-35.41 9.288-35.41 22.639v0c0 16.06
Action.c(285):     0 12.577 23.607 62.307 34.443 81.85 17.802 132.547 44.892 132.547 111.456v0c0 72.562-58.05
Action.c(285):     0 116.1-144.351 116.1-1.359 0.026-2.961 0.041-4.566 0.041-61.953 0-118.766-22.007-163.048-
Action.c(285):     58.63l0.43 0.346z",\n
Action.c(285):             "M2591.54 179.761h98.104v133.128h116.1v-133.128h98.685v356.813h-98.685v-135.45h-11
Action.c(285):     6.1v135.45h-98.685z",\n
Action.c(285):             "M2957.642 359.329v0c0.928-102.74 84.43-185.669 187.3-185.669 2.18 0 4.351 0.037 6
Action.c(285):     .513 0.111l-0.314-0.009c2.078-0.084 4.517-0.132 6.967-0.132 101.725 0 184.232 82.282 184.5
Action.c(285):     97 183.921l0 0.035c-0.931 102.844-84.518 185.856-187.494 185.856-2.112 0-4.216-0.035-6.311
Action.c(285):     -0.104l0.305 0.008c-2.136 0.089-4.642 0.139-7.16 0.139-101.757 0-184.264-82.42-184.405-184
Action.c(285):     .144l-0-0.013zM3240.151 359.329v0c0.143-1.917 0.225-4.152 0.225-6.406 0-50.441-40.891-91.3
Action.c(285):     32-91.332-91.332s-91.332 40.891-91.332 91.332c0 1.913 0.059 3.813 0.175 5.697l-0.013-0.258
Action.c(285):     v0.967c-0.057 1.213-0.089 2.635-0.089 4.065 0 51.017 41.217 92.406 92.168 92.685l0.027 0c4
Action.c(285):     9.938-0.1 90.383-40.606 90.383-90.558 0-2.179-0.077-4.34-0.228-6.48l0.016 0.288z",\n
Action.c(285):             "M3392.822 179.761h153.639c89.397 0 147.64 46.246 147.64 124.807v0c0 84.366-65.016
Action.c(285):      129.064-152.671 129.064h-49.923v102.168h-98.685zM3538.721 356.813c34.636 0 56.695-19.35 5
Action.c(285):     6.695-47.214v0c0-30.379-22.059-46.44-58.050-46.44h-46.633v94.428z",\n
Action.c(285):             "M2113.209 536.574l-27.090-27.090c-9.586 10.639-21.249 19.203-34.374 25.088l-0.649
Action.c(285):      0.26c-16.091 7.421-34.914 11.765-54.747 11.803l-0.014 0c-15.32-0.029-30.197-1.862-44.451-
Action.c(285):     5.296l1.3 0.265c-14.77-4.646-27.618-11.234-39.075-19.612l0.375 0.262c-10.576-8.051-19.123-
Action.c(285):     18.206-25.119-29.887l-0.23-0.492c-6.337-11.714-10.062-25.642-10.062-40.441 0-0 0-0 0-0.001
Action.c(285):     l-0 0c0.019-10.612 1.861-20.787 5.228-30.238l-0.197 0.633c3.723-9.161 8.892-17 15.306-23.6
Action.c(285):     27l-0.019 0.020c6.261-7.477 13.464-13.88 21.494-19.123l0.371-0.227c7.084-4.518 15.399-9.03
Action.c(285):     9 24.024-13l1.324-0.545c-9.090-8.843-16.719-19.128-22.528-30.497l-0.305-0.656c-5.343-9.798
Action.c(285):     -8.484-21.459-8.484-33.855 0-1.705 0.059-3.396 0.176-5.071l-0.013 0.226c-0.076-1.215-0.12-
Action.c(285):     2.634-0.12-4.064 0-12.132 3.127-23.533 8.62-33.442l-0.18 0.354c11.847-20.092 31.353-34.595
Action.c(285):      54.405-39.568l0.549-0.099c10.085-2.65 21.664-4.171 33.597-4.171 13.253 0 26.068 1.877 38.
Action.c(285):     194 5.379l-0.97-0.24c11.877 3.558 22.23 8.708 31.475 15.311l-0.321-0.218c9.222 6.818 16.61
Action.c(285):     9 15.578 21.679 25.709l0.187 0.413c5.402 10.925 8.562 23.787 8.562 37.388 0 9.603-1.575 18
Action.c(285):     .837-4.482 27.46l0.177-0.606c-3.14 8.498-7.746 15.78-13.569 21.891l0.024-0.025c-5.668 7.31
Action.c(285):     9-12.031 13.682-19.108 19.17l-0.242 0.18c-6.772 5.031-14.319 9.288-21.091 13.545l32.895 33
Action.c(285):     .669 29.412-42.957h82.818l-66.757 89.397 77.4 75.078zM1987.435 408.284c-8.143 3.717-15.118
Action.c(285):      8.524-21.11 14.337l0.019-0.018c-6.256 6.028-10.141 14.48-10.141 23.838 0 0.804 0.029 1.60
Action.c(285):     1 0.085 2.39l-0.006-0.106c-0.015 0.341-0.023 0.74-0.023 1.142 0 4.826 1.227 9.365 3.386 13
Action.c(285):     .323l-0.073-0.146c2.563 5.061 6.013 9.315 10.185 12.716l0.070 0.055c7.453 6.212 17.113 10.
Action.c(285):     003 27.658 10.062l0.013 0c0.274 0.005 0.596 0.008 0.919 0.008 17.291 0 32.62-8.4 42.129-21
Action.c(285):     .341l0.102-0.145zM2042.389 299.537c0.037-0.525 0.057-1.139 0.057-1.757 0-14.534-11.529-26.
Action.c(285):     376-25.94-26.88l-0.046-0.001h-4.063c-0.175-0.004-0.38-0.006-0.586-0.006-7.978 0-15.213 3.1
Action.c(285):     76-20.512 8.333l0.007-0.006c-4.68 4.572-7.583 10.947-7.583 18 0 0.475 0.013 0.947 0.039 1.
Action.c(285):     415l-0.003-0.065c-0.006 0.237-0.010 0.516-0.010 0.796 0 6.942 2.176 13.377 5.884 18.658l-0
Action.c(285):     .069-0.104c4.637 7.85 10.231 14.553 16.739 20.235l0.096 0.082c9.83-3.869 18.252-9.307 25.3
Action.c(285):     81-16.091l-0.032 0.031c6.349-5.22 10.367-13.076 10.367-21.87 0-0.884-0.041-1.759-0.12-2.62
Action.c(285):     2l0.008 0.111z",\n
Action.c(285):             "M3657.143 492.65h-17.608v-11.029h48.762v11.029h-17.608v44.698h-12.771v-44.698z",\n
Action.c(285):             "M3695.843 481.621h11.803l14.319 26.122 14.319-26.122h11.803l2.515 55.728h-12.577l
Action.c(285):     -1.741-36.184-11.029 21.285h-6.772l-11.803-21.091-1.741 36.184h-11.803z"\n
Action.c(285):           ],\n
Action.c(285):           "attrs": [\n
Action.c(285):             {\n
Action.c(285):               "fill": "rgb(99, 102, 106)"\n
Action.c(285):             },\n
Action.c(285):             {\n
Action.c(285):               "fill": "rgb(99, 102, 106)"\n
Action.c(285):             },\n
Action.c(285):             {\n
Action.c(285):               "fill": "rgb(99, 102, 106)"\n
Action.c(285):             },\n
Action.c(285):             {\n
Action.c(285):               "fill": "rgb(99, 102, 106)"\n
Action.c(285):             },\n
Action.c(285):             {\n
Action.c(285):               "fill": "rgb(99, 102, 106)"\n
Action.c(285):             },\n
Action.c(285):             {\n
Action.c(285):               "fill": "rgb(99, 102, 106)"\n
Action.c(285):             },\n
Action.c(285):             {\n
Action.c(285):               "fill": "rgb(99, 102, 106)"\n
Action.c(285):             },\n
Action.c(285):             {\n
Action.c(285):               "fill": "rgb(99, 102, 106)"\n
Action.c(285):             },\n
Action.c(285):             {\n
Action.c(285):               "fill": "rgb(99, 102, 106)"\n
Action.c(285):             },\n
Action.c(285):             {\n
Action.c(285):               "fill": "rgb(51, 51, 51)"\n
Action.c(285):             },\n
Action.c(285):             {\n
Action.c(285):               "fill": "rgb(51, 51, 51)"\n
Action.c(285):             },\n
Action.c(285):             {\n
Action.c(285):               "fill": "rgb(54, 54, 54)"\n
Action.c(285):             },\n
Action.c(285):             {\n
Action.c(285):               "fill": "rgb(51, 51, 51)"\n
Action.c(285):             },\n
Action.c(285):             {\n
Action.c(285):               "fill": "rgb(51, 51, 51)"\n
Action.c(285):             },\n
Action.c(285):             {\n
Action.c(285):               "fill": "rgb(94, 160, 0)"\n
Action.c(285):             },\n
Action.c(285):             {\n
Action.c(285):               "fill": "rgb(51, 51, 51)"\n
Action.c(285):             },\n
Action.c(285):             {\n
Action.c(285):               "fill": "rgb(224, 0, 77)"\n
Action.c(285):             },\n
Action.c(285):             {\n
Action.c(285):               "fill": "rgb(139, 196, 0)"\n
Action.c(285):             },\n
Action.c(285):             {\n
Action.c(285):               "fill": "rgb(99, 102, 106)"\n
Action.c(285):             },\n
Action.c(285):             {\n
Action.c(285):               "fill": "rgb(99, 102, 106)"\n
Action.c(285):             },\n
Action.c(285):             {\n
Action.c(285):               "fill": "rgb(99, 102, 106)"\n
Action.c(285):             },\n
Action.c(285):             {\n
Action.c(285):               "fill": "rgb(99, 102, 106)"\n
Action.c(285):             },\n
Action.c(285):             {\n
Action.c(285):               "fill": "rgb(99, 102, 106)"\n
Action.c(285):             },\n
Action.c(285):             {\n
Action.c(285):               "fill": "rgb(99, 102, 106)"\n
Action.c(285):             },\n
Action.c(285):             {\n
Action.c(285):               "fill": "rgb(99, 102, 106)"\n
Action.c(285):             },\n
Action.c(285):             {\n
Action.c(285):               "fill": "rgb(99, 102, 106)"\n
Action.c(285):             },\n
Action.c(285):             {\n
Action.c(285):               "fill": "rgb(99, 102, 106)"\n
Action.c(285):             },\n
Action.c(285):             {\n
Action.c(285):               "fill": "rgb(99, 102, 106)"\n
Action.c(285):             },\n
Action.c(285):             {\n
Action.c(285):               "fill": "rgb(99, 102, 106)"\n
Action.c(285):             }\n
Action.c(285):           ],\n
Action.c(285):           "width": 3751,\n
Action.c(285):           "isMulticolor": true,\n
Action.c(285):           "grid": 32,\n
Action.c(285):           "tags": [\n
Action.c(285):             "stop-and-shop-powered-by-peapod"\n
Action.c(285):           ]\n
Action.c(285):         },\n
Action.c(285):         {\n
Action.c(285):           "paths": [\n
Action.c(285):             "M68.267 324.267v392.533h34.133v-392.533h-34.133zM921.6 324.267v392.533h34.133v-39
Action.c(285):     2.533h-34.133zM580.267 324.267v392.533h51.2v-392.533h-51.2zM256 324.267h17.067v392.533h-17
Action.c(285):     .067v-392.533zM392.533 324.267h17.067v392.533h-17.067v-392.533zM785.067 324.267h17.067v392
Action.c(285):     .533h-17.067v-392.533zM580.267 324.267h17.067v392.533h-17.067v-392.533z"\n
Action.c(285):           ],\n
Action.c(285):           "attrs": [\n
Action.c(285):             {\n
Action.c(285):               "fill": "none",\n
Action.c(285):               "strokeLinejoin": "round",\n
Action.c(285):               "strokeLinecap": "round",\n
Action.c(285):               "strokeMiterlimit": "4",\n
Action.c(285):               "strokeWidth": 34.13333333333333\n
Action.c(285):             }\n
Action.c(285):           ],\n
Action.c(285):           "grid": 32,\n
Action.c(285):           "tags": [\n
Action.c(285):             "barcode-icon"\n
Action.c(285):           ]\n
Action.c(285):         },\n
Action.c(285):         {\n
Action.c(285):           "paths": [\n
Action.c(285):             "M253.897 985.763h661.126v-367.462h-661.126zM253.897 307.812h661.126v-267.662h-661
Action.c(285):     .126zM186.217 618.3h796.105M255.809 786.163h-132.684c-0.114 0.001-0.249 0.001-0.383 0.001-
Action.c(285):     46.671 0-84.505-37.834-84.505-84.505 0-0.135 0-0.269 0.001-0.404l-0 0.021v-305.9c0-46.882 
Action.c(285):     38.005-84.887 84.887-84.887v0h922.288c46.882 0 84.887 38.005 84.887 84.887v0 305.9c0.001 0
Action.c(285):     .114 0.001 0.249 0.001 0.383 0 46.671-37.834 84.505-84.505 84.505-0.135 0-0.269-0-0.404-0.
Action.c(285):     001l0.021 0h-130.39"\n
Action.c(285):           ],\n
Action.c(285):           "attrs": [\n
Action.c(285):             {\n
Action.c(285):               "fill": "none",\n
Action.c(285):               "strokeLinejoin": "miter",\n
Action.c(285):               "strokeLinecap": "square",\n
Action.c(285):               "strokeMiterlimit": "10",\n
Action.c(285):               "strokeWidth": 76.47498132935026\n
Action.c(285):             }\n
Action.c(285):           ],\n
Action.c(285):           "width": 1169,\n
Action.c(285):           "grid": 32,\n
Action.c(285):           "tags": [\n
Action.c(285):             "Print"\n
Action.c(285):           ]\n
Action.c(285):         },\n
Action.c(285):         {\n
Action.c(285):           "paths": [\n
Action.c(285):             "M144.291 437.527l172.218 162.909c9.309 9.309 13.964 27.927 9.309 41.891l-41.891 2
Action.c(285):     32.727 209.455-111.709c13.964-9.309 27.927-9.309 41.891 0l209.455 111.709-41.891-232.727c-
Action.c(285):     4.655-13.964 0-27.927 13.964-41.891l172.218-162.909-232.727-32.582c-13.964 0-27.927-9.309-
Action.c(285):     32.582-23.273l-111.709-209.455-102.4 209.455c-4.655 13.964-18.618 23.273-32.582 27.927l-23
Action.c(285):     2.727 27.927zM800.582 1000.727c-9.309 0-13.964 0-23.273-4.655l-265.309-144.291-269.964 144
Action.c(285):     .291c-13.964 9.309-32.582 4.655-46.545-4.655s-18.618-27.927-18.618-41.891l55.855-302.545-2
Action.c(285):     18.764-209.455c-13.964-9.309-18.618-27.927-13.964-46.545 4.655-13.964 18.618-27.927 37.236
Action.c(285):     -32.582l302.545-41.891 130.327-269.964c9.309-13.964 23.273-23.273 41.891-23.273s32.582 9.3
Action.c(285):     09 41.891 23.273l130.327 274.618 302.545 41.891c18.618 0 32.582 13.964 37.236 32.582 4.655
Action.c(285):      13.964 0 32.582-9.309 46.545l-223.418 204.8 55.855 297.891c4.655 18.618-4.655 32.582-18.6
Action.c(285):     18 41.891-9.309 9.309-18.618 13.964-27.927 13.964v0z"\n
Action.c(285):           ],\n
Action.c(285):           "attrs": [\n
Action.c(285):             {\n
Action.c(285):               "fill": "rgb(189, 189, 189)"\n
Action.c(285):             }\n
Action.c(285):           ],\n
Action.c(285):           "grid": 32,\n
Action.c(285):           "tags": [\n
Action.c(285):             "icon_rewards"\n
Action.c(285):           ]\n
Action.c(285):         },\n
Action.c(285):         {\n
Action.c(285):           "paths": [\n
Action.c(285):             "M784.461 342.847l-362.146 361.011-160.071-161.206",\n
Action.c(285):             "M512 34.058c263.379 0 477.942 214.563 477.942 477.942s-214.563 477.942-477.942 47
Action.c(285):     7.942-477.942-214.563-477.942-477.942 214.563-477.942 477.942-477.942zM512 11.353c-277.002
Action.c(285):      0-500.647 223.645-500.647 500.647s223.645 500.647 500.647 500.647 500.647-223.645 500.647
Action.c(285):     -500.647-224.78-500.647-500.647-500.647v0z"\n
Action.c(285):           ],\n
Action.c(285):           "attrs": [\n
Action.c(285):             {\n
Action.c(285):               "fill": "none",\n
Action.c(285):               "stroke": "rgb(0, 0, 0)",\n
Action.c(285):               "strokeLinejoin": "round",\n
Action.c(285):               "strokeLinecap": "round",\n
Action.c(285):               "strokeMiterlimit": "4",\n
Action.c(285):               "strokeWidth": 22.705099778270508\n
Action.c(285):             },\n
Action.c(285):             {}\n
Action.c(285):           ],\n
Action.c(285):           "isMulticolor2": true,\n
Action.c(285):           "grid": 32,\n
Action.c(285):           "tags": [\n
Action.c(285):             "Coupon Fulfilled (3)"\n
Action.c(285):           ]\n
Action.c(285):         },\n
Action.c(285):         {\n
Action.c(285):           "paths": [\n
Action.c(285):             "M1024 511.988c0-282.758-229.232-511.988-512-511.988s-512 229.23-512 511.988c0 2
Action.c(285): t=47334ms: 11833-byte DECODED response body for "https://stage.peapod.com/shop/images/icons/PeapodIcons.json" (RelFrameId=1, Internal ID=25)
Action.c(285):     82.778 229.228 512.012 512 512.012s512-229.234 512-512.012zM938.667 511.988c0 235.651-191.
Action.c(285):     023 426.679-426.667 426.679s-426.667-191.028-426.667-426.679c0-235.63 191.027-426.654 426.
Action.c(285):     667-426.654s426.667 191.025 426.667 426.654zM469.338 725.168c0 23.564 19.103 42.666 42.667
Action.c(285):      42.666s42.666-19.103 42.666-42.667l-0.004-234.5c-0-23.564-19.103-42.666-42.667-42.666s-42
Action.c(285):     .666 19.103-42.666 42.667l0.004 234.5zM469.338 338.164c0 25.314 19.103 45.836 42.667 45.83
Action.c(285):     6s42.667-20.521 42.667-45.836v-36.329c0-25.314-19.103-45.836-42.667-45.836s-42.667 20.521-
Action.c(285):     42.667 45.836v36.329z"\n
Action.c(285):           ],\n
Action.c(285):           "grid": 32,\n
Action.c(285):           "tags": [\n
Action.c(285):             "Information"\n
Action.c(285):           ]\n
Action.c(285):         },\n
Action.c(285):         {\n
Action.c(285):           "paths": [\n
Action.c(285):             "M784.722 342.507l-361.813 361.813-160.919-160.919",\n
Action.c(285):             "M1012.757 512.057c0 276.529-224.171 500.7-500.7 500.7s-500.7-224.171-500.7-500.7c
Action.c(285):     0-276.529 224.171-500.7 500.7-500.7s500.7 224.171 500.7 500.7z"\n
Action.c(285):           ],\n
Action.c(285):           "attrs": [\n
Action.c(285):             {\n
Action.c(285):               "fill": "none",\n
Action.c(285):               "strokeLinejoin": "round",\n
Action.c(285):               "strokeLinecap": "round",\n
Action.c(285):               "strokeMiterlimit": "4",\n
Action.c(285):               "strokeWidth": 22.712653876011977\n
Action.c(285):             },\n
Action.c(285):             {\n
Action.c(285):               "fill": "none",\n
Action.c(285):               "strokeLinejoin": "round",\n
Action.c(285):               "strokeLinecap": "round",\n
Action.c(285):               "strokeMiterlimit": "4",\n
Action.c(285):               "strokeWidth": 22.712653876011977\n
Action.c(285):             }\n
Action.c(285):           ],\n
Action.c(285):           "grid": 32,\n
Action.c(285):           "tags": [\n
Action.c(285):             "Coupon Fulfilled (1)"\n
Action.c(285):           ]\n
Action.c(285):         },\n
Action.c(285):         {\n
Action.c(285):           "paths": [\n
Action.c(285):             "M503.338 967.625c-90.684-0.744-177.774-4.25-264.409-15.031-68.949-8.581-137.322-2
Action.c(285):     0.427-202.619-46.063-26.919-10.57-27.716-13.009-25.235-42.49 5.227-62.146 22.653-120.263 5
Action.c(285):     3.607-173.983 21.469-37.258 50.385-67.769 88.401-86.136 57.769-27.914 117.025-52.597 175.5
Action.c(285):     63-78.856 6.014-2.697 8.349 0.352 11.466 4.633 32.98 45.29 75.195 76.285 130.077 87.273 43
Action.c(285):     .529 8.715 83.779-1.163 121.604-23.428 27.254-16.043 50.122-37.31 68.418-63.473 4.228-6.04
Action.c(285):     3 7.803-7.014 14.314-4.172 47.237 20.605 94.513 41.122 141.967 61.199 77.327 32.717 125.01
Action.c(285):     0 92.571 151.597 172.196 12.748 38.174 20.972 77.196 22.532 117.568 0.615 15.84-1.787 19.4
Action.c(285):     84-15.743 25.458-49.923 21.362-102.349 33.197-155.459 41.99-105.818 17.523-212.562 22.229-
Action.c(285):     316.082 23.315z",\n
Action.c(285):             "M522.186 0.631c56.894 2.034 109.892 14.249 153.114 54.028 40.265 37.061 58.294 84
Action.c(285):     .66 60.776 138.759 1.121 24.417 0.457 48.915 0.831 73.374 0.050 3.298 0.343 8.224 2.372 9.
Action.c(285):     606 17.756 12.091 18.745 30.989 19.45 49.423 2.074 54.046-19.411 98.934-53.734 138.71-4.34
Action.c(285):     7 5.037-7.981 11.3-10.096 17.631-19.094 57.15-51.467 103.316-105.724 130.992-61.785 31.515
Action.c(285):     -125.083 17.367-176.079-27.841-31.678-28.080-52.096-63.646-65.040-103.991-1.834-5.712-5.06
Action.c(285):     3-11.418-8.996-15.914-33.568-38.361-55.223-81.739-54.66-134.162 0.217-20.149 0.101-41.010 
Action.c(285):     19.266-54.812 1.663-1.195 1.437-5.752 1.324-8.717-1.332-34.633-1.404-69.132 8.020-102.922 
Action.c(285):     5.226-18.749 12.776-35.981 26.928-49.874 3.112-3.059 4.883-8.302 5.731-12.835 6.229-33.375
Action.c(285):      24.932-56.777 54.524-71.866 38.546-19.657 79.644-28.277 121.996-29.588z"\n
Action.c(285):           ],\n
Action.c(285):           "width": 978,\n
Action.c(285):           "grid": 32,\n
Action.c(285):           "tags": [\n
Action.c(285):             "person"\n
Action.c(285):           ]\n
Action.c(285):         },\n
Action.c(285):         {\n
Action.c(285):           "paths": [\n
Action.c(285):             "M1196.16 986.24h-1196.16v-128h1196.16zM1196.16 556.8h-1196.16v-128h1196.16zM1196.
Action.c(285):     16 127.36h-1196.16v-127.36h1196.16z"\n
Action.c(285):           ],\n
Action.c(285):           "width": 1216,\n
Action.c(285):           "grid": 32,\n
Action.c(285):           "tags": [\n
Action.c(285):             "menu"\n
Action.c(285):           ]\n
Action.c(285):         },\n
Action.c(285):         {\n
Action.c(285):           "paths": [\n
Action.c(285):             "M307.198 679.93c-18.432 0-24.576 12.308-24.576 28.672v69.652h-180.224v-411.668c0-
Action.c(285):     73.728 45.056-100.352 94.208-100.352h262.144v159.744h-161.792v94.208h161.792v159.744h-151.
Action.c(285):     552z",\n
Action.c(285):             "M919.548 776.19h-186.368v-67.584c0-16.384-6.144-28.672-24.576-28.672h-149.504v-15
Action.c(285):     9.744h161.792v-94.208h-161.792v-159.744h247.808c49.152 0 96.256 28.672 96.256 104.448v120.
Action.c(285):     832c0 34.816-14.336 59.392-43.008 73.728 28.672 14.336 51.2 45.056 51.2 77.824l8.192 133.1
Action.c(285):     2z"\n
Action.c(285):           ],\n
Action.c(285):           "attrs": [\n
Action.c(285):             {\n
Action.c(285):               "fill": "rgb(85, 86, 90)"\n
Action.c(285):             },\n
Action.c(285):             {\n
Action.c(285):               "fill": "rgb(226, 35, 26)"\n
Action.c(285):             }\n
Action.c(285):           ],\n
Action.c(285):           "isMulticolor": true,\n
Action.c(285):           "grid": 32,\n
Action.c(285):           "tags": [\n
Action.c(285):             "fuel-rewards"\n
Action.c(285):           ]\n
Action.c(285):         },\n
Action.c(285):         {\n
Action.c(285):           "paths": [\n
Action.c(285):             "M919.808 132.431c-7.366-3.446-15.715-3.446-22.59 1.969l-96.253 71.385c-11.786 8.8
Action.c(285):     62-34.376 4.431-34.376 4.431l-489.124-73.846c-117.37-17.231-149.782 84.677-149.782 84.677l
Action.c(285):     -122.281 577.969c-20.626 107.815 87.905 124.062 87.905 124.062l669.353 99.938c0 0 108.039 
Action.c(285):     16.246 120.317-93.046l43.216-496.738c2.947-19.2 20.626-30.523 20.626-30.523l96.253-71.385c
Action.c(285):     6.875-4.923 9.822-13.292 8.349-21.169l-131.612-177.723zM687.032 311.631c-47.144 68.923-130
Action.c(285):     .629 108.8-218.534 96-87.905-13.292-156.166-75.815-181.212-155.569-0.491-1.477-0.491-2.954
Action.c(285):     -0.491-4.431 0.982-5.415 5.893-9.354 11.786-8.369 0 0 0 0 0.491 0l381.085 56.615c0 0-0.491
Action.c(285):      0 0 0 5.402 0.985 9.331 5.908 8.84 11.815-0.491 1.477-1.473 2.954-1.964 3.938z",\n
Action.c(285):             "M1235.578 87.138l-54.511-73.846c-7.366-9.846-20.626-11.815-30.447-4.431l-186.122 
Action.c(285):     138.338 80.047 108.8 186.122-138.338c9.822-6.892 12.277-20.677 4.911-30.523z",\n
Action.c(285):             "M333.071 699.733c-5.438 34.621-21.751 98.499-121.609 83.87-49.929-7.314-95.409-25
Action.c(285):     .356-94.914-82.895l70.197 10.24c0.494 9.752 2.966 15.604 9.393 19.992 5.932 3.901 14.336 6
Action.c(285):     .827 24.717 8.29 33.615 4.876 40.042-17.554 43.997-43.886l2.966-19.992h-0.989c-15.819 17.5
Action.c(285):     54-39.053 25.844-61.299 22.43-64.759-9.752-87.005-59.49-78.106-118.491 8.404-56.076 48.94-
Action.c(285):     98.499 109.745-89.234 25.706 3.901 43.008 17.554 52.401 40.96h0.989l3.955-26.331 67.231 9.
Action.c(285):     752-28.672 185.295zM245.572 545.158c-30.649-4.389-44.985 20.968-48.94 46.811-3.955 24.869 
Action.c(285):     3.955 51.2 33.121 55.589 29.661 4.389 45.974-16.579 49.929-42.91 3.955-26.819-2.966-54.613
Action.c(285):     -34.11-59.49z",\n
Action.c(285):             "M393.381 585.63c5.438-27.307 21.257-43.398 42.019-51.688 20.762-7.802 45.974-8.29
Action.c(285):      70.197-4.389 50.423 7.314 97.88 25.844 88.982 85.333l-13.842 92.16c-2.472 18.042-5.438 37
Action.c(285):     .547 0 55.101l-70.691-10.24c-1.483-6.827-1.483-13.653-0.989-20.48-20.762 16.091-48.94 19.5
Action.c(285):     05-74.152 15.604-40.536-5.851-69.703-31.208-63.276-74.606 10.381-68.754 85.522-52.175 135.
Action.c(285):     45-54.613 12.359-0.488 19.279-3.901 21.257-16.579 2.472-15.604-15.819-24.869-30.649-26.819
Action.c(285):     -19.279-2.926-33.121 3.901-39.053 21.455l-65.254-10.24zM467.533 708.023c33.615 4.876 47.45
Action.c(285):     7-12.19 52.401-55.589-10.876 4.389-29.166 3.413-44.985 4.876-16.313 1.463-30.155 5.851-33.
Action.c(285):     121 22.43-2.472 17.067 9.887 26.331 25.706 28.282z",\n
Action.c(285):             "M683.067 706.56c-1.483 10.728 1.977 19.017 7.91 25.356 5.932 5.851 14.83 9.752 24
Action.c(285):     .717 11.215 13.347 1.95 33.615-0.975 36.087-17.554 2.472-16.091-18.785-22.918-30.649-27.30
Action.c(285):     7-42.514-17.554-97.386-26.819-88.982-83.87 7.91-50.712 65.254-56.564 107.273-50.225 46.963
Action.c(285):      6.827 93.926 27.307 87.993 82.895l-64.759-9.752c1.483-8.777-0.989-15.116-6.426-19.505s-12
Action.c(285):     .853-7.314-21.257-8.777c-11.37-1.463-30.155-3.413-32.627 11.215-2.966 19.992 43.502 30.72 
Action.c(285):     74.646 41.935 42.019 15.116 48.446 47.299 45.974 64.853-8.404 56.564-65.748 67.291-113.699
Action.c(285):      59.977-50.423-7.314-99.858-31.695-92.937-91.185l66.737 10.728z",\n
Action.c(285):             "M318.493 785.067l24.060 3.464-1.964 11.877h0.491c3.928-8.907 11.293-12.372 18.659
Action.c(285):     -11.382l3.928 0.495-3.437 23.258c-1.964-0.99-3.928-0.99-6.383-1.485-8.838-1.485-14.24 1.48
Action.c(285):     5-15.713 11.382l-5.892 41.073-25.042-3.959 11.293-74.724z",\n
Action.c(285):             "M386.254 838.017l-1.473 9.897c-0.982 7.918 1.964 10.887 5.401 11.382 4.419 0.495 
Action.c(285):     7.365-1.485 8.838-11.877l22.587 3.464c-1.473 8.907-4.91 15.836-10.311 19.794s-12.766 5.443
Action.c(285):     -23.569 3.959c-24.060-3.464-29.952-15.836-26.024-44.537 4.419-28.702 15.222-38.104 37.808-
Action.c(285):     34.64 19.641 2.969 28.479 13.361 24.551 40.579l-0.982 7.423-36.826-5.443zM402.458 823.171c
Action.c(285):     0.982-7.918 0-11.877-5.401-12.866-4.91-0.99-7.365 2.474-8.347 10.392l-0.491 3.464 13.749 1
Action.c(285):     .979 0.491-2.969z",\n
Action.c(285):             "M433.392 802.387l24.060 3.464-1.964 54.93h0.491l15.222-52.95 26.515 3.959-0.982 5
Action.c(285):     5.424h0.491l14.24-53.445 24.060 3.464-26.515 73.239-27.988-4.454 0.491-54.435h-0.491l-15.7
Action.c(285):     13 51.96-27.988-4.454z",\n
Action.c(285):             "M567.931 899.874c-0.491-2.969-0.491-5.443-0.491-8.907h-0.491c-3.928 6.433-10.802 
Action.c(285):     8.907-18.168 7.918-14.731-2.474-19.15-12.372-17.677-25.238 1.964-13.856 7.856-19.794 24.55
Action.c(285):     1-21.279l10.311-0.99c5.401-0.495 7.856-2.474 8.347-6.928s-0.982-7.423-5.401-7.918c-4.91-0.
Action.c(285):     495-7.365 0.99-8.347 8.907l-21.605-3.464c3.437-21.774 21.114-22.764 32.407-20.784 17.186 2
Action.c(285):     .474 28.97 8.907 26.024 28.702l-5.401 36.62c-0.982 6.928-1.473 12.372 0 16.825l-24.060-3.4
Action.c(285):     64zM570.386 872.162l1.473-8.907h-0.491c-1.473 1.979-4.91 0.99-8.838 2.474s-5.892 3.959-6.3
Action.c(285):     83 8.907c-0.982 4.949 0.982 8.413 4.91 9.402 5.401 0.495 8.347-3.464 9.329-11.877z",\n
Action.c(285):             "M613.104 829.604l24.060 3.464-1.964 11.877h0.491c3.928-8.413 11.293-12.372 18.659
Action.c(285):     -11.382l3.928 0.495-3.437 23.258c-1.964-0.99-3.928-0.99-6.383-1.485-8.838-1.485-14.24 1.48
Action.c(285):     5-15.713 11.382l-5.892 41.073-25.042-3.959 11.293-74.724z",\n
Action.c(285):             "M704.925 818.717l25.042 3.959-14.731 99.467-24.060-3.464 1.473-10.392c-4.419 7.91
Action.c(285):     8-9.82 10.887-18.659 9.897-16.695-2.474-20.623-16.825-16.204-44.537 4.419-28.207 14.731-36
Action.c(285):     .62 28.479-34.64 6.874 0.99 12.766 4.949 14.24 12.866h0.491l3.928-33.156zM685.775 900.369c
Action.c(285):     5.892 0.99 7.365-3.464 9.82-19.794s1.964-21.279-3.928-22.269c-5.892-0.99-7.856 3.464-10.31
Action.c(285):     1 19.794-1.964 16.33-1.473 21.279 4.419 22.269z",\n
Action.c(285):             "M750.099 903.338c-0.491 2.969-0.491 5.938 0.491 7.918s2.455 2.969 4.91 3.464c3.92
Action.c(285):     8 0.495 7.365-1.485 8.347-5.443 1.964-13.361-35.353-10.887-30.934-39.589 1.964-13.361 13.2
Action.c(285):     57-22.269 33.389-19.3 18.659 2.969 27.006 12.372 24.551 27.712l-21.605-3.464c0.982-6.433-1
Action.c(285):     .473-8.907-5.401-9.402s-6.874 1.485-7.365 4.949c-1.964 12.372 35.353 9.402 31.425 38.104-1
Action.c(285):     .964 14.846-14.731 23.753-33.88 20.784-20.623-2.969-27.988-13.361-25.533-29.692l21.605 3.9
Action.c(285):     59z"\n
Action.c(285):           ],\n
Action.c(285):           "attrs": [\n
Action.c(285):             {\n
Action.c(285):               "fill": "rgb(238, 49, 36)"\n
Action.c(285):             },\n
Action.c(285):             {\n
Action.c(285):               "fill": "rgb(238, 49, 36)"\n
Action.c(285):             },\n
Action.c(285):             {\n
Action.c(285):               "fill": "rgb(255, 255, 255)"\n
Action.c(285):             },\n
Action.c(285):             {\n
Action.c(285):               "fill": "rgb(255, 255, 255)"\n
Action.c(285):             },\n
Action.c(285):             {\n
Action.c(285):               "fill": "rgb(255, 255, 255)"\n
Action.c(285):             },\n
Action.c(285):             {\n
Action.c(285):               "fill": "rgb(255, 255, 255)"\n
Action.c(285):             },\n
Action.c(285):             {\n
Action.c(285):               "fill": "rgb(255, 255, 255)"\n
Action.c(285):             },\n
Action.c(285):             {\n
Action.c(285):               "fill": "rgb(255, 255, 255)"\n
Action.c(285):             },\n
Action.c(285):             {\n
Action.c(285):               "fill": "rgb(255, 255, 255)"\n
Action.c(285):             },\n
Action.c(285):             {\n
Action.c(285):               "fill": "rgb(255, 255, 255)"\n
Action.c(285):             },\n
Action.c(285):             {\n
Action.c(285):               "fill": "rgb(255, 255, 255)"\n
Action.c(285):             },\n
Action.c(285):             {\n
Action.c(285):               "fill": "rgb(255, 255, 255)"\n
Action.c(285):             }\n
Action.c(285):           ],\n
Action.c(285):           "width": 1242,\n
Action.c(285):           "isMulticolor": true,\n
Action.c(285):           "grid": 32,\n
Action.c(285):           "tags": [\n
Action.c(285):             "Fuel-savings"\n
Action.c(285):           ]\n
Action.c(285):         },\n
Action.c(285):         {\n
Action.c(285):           "paths": [\n
Action.c(285):             "M516.267 153.6c-143.514 0-260.267 116.753-260.267 260.267 0 134.622 209.289 444.0
Action.c(285):     06 260.267 444.006s260.267-309.385 260.267-444.006c0-143.514-116.753-260.267-260.267-260.2
Action.c(285):     67z"\n
Action.c(285):           ],\n
Action.c(285):           "grid": 32,\n
Action.c(285):           "tags": [\n
Action.c(285):             "pin"\n
Action.c(285):           ]\n
Action.c(285):         },\n
Action.c(285):         {\n
Action.c(285):           "paths": [\n
Action.c(285):             "M3328 1024h-3200c-71.68 0-128-56.32-128-128v-768c0-71.68 56.32-128 128-128h3200c7
Action.c(285):     1.68 0 128 56.32 128 128v768c0 69.12-56.32 128-128 128v0z",\n
Action.c(285):             "M3328 20.48c58.88 0 107.52 48.64 107.52 107.52v768c0 58.88-48.64 107.52-107.52 10
Action.c(285):     7.52h-3200c-58.88 0-107.52-48.64-107.52-107.52v-768c0-58.88 48.64-107.52 107.52-107.52h320
Action.c(285):     0zM3328 0h-3200c-71.68 0-128 56.32-128 128v768c0 71.68 56.32 128 128 128h3200c71.68 0 128-
Action.c(285):     56.32 128-128v-768c0-69.12-56.32-128-128-128v0 0z",\n
Action.c(285):             "M1213.44 261.12c0 20.48-5.12 38.4-17.92 51.2-15.36 15.36-33.28 23.040-56.32 23.04
Action.c(285):     0s-40.96-7.68-56.32-23.040c-15.36-15.36-23.040-33.28-23.040-56.32s7.68-40.96 23.040-56.32c
Action.c(285):     15.36-15.36 33.28-23.040 56.32-23.040 10.24 0 20.48 2.56 30.72 7.68s17.92 10.24 23.040 17.
Action.c(285):     92l-12.8 12.8c-10.24-12.8-23.040-17.92-40.96-17.92-15.36 0-30.72 5.12-40.96 17.92-12.8 10.
Action.c(285):     24-17.92 25.6-17.92 43.52s5.12 33.28 17.92 43.52c12.8 10.24 25.6 17.92 40.96 17.92 17.92 0
Action.c(285):      30.72-5.12 43.52-17.92 7.68-7.68 12.8-17.92 12.8-30.72h-56.32v-17.92h74.24c0 0 0 5.12 0 7
Action.c(285):     .68v0z",\n
Action.c(285):             "M1331.2 197.12h-69.12v48.64h64v17.92h-64v48.64h69.12v20.48h-89.6v-153.6h89.6z",\n
Action.c(285):             "M1415.68 332.8h-20.48v-135.68h-43.52
Action.c(285): t=47371ms: 6381-byte ENCODED response body received for "https://stage.peapod.com/shop/images/icons/PeapodIcons.json" (RelFrameId=1, Internal ID=25)
Action.c(285): t=47372ms: 12288-byte DECODED response body for "https://stage.peapod.com/shop/images/icons/PeapodIcons.json" (RelFrameId=1, Internal ID=25)
Action.c(285):     v-17.92h107.52v17.92h-43.52z",\n
Action.c(285):             "M1533.44 332.8v-153.6h20.48v153.6z",\n
Action.c(285):             "M1640.96 332.8h-20.48v-135.68h-43.52v-17.92h104.96v17.92h-43.52v135.68z",\n
Action.c(285):             "M1884.16 312.32c-15.36 15.36-33.28 23.040-56.32 23.040s-40.96-7.68-56.32-23.040c-
Action.c(285):     15.36-15.36-23.040-33.28-23.040-56.32s7.68-40.96 23.040-56.32c15.36-15.36 33.28-23.040 56.
Action.c(285):     32-23.040s40.96 7.68 56.32 23.040c15.36 15.36 23.040 33.28 23.040 56.32s-7.68 40.96-23.040
Action.c(285):      56.32v0zM1786.88 299.52c10.24 10.24 25.6 17.92 40.96 17.92s30.72-5.12 40.96-17.92c10.24-1
Action.c(285):     0.24 17.92-25.6 17.92-43.52s-5.12-33.28-17.92-43.52c-10.24-10.24-25.6-17.92-40.96-17.92s-3
Action.c(285):     0.72 5.12-40.96 17.92c-10.24 10.24-17.92 25.6-17.92 43.52s5.12 33.28 17.92 43.52v0z",\n
Action.c(285):             "M1935.36 332.8v-153.6h23.040l74.24 120.32v-120.32h20.48v153.6h-20.48l-79.36-125.4
Action.c(285):     4v125.44z",\n
Action.c(285):             "M1743.36 558.080c-61.44 0-110.080 46.080-110.080 110.080 0 61.44 48.64 110.080 11
Action.c(285):     0.080 110.080s110.080-46.080 110.080-110.080c0-66.56-48.64-110.080-110.080-110.080v0zM1743
Action.c(285):     .36 732.16c-33.28 0-61.44-28.16-61.44-66.56s28.16-66.56 61.44-66.56c33.28 0 61.44 25.6 61.
Action.c(285):     44 66.56 0 38.4-28.16 66.56-61.44 66.56v0zM1505.28 558.080c-61.44 0-110.080 46.080-110.080
Action.c(285):      110.080 0 61.44 48.64 110.080 110.080 110.080s110.080-46.080 110.080-110.080c0-66.56-48.6
Action.c(285):     4-110.080-110.080-110.080v0zM1505.28 732.16c-33.28 0-61.44-28.16-61.44-66.56s28.16-66.56 6
Action.c(285):     1.44-66.56c33.28 0 61.44 25.6 61.44 66.56 0 38.4-28.16 66.56-61.44 66.56v0zM1221.12 591.36
Action.c(285):     v46.080h110.080c-2.56 25.6-12.8 46.080-25.6 58.88-15.36 15.36-40.96 33.28-84.48 33.28-69.1
Action.c(285):     2 0-120.32-53.76-120.32-122.88s53.76-122.88 120.32-122.88c35.84 0 64 15.36 84.48 33.28l33.
Action.c(285):     28-33.28c-28.16-25.6-64-46.080-115.2-46.080-92.16 0-171.52 76.8-171.52 168.96s79.36 168.96
Action.c(285):      171.52 168.96c51.2 0 87.040-15.36 117.76-48.64 30.72-30.72 40.96-74.24 40.96-107.52 0-10.
Action.c(285):     24 0-20.48-2.56-28.16h-158.72zM2383.36 627.2c-10.24-25.6-35.84-69.12-92.16-69.12s-102.4 43
Action.c(285):     .52-102.4 110.080c0 61.44 46.080 110.080 107.52 110.080 48.64 0 79.36-30.72 89.6-48.64l-35
Action.c(285):     .84-25.6c-12.8 17.92-28.16 30.72-53.76 30.72s-40.96-10.24-53.76-33.28l145.92-61.44-5.12-12
Action.c(285):     .8zM2234.88 663.040c0-40.96 33.28-64 56.32-64 17.92 0 35.84 10.24 40.96 23.040l-97.28 40.9
Action.c(285):     6zM2114.56 768h48.64v-320h-48.64v320zM2037.76 581.12v0c-12.8-12.8-33.28-25.6-58.88-25.6-53
Action.c(285):     .76 0-104.96 48.64-104.96 110.080s48.64 107.52 104.96 107.52c25.6 0 46.080-12.8 56.32-25.6
Action.c(285):     h2.56v15.36c0 40.96-23.040 64-58.88 64-28.16 0-48.64-20.48-53.76-38.4l-40.96 17.92c12.8 28
Action.c(285):     .16 43.52 64 97.28 64 56.32 0 102.4-33.28 102.4-112.64v-194.56h-46.080v17.92zM1981.44 732.
Action.c(285):     16c-33.28 0-61.44-28.16-61.44-66.56s28.16-66.56 61.44-66.56c33.28 0 58.88 28.16 58.88 66.5
Action.c(285):     6s-25.6 66.56-58.88 66.56v0zM2606.080 448h-115.2v320h48.64v-120.32h66.56c53.76 0 104.96-38
Action.c(285):     .4 104.96-99.84s-51.2-99.84-104.96-99.84v0zM2608.64 601.6h-69.12v-110.080h69.12c35.84 0 56
Action.c(285):     .32 30.72 56.32 53.76-2.56 28.16-23.040 56.32-56.32 56.32v0zM2903.040 555.52c-35.84 0-71.6
Action.c(285):     8 15.36-84.48 48.64l43.52 17.92c10.24-17.92 25.6-23.040 43.52-23.040 25.6 0 48.64 15.36 51
Action.c(285):     .2 40.96v2.56c-7.68-5.12-28.16-12.8-48.64-12.8-46.080 0-92.16 25.6-92.16 71.68 0 43.52 38.
Action.c(285):     4 71.68 79.36 71.68 33.28 0 48.64-15.36 61.44-30.72h2.56v25.6h46.080v-122.88c-5.12-56.32-4
Action.c(285):     8.64-89.6-102.4-89.6v0zM2897.92 732.16c-15.36 0-38.4-7.68-38.4-28.16 0-25.6 28.16-33.28 51
Action.c(285):     .2-33.28 20.48 0 30.72 5.12 43.52 10.24-5.12 30.72-30.72 51.2-56.32 51.2v0zM3166.72 563.2l
Action.c(285):     -53.76 138.24h-2.56l-56.32-138.24h-51.2l84.48 194.56-48.64 107.52h48.64l130.56-302.080h-51
Action.c(285):     .2zM2736.64 768h48.64v-320h-48.64v320z",\n
Action.c(285):             "M266.24 192c-7.68 10.24-10.24 20.48-10.24 38.4v563.2c0 15.36 5.12 28.16 12.8 35.8
Action.c(285):     4l2.56 2.56 317.44-317.44v-5.12l-322.56-317.44z",\n
Action.c(285):             "M691.2 622.080l-104.96-104.96v-7.68l104.96-104.96 2.56 2.56 125.44 71.68c35.84 20
Action.c(285):     .48 35.84 53.76 0 74.24l-128 69.12z",\n
Action.c(285):             "M693.76 619.52l-107.52-107.52-320 320c12.8 12.8 30.72 12.8 53.76 2.56l373.76-215.
Action.c(285):     040z",\n
Action.c(285):             "M693.76 404.48l-373.76-212.48c-23.040-12.8-40.96-10.24-53.76 2.56l320 317.44 107.
Action.c(285):     52-107.52z"\n
Action.c(285):           ],\n
Action.c(285):           "attrs": [\n
Action.c(285):             {\n
Action.c(285):               "fill": "rgb(0, 0, 0)"\n
Action.c(285):             },\n
Action.c(285):             {\n
Action.c(285):               "fill": "rgb(167, 166, 166)"\n
Action.c(285):             },\n
Action.c(285):             {\n
Action.c(285):               "fill": "rgb(255, 255, 255)"\n
Action.c(285):             },\n
Action.c(285):             {\n
Action.c(285):               "fill": "rgb(255, 255, 255)"\n
Action.c(285):             },\n
Action.c(285):             {\n
Action.c(285):               "fill": "rgb(255, 255, 255)"\n
Action.c(285):             },\n
Action.c(285):             {\n
Action.c(285):               "fill": "rgb(255, 255, 255)"\n
Action.c(285):             },\n
Action.c(285):             {\n
Action.c(285):               "fill": "rgb(255, 255, 255)"\n
Action.c(285):             },\n
Action.c(285):             {\n
Action.c(285):               "fill": "rgb(255, 255, 255)"\n
Action.c(285):             },\n
Action.c(285):             {\n
Action.c(285):               "fill": "rgb(255, 255, 255)"\n
Action.c(285):             },\n
Action.c(285):             {\n
Action.c(285):               "fill": "rgb(255, 255, 255)"\n
Action.c(285):             },\n
Action.c(285):             {\n
Action.c(285):               "fill": "rgb(91, 201, 244)"\n
Action.c(285):             },\n
Action.c(285):             {\n
Action.c(285):               "fill": "rgb(0, 0, 0)"\n
Action.c(285):             },\n
Action.c(285):             {\n
Action.c(285):               "fill": "rgb(0, 0, 0)"\n
Action.c(285):             },\n
Action.c(285):             {\n
Action.c(285):               "fill": "rgb(0, 0, 0)"\n
Action.c(285):             }\n
Action.c(285):           ],\n
Action.c(285):           "width": 3456,\n
Action.c(285):           "isMulticolor": true,\n
Action.c(285):           "grid": 32,\n
Action.c(285):           "tags": [\n
Action.c(285):             "google-play"\n
Action.c(285):           ]\n
Action.c(285):         },\n
Action.c(285):         {\n
Action.c(285):           "paths": [\n
Action.c(285):             "M3333.042 1024h-3211.978c-66.739 0-121.062-54.477-121.062-121.165v-781.849c0-66.7
Action.c(285):     14 54.323-120.986 121.062-120.986h3211.978c66.714 0 122.957 54.272 122.957 120.986v781.849
Action.c(285):     c0 66.688-56.243 121.165-122.957 121.165v0 0z",\n
Action.c(285):             "M3431.217 902.861c0 54.17-43.878 98.048-98.15 98.048h-3212.003c-54.246 0-98.278-4
Action.c(285):     3.878-98.278-98.048v-781.9c0-54.144 44.032-98.176 98.278-98.176h3211.978c54.298 0 98.15 44
Action.c(285):     .032 98.15 98.176l0.026 781.9z",\n
Action.c(285):             "M771.278 506.47c-0.742-82.509 67.558-122.65 70.682-124.518-38.682-56.397-98.637-6
Action.c(285):     4.102-119.706-64.717-50.355-5.299-99.2 30.131-124.851 30.131-26.163 0-65.664-29.619-108.23
Action.c(285):     7-28.749-54.784 0.845-106.035 32.563-134.144 81.818-58.010 100.429-14.746 248.013 40.832 3
Action.c(285):     29.19 27.802 39.757 60.288 84.147 102.81 82.586 41.6-1.715 57.139-26.522 107.341-26.522 49
Action.c(285):     .741 0 64.333 26.522 107.699 25.523 44.646-0.717 72.755-39.936 99.584-80.051 32.128-45.568
Action.c(285):      45.030-90.445 45.542-92.749-1.050-0.358-86.707-33.050-87.552-131.942v0z",\n
Action.c(285):             "M689.358 263.834c22.374-27.981 37.683-66.048 33.434-104.678-32.384 1.434-72.883 2
Action.c(285):     2.4-96.205 49.766-20.634 24.115-39.066 63.642-34.304 100.813 36.378 2.714 73.728-18.355 97
Action.c(285):     .075-45.901v0z",\n
Action.c(285):             "M1373.312 806.502h-58.138l-31.846-100.070h-110.694l-30.336 100.070h-56.602l109.67
Action.c(285):     -340.685h67.738l110.208 340.685zM1273.728 664.448l-28.8-88.96c-3.046-9.088-8.755-30.49-17.
Action.c(285):     178-64.179h-1.024c-3.354 14.49-8.755 35.891-16.179 64.179l-28.288 88.96h91.469z",\n
Action.c(285):             "M1655.347 680.653c0 41.779-11.29 74.803-33.869 99.046-20.224 21.581-45.338 32.358
Action.c(285):     -75.315 32.358-32.358 0-55.603-11.622-69.76-34.867h-1.024v129.408h-54.579v-264.883c0-26.26
Action.c(285):     6-0.691-53.222-2.022-80.87h48l3.046 38.938h1.024c18.202-29.338 45.824-43.981 82.893-43.981
Action.c(285):      28.979 0 53.171 11.443 72.525 34.355 19.405 22.938 29.082 53.094 29.082 90.496v0zM1599.74
Action.c(285):     4 682.65c0-23.91-5.376-43.622-16.179-59.136-11.802-16.179-27.648-24.269-47.514-24.269-13.4
Action.c(285):     66 0-25.702 4.506-36.634 13.389-10.957 8.96-18.125 20.659-21.478 35.149-1.69 6.758-2.534 1
Action.c(285):     2.288-2.534 16.64v40.96c0 17.869 5.478 32.947 16.435 45.261s25.19 18.458 42.701 18.458c20.
Action.c(285):     557 0 36.557-7.936 48-23.757 11.469-15.846 17.203-36.736 17.203-62.694v0z",\n
Action.c(285):             "M1937.894 680.653c0 41.779-11.29 74.803-33.894 99.046-20.198 21.581-45.312 32.358
Action.c(285):     -75.29 32.358-32.358 0-55.603-11.622-69.734-34.867h-1.024v129.408h-54.579v-264.883c0-26.26
Action.c(285):     6-0.691-53.222-2.022-80.87h48l3.046 38.938h1.024c18.176-29.338 45.798-43.981 82.893-43.981
Action.c(285):      28.954 0 53.146 11.443 72.55 34.355 19.328 22.938 29.030 53.094 29.030 90.496v0zM1882.291
Action.c(285):      682.65c0-23.91-5.402-43.622-16.205-59.136-11.802-16.179-27.597-24.269-47.488-24.269-13.49
Action.c(285):     1 0-25.702 4.506-36.659 13.389-10.957 8.96-18.099 20.659-21.453 35.149-1.664 6.758-2.534 1
Action.c(285):     2.288-2.534 16.64v40.96c0 17.869 5.478 32.947 16.384 45.261 10.957 12.288 25.19 18.458 42.
Action.c(285):     752 18.458 20.557 0 36.557-7.936 48-23.757 11.469-15.846 17.203-36.736 17.203-62.694v0z",\n
Action.c(285):             "M2253.798 710.963c0 28.979-10.061 52.557-30.259 70.758-22.195 19.891-53.094 29.82
Action.c(285):     4-92.8 29.824-36.659 0-66.048-7.066-88.294-21.222l12.646-45.491c23.962 14.49 50.253 21.76 
Action.c(285):     78.899 21.76 20.557 0 36.557-4.659 48.051-13.926 11.443-9.267 17.152-21.709 17.152-37.222 
Action.c(285):     0-13.824-4.71-25.472-14.157-34.918-9.395-9.446-25.088-18.227-47.002-26.342-59.648-22.246-8
Action.c(285):     9.446-54.835-89.446-97.69 0-28.006 10.445-50.97 31.36-68.838 20.838-17.894 48.64-26.829 83
Action.c(285):     .405-26.829 31.002 0 56.755 5.402 77.312 16.179l-13.645 44.493c-19.2-10.445-40.909-15.667-
Action.c(285):     65.203-15.667-19.2 0-34.202 4.736-44.954 14.157-9.088 8.422-13.645 18.688-13.645 30.848 0 
Action.c(285):     13.466 5.197 24.602 15.642 33.357 9.088 8.090 25.6 16.845 49.562 26.291 29.312 11.802 50.8
Action.c(285):     42 25.6 64.691 41.421 13.798 15.77 20.685 35.507 20.685 59.059v0z",\n
Action.c(285):             "M2434.252 601.805h-60.16v119.27c0 30.336 10.598 45.491 31.846 45.491 9.754 0 17.8
Action.c(285):     43-0.845 24.243-2.534l1.51 41.446c-10.752 4.019-24.909 6.042-42.445 6.042-21.555 0-38.4-6.
Action.c(285):     579-50.56-19.712-12.109-13.158-18.202-35.226-18.202-66.227v-123.827h-35.84v-40.96h35.84v-4
Action.c(285):     4.979l53.606-16.179v61.158h60.16v41.011z",\n
Action.c(285):             "M2705.689 681.651c0 37.76-10.803 68.762-32.358 93.005-22.605 24.96-52.608 37.402-
Action.c(285):     90.010 37.402-36.045 0-64.742-11.955-86.144-35.866s-32.102-54.093-32.102-90.47c0-38.067 11
Action.c(285):     .008-69.248 33.101-93.491 22.042-24.269 51.789-36.403 89.19-36.403 36.045 0 65.050 11.955 
Action.c(285):     86.938 35.891 20.941 23.219 31.386 53.197 31.386 89.933v0zM2649.061 683.418c0-22.656-4.838
Action.c(285):     -42.086-14.643-58.291-11.443-19.61-27.802-29.389-48.998-29.389-21.939 0-38.605 9.805-50.04
Action.c(285):     8 29.389-9.805 16.23-14.643 35.968-14.643 59.315 0 22.656 4.838 42.086 14.643 58.266 11.80
Action.c(285):     2 19.61 28.288 29.389 49.562 29.389 20.838 0 37.197-9.984 48.998-29.901 10.061-16.512 15.1
Action.c(285):     3-36.147 15.13-58.778v0z",\n
Action.c(285):             "M2883.097 608.845c-5.402-0.998-11.162-1.51-17.203-1.51-19.2 0-34.048 7.245-44.493
Action.c(285):      21.76-9.088 12.8-13.645 28.979-13.645 48.512v128.896h-54.554l0.512-168.294c0-28.314-0.691
Action.c(285):     -54.093-2.048-77.338h47.539l1.997 47.002h1.51c5.76-16.154 14.848-29.158 27.29-38.912 12.16
Action.c(285):     -8.781 25.293-13.158 39.45-13.158 5.043 0 9.6 0.358 13.645 0.998v52.045z",\n
Action.c(285):             "M3127.193 672.051c0 9.779-0.64 18.022-1.997 24.755h-163.738c0.64 24.269 8.55 42.8
Action.c(285):     29 23.757 55.629 13.798 11.443 31.642 17.178 53.555 17.178 24.243 0 46.362-3.866 66.253-11
Action.c(285):     .622l8.55 37.888c-23.245 10.138-50.688 15.181-82.355 15.181-38.093 0-67.994-11.213-89.754-
Action.c(285):     33.613-21.709-22.4-32.589-52.48-32.589-90.214 0-37.043 10.112-67.891 30.362-92.493 21.197-
Action.c(285):     26.266 49.843-39.398 85.888-39.398 35.405 0 62.208 13.133 80.41 39.398 14.413 20.864 21.65
Action.c(285):     8 46.669 21.658 77.312v0zM3075.148 657.894c0.358-16.179-3.2-30.157-10.598-41.958-9.446-15.
Action.c(285):     181-23.962-22.758-43.494-22.758-17.843 0-32.358 7.398-43.443 22.246-9.088 11.802-14.49 25.
Action.c(285):     958-16.154 42.445l113.69 0.026z",\n
Action.c(285):             "M1255.68 256.23c0 30.131-9.037 52.813-27.085 68.045-16.717 14.054-40.474 21.094-7
Action.c(285):     1.245 21.094-15.258 0-28.314-0.666-39.245-1.997v-164.634c14.259-2.304 29.619-3.482 46.208-
Action.c(285):     3.482 29.312 0 51.405 6.374 66.304 19.123 16.691 14.413 25.062 35.021 25.062 61.85v0zM1227
Action.c(285):     .392 256.973c0-19.533-5.171-34.509-15.514-44.954-10.342-10.419-25.446-15.642-45.338-15.642
Action.c(285):     -8.448 0-15.642 0.563-21.606 1.741v125.158c3.302 0.512 9.344 0.742 18.125 0.742 20.531 0 3
Action.c(285):     6.378-5.709 47.539-17.126s16.794-28.058 16.794-49.92v0z",\n
Action.c(285):             "M1405.67 282.547c0 18.56-5.299 33.766-15.898 45.696-11.11 12.262-25.83 18.381-44.
Action.c(285):     211 18.381-17.715 0-31.821-5.862-42.342-17.638-10.496-11.75-15.744-26.573-15.744-44.442 0-
Action.c(285):     18.688 5.402-34.022 16.256-45.926s25.446-17.869 43.827-17.869c17.715 0 31.949 5.862 42.726
Action.c(285):      17.613 10.24 11.418 15.386 26.163 15.386 44.186v0zM1377.843 283.418c0-11.136-2.406-20.685
Action.c(285):     -7.194-28.646-5.632-9.626-13.645-14.438-24.064-14.438-10.778 0-18.97 4.813-24.602 14.438-4
Action.c(285):     .813 7.962-7.194 17.664-7.194 29.133 0 11.136 2.406 20.685 7.194 28.646 5.811 9.626 13.901
Action.c(285):      14.438 24.346 14.438 10.24 0 18.278-4.89 24.064-14.694 4.966-8.115 7.45-17.741 7.45-28.87
Action.c(285):     7v0z",\n
Action.c(285):             "M1606.784 223.206l-37.76 120.678h-24.576l-15.642-52.403c-3.968-13.082-7.194-26.08
Action.c(285):     6-9.702-38.989h-0.486c-2.33 13.261-5.555 26.24-9.702 38.989l-16.614 52.403h-24.858l-35.507
Action.c(285):     -120.678h27.571l13.645 57.37c3.302 13.568 6.016 26.496 8.192 38.733h0.486c1.997-10.086 5.2
Action.c(285):     99-22.938 9.958-38.477l17.126-57.6h21.862l16.41 56.371c3.968 13.747 7.194 26.982 9.677 39.
Action.c(285):     731h0.742c1.818-12.416 4.557-25.651 8.192-39.731l14.643-56.371 26.342-0.026z",\n
Action.c(285):             "M1745.869 343.885h-26.829v-69.12c0-21.299-8.090-31.949-24.32-31.949-7.962 0-14.38
Action.c(285):     7 2.918-19.379 8.781-4.941 5.862-7.45 12.774-7.45 20.685v71.578h-26.829v-86.17c0-10.598-
Action.c(285): t=47401ms: 7647-byte DECODED response body for "https://stage.peapod.com/shop/images/icons/PeapodIcons.json" (RelFrameId=1, Internal ID=25)
Action.c(285):     0.333-22.093-0.973-34.534h23.578l1.254 18.867h0.742c3.123-5.862 7.782-10.701 13.901-14.566
Action.c(285):      7.27-4.506 15.411-6.784 24.32-6.784 11.264 0 20.634 3.635 28.083 10.931 9.267 8.934 13.90
Action.c(285):     1 22.272 13.901 39.987v72.294z",\n
Action.c(285):             "M1819.853 343.885h-26.803v-176.051h26.803z",\n
Action.c(285):             "M1977.805 282.547c0 18.56-5.299 33.766-15.898 45.696-11.11 12.262-25.856 18.381-4
Action.c(285):     4.211 18.381-17.741 0-31.846-5.862-42.342-17.638-10.496-11.75-15.744-26.573-15.744-44.442 
Action.c(285):     0-18.688 5.402-34.022 16.256-45.926s25.446-17.869 43.802-17.869c17.741 0 31.949 5.862 42.7
Action.c(285):     52 17.613 10.24 11.418 15.386 26.163 15.386 44.186v0zM1949.952 283.418c0-11.136-2.406-20.6
Action.c(285):     85-7.194-28.646-5.606-9.626-13.645-14.438-24.038-14.438-10.803 0-18.995 4.813-24.602 14.43
Action.c(285):     8-4.813 7.962-7.194 17.664-7.194 29.133 0 11.136 2.406 20.685 7.194 28.646 5.811 9.626 13.
Action.c(285):     901 14.438 24.346 14.438 10.24 0 18.253-4.89 24.038-14.694 4.992-8.115 7.45-17.741 7.45-28
Action.c(285):     .877v0z",\n
Action.c(285):             "M2107.648 343.885h-24.090l-1.997-13.901h-0.742c-8.243 11.085-19.994 16.64-35.251 
Action.c(285):     16.64-11.392 0-20.608-3.661-27.546-10.931-6.298-6.605-9.446-14.822-9.446-24.576 0-14.746 6
Action.c(285):     .144-25.984 18.509-33.766 12.339-7.782 29.696-11.597 52.045-11.418v-2.253c0-15.898-8.346-2
Action.c(285):     3.834-25.062-23.834-11.904 0-22.4 2.995-31.462 8.934l-5.453-17.613c11.213-6.938 25.062-10.
Action.c(285):     419 41.395-10.419 31.539 0 47.36 16.64 47.36 49.92v44.442c0 12.058 0.589 21.658 1.741 28.7
Action.c(285):     74v0zM2079.795 302.413v-18.611c-29.594-0.512-44.39 7.603-44.39 24.32 0 6.298 1.69 11.008 5
Action.c(285):     .146 14.157s7.859 4.71 13.107 4.71c5.888 0 11.392-1.869 16.41-5.581 5.043-3.738 8.141-8.47
Action.c(285):     4 9.293-14.285 0.282-1.306 0.435-2.893 0.435-4.71v0z",\n
Action.c(285):             "M2260.096 343.885h-23.808l-1.254-19.379h-0.742c-7.603 14.746-20.557 22.118-38.758
Action.c(285):      22.118-14.541 0-26.65-5.709-36.25-17.126s-14.387-26.24-14.387-44.442c0-19.533 5.197-35.35
Action.c(285):     4 15.642-47.437 10.112-11.264 22.502-16.896 37.248-16.896 16.205 0 27.546 5.453 33.997 16.
Action.c(285):     384h0.512v-69.274h26.854v143.539c0 11.75 0.307 22.579 0.947 32.512v0zM2232.294 292.992v-20
Action.c(285):     .122c0-3.482-0.256-6.298-0.742-8.448-1.51-6.451-4.762-11.878-9.702-16.256-4.992-4.378-11.0
Action.c(285):     08-6.579-17.946-6.579-10.010 0-17.843 3.968-23.603 11.93-5.709 7.962-8.602 18.125-8.602 30
Action.c(285):     .541 0 11.93 2.739 21.606 8.243 29.056 5.811 7.936 13.645 11.904 23.45 11.904 8.806 0 15.8
Action.c(285):     46-3.302 21.197-9.933 5.171-6.118 7.706-13.491 7.706-22.093v0z",\n
Action.c(285):             "M2489.548 282.547c0 18.56-5.299 33.766-15.898 45.696-11.11 12.262-25.805 18.381-4
Action.c(285):     4.211 18.381-17.69 0-31.795-5.862-42.342-17.638-10.496-11.75-15.744-26.573-15.744-44.442 0
Action.c(285):     -18.688 5.402-34.022 16.256-45.926s25.446-17.869 43.853-17.869c17.69 0 31.949 5.862 42.701
Action.c(285):      17.613 10.24 11.418 15.386 26.163 15.386 44.186v0zM2461.746 283.418c0-11.136-2.406-20.685
Action.c(285):     -7.194-28.646-5.658-9.626-13.645-14.438-24.090-14.438-10.752 0-18.944 4.813-24.602 14.438-
Action.c(285):     4.813 7.962-7.194 17.664-7.194 29.133 0 11.136 2.406 20.685 7.194 28.646 5.811 9.626 13.90
Action.c(285):     1 14.438 24.346 14.438 10.24 0 18.304-4.89 24.090-14.694 4.941-8.115 7.45-17.741 7.45-28.8
Action.c(285):     77v0z",\n
Action.c(285):             "M2633.804 343.885h-26.803v-69.12c0-21.299-8.090-31.949-24.346-31.949-7.962 0-14.3
Action.c(285):     87 2.918-19.354 8.781s-7.45 12.774-7.45 20.685v71.578h-26.854v-86.17c0-10.598-0.307-22.093
Action.c(285):     -0.947-34.534h23.552l1.254 18.867h0.742c3.149-5.862 7.808-10.701 13.901-14.566 7.296-4.506
Action.c(285):      15.411-6.784 24.346-6.784 11.238 0 20.608 3.635 28.058 10.931 9.293 8.934 13.901 22.272 1
Action.c(285):     3.901 39.987v72.294z",\n
Action.c(285):             "M2814.361 243.302h-29.542v58.624c0 14.899 5.248 22.349 15.642 22.349 4.813 0 8.80
Action.c(285):     6-0.41 11.955-1.254l0.691 20.352c-5.299 1.997-12.262 2.995-20.838 2.995-10.598 0-18.842-3.
Action.c(285):     226-24.806-9.677-5.99-6.451-8.96-17.306-8.96-32.538v-60.851h-17.638v-20.096h17.638v-22.118
Action.c(285):     l26.291-7.936v30.029h29.542v20.122h0.026z",\n
Action.c(285):             "M2956.389 343.885h-26.854v-68.608c0-21.632-8.090-32.461-24.294-32.461-12.442 0-20
Action.c(285):     .941 6.272-25.6 18.816-0.794 2.637-1.254 5.862-1.254 9.651v72.576h-26.803v-176.026h26.803v
Action.c(285):     72.73h0.512c8.448-13.235 20.557-19.84 36.25-19.84 11.11 0 20.301 3.635 27.597 10.931 9.088
Action.c(285):      9.088 13.645 22.605 13.645 40.474v71.757z",\n
Action.c(285):             "M3102.898 277.837c0 4.813-0.358 8.858-0.998 12.16h-80.461c0.358 11.93 4.198 21.01
Action.c(285):     8 11.648 27.315 6.81 5.632 15.59 8.448 26.342 8.448 11.904 0 22.758-1.894 32.538-5.709l4.1
Action.c(285):     98 18.637c-11.443 4.966-24.909 7.45-40.499 7.45-18.688 0-33.408-5.504-44.058-16.512-10.701
Action.c(285):     -11.008-16-25.779-16-44.314 0-18.202 4.941-33.357 14.899-45.44 10.394-12.902 24.448-19.354
Action.c(285):      42.189-19.354 17.357 0 30.541 6.451 39.45 19.354 7.194 10.24 10.752 22.912 10.752 37.965v
Action.c(285):     0zM3077.298 270.899c0.205-7.962-1.562-14.822-5.197-20.608-4.659-7.45-11.75-11.187-21.35-11
Action.c(285):     .187-8.755 0-15.898 3.635-21.35 10.931-4.454 5.811-7.091 12.749-7.962 20.864h55.859z"\n
Action.c(285):           ],\n
Action.c(285):           "attrs": [\n
Action.c(285):             {\n
Action.c(285):               "fill": "rgb(166, 166, 166)"\n
Action.c(285):             },\n
Action.c(285):             {\n
Action.c(285):               "fill": "rgb(0, 0, 0)"\n
Action.c(285):             },\n
Action.c(285):             {\n
Action.c(285):               "fill": "rgb(255, 255, 255)"\n
Action.c(285):             },\n
Action.c(285):             {\n
Action.c(285):               "fill": "rgb(255, 255, 255)"\n
Action.c(285):             },\n
Action.c(285):             {\n
Action.c(285):               "fill": "rgb(255, 255, 255)"\n
Action.c(285):             },\n
Action.c(285):             {\n
Action.c(285):               "fill": "rgb(255, 255, 255)"\n
Action.c(285):             },\n
Action.c(285):             {\n
Action.c(285):               "fill": "rgb(255, 255, 255)"\n
Action.c(285):             },\n
Action.c(285):             {\n
Action.c(285):               "fill": "rgb(255, 255, 255)"\n
Action.c(285):             },\n
Action.c(285):             {\n
Action.c(285):               "fill": "rgb(255, 255, 255)"\n
Action.c(285):             },\n
Action.c(285):             {\n
Action.c(285):               "fill": "rgb(255, 255, 255)"\n
Action.c(285):             },\n
Action.c(285):             {\n
Action.c(285):               "fill": "rgb(255, 255, 255)"\n
Action.c(285):             },\n
Action.c(285):             {\n
Action.c(285):               "fill": "rgb(255, 255, 255)"\n
Action.c(285):             },\n
Action.c(285):             {\n
Action.c(285):               "fill": "rgb(255, 255, 255)"\n
Action.c(285):             },\n
Action.c(285):             {\n
Action.c(285):               "fill": "rgb(255, 255, 255)"\n
Action.c(285):             },\n
Action.c(285):             {\n
Action.c(285):               "fill": "rgb(255, 255, 255)"\n
Action.c(285):             },\n
Action.c(285):             {\n
Action.c(285):               "fill": "rgb(255, 255, 255)"\n
Action.c(285):             },\n
Action.c(285):             {\n
Action.c(285):               "fill": "rgb(255, 255, 255)"\n
Action.c(285):             },\n
Action.c(285):             {\n
Action.c(285):               "fill": "rgb(255, 255, 255)"\n
Action.c(285):             },\n
Action.c(285):             {\n
Action.c(285):               "fill": "rgb(255, 255, 255)"\n
Action.c(285):             },\n
Action.c(285):             {\n
Action.c(285):               "fill": "rgb(255, 255, 255)"\n
Action.c(285):             },\n
Action.c(285):             {\n
Action.c(285):               "fill": "rgb(255, 255, 255)"\n
Action.c(285):             },\n
Action.c(285):             {\n
Action.c(285):               "fill": "rgb(255, 255, 255)"\n
Action.c(285):             },\n
Action.c(285):             {\n
Action.c(285):               "fill": "rgb(255, 255, 255)"\n
Action.c(285):             },\n
Action.c(285):             {\n
Action.c(285):               "fill": "rgb(255, 255, 255)"\n
Action.c(285):             },\n
Action.c(285):             {\n
Action.c(285):               "fill": "rgb(255, 255, 255)"\n
Action.c(285):             }\n
Action.c(285):           ],\n
Action.c(285):           "width": 3456,\n
Action.c(285):           "isMulticolor": true,\n
Action.c(285):           "grid": 32,\n
Action.c(285):           "tags": [\n
Action.c(285):             "app-store"\n
Action.c(285):           ]\n
Action.c(285):         },\n
Action.c(285):         {\n
Action.c(285):           "paths": [\n
Action.c(285):             "M637.966 166.481c-28.564-28.564-28.564-74.876 0-103.44s74.876-28.564 103.44 0l393
Action.c(285):     .606 393.606c28.565 28.565 28.564 74.877-0.002 103.441l-393.606 393.582c-28.565 28.563-74.
Action.c(285):     876 28.562-103.44-0.003s-28.562-74.876 0.003-103.44l341.883-341.862-341.885-341.885zM146.2
Action.c(285):     81 582.528v320.543c0 40.396-32.747 73.143-73.143 73.143s-73.143-32.747-73.143-73.143v-393.
Action.c(285):     606c0-40.365 32.699-73.099 73.063-73.143l1010.152-1.097c40.396-0.044 73.178 32.668 73.222 
Action.c(285):     73.063s-32.668 73.178-73.063 73.222l-937.088 1.018z"\n
Action.c(285):           ],\n
Action.c(285):           "attrs": [\n
Action.c(285):             {\n
Action.c(285):               "fill": "rgb(224, 0, 77)"\n
Action.c(285):             }\n
Action.c(285):           ],\n
Action.c(285):           "width": 1170,\n
Action.c(285):           "grid": 32,\n
Action.c(285):           "tags": [\n
Action.c(285):             "icon-directions"\n
Action.c(285):           ]\n
Action.c(285):         },\n
Action.c(285):         {\n
Action.c(285):           "paths": [\n
Action.c(285):             "M412.173 865.599c33.243-40.439 72.24-95 108.599-152.515 86.543-136.895 142.505-26
Action.c(285):     4.351 142.505-334.907 0-157.45-127.641-285.091-285.091-285.091s-285.091 127.641-285.091 28
Action.c(285):     5.091c0 70.558 55.96 198.017 142.497 334.908 36.359 57.516 75.355 112.077 108.597 152.514 
Action.c(285):     12.935 15.734 24.517 28.724 33.993 38.212 9.475-9.487 21.057-22.477 33.99-38.211zM756.368 
Action.c(285):     378.177c0 176.842-285.679 628.736-378.182 628.736-92.52 0-378.182-451.884-378.182-628.736 
Action.c(285):     0-208.863 169.319-378.182 378.182-378.182s378.182 169.319 378.182 378.182zM442.186 378.177
Action.c(285):     c0-35.338-28.662-64-64-64-35.352 0-64 28.652-64 64 0 35.361 28.639 64 64 64 35.348 0 64-28
Action.c(285):     .648 64-64zM535.277 378.177c0 86.767-70.334 157.091-157.091 157.091-86.7
Action.c(285): t=47428ms: 4229-byte ENCODED response body received for "https://stage.peapod.com/shop/images/icons/PeapodIcons.json" (RelFrameId=1, Internal ID=25)
Action.c(285): t=47428ms: 12288-byte DECODED response body for "https://stage.peapod.com/shop/images/icons/PeapodIcons.json" (RelFrameId=1, Internal ID=25)
Action.c(285):     74 0-157.091-70.317-157.091-157.091 0-86.757 70.323-157.091 157.091-157.091 86.751 0 157.0
Action.c(285):     91 70.34 157.091 157.091z"\n
Action.c(285):           ],\n
Action.c(285):           "attrs": [\n
Action.c(285):             {\n
Action.c(285):               "fill": "rgb(99, 102, 106)"\n
Action.c(285):             }\n
Action.c(285):           ],\n
Action.c(285):           "width": 791,\n
Action.c(285):           "grid": 32,\n
Action.c(285):           "tags": [\n
Action.c(285):             "icon-locator-pin"\n
Action.c(285):           ]\n
Action.c(285):         },\n
Action.c(285):         {\n
Action.c(285):           "paths": [\n
Action.c(285):             "M240 662.4c-60.8 64-80 144-83.2 227.2 0 22.4-9.6 35.2-32 38.4-35.2 3.2-54.4-19.2-
Action.c(285):     44.8-51.2 22.4-99.2 73.6-188.8 140.8-265.6 96-118.4 217.6-208 348.8-281.6 16-9.6 35.2-19.2
Action.c(285):      51.2-32-172.8 54.4-323.2 147.2-444.8 288-67.2-35.2-99.2-137.6-64-214.4 48-99.2 128-160 22
Action.c(285):     4-204.8 201.6-92.8 406.4-83.2 611.2 0 3.2 0 3.2 3.2 6.4 6.4-64 57.6-92.8 137.6-128 211.2-5
Action.c(285):     7.6 118.4-115.2 233.6-217.6 323.2-51.2 44.8-105.6 83.2-172.8 99.2-83.2 19.2-160-25.6-185.6
Action.c(285):     -108.8-3.2-12.8-6.4-22.4-9.6-35.2z"\n
Action.c(285):           ],\n
Action.c(285):           "grid": 32,\n
Action.c(285):           "tags": [\n
Action.c(285):             "organic"\n
Action.c(285):           ]\n
Action.c(285):         },\n
Action.c(285):         {\n
Action.c(285):           "paths": [\n
Action.c(285):             "M3435.179 820.565v-20.48h13.653c6.827 0 15.019 1.365 15.019 9.557 0 9.557-8.192 1
Action.c(285):     0.923-16.384 10.923h-12.288zM3435.179 830.123h10.923l17.749 28.672h10.923l-19.115-28.672c9
Action.c(285):     .557-1.365 17.749-6.827 17.749-17.749 0-13.653-8.192-19.115-23.211-19.115h-25.941v66.901h9
Action.c(285):     .557v-30.037h1.365zM3447.467 883.371c31.403 0 58.709-24.576 58.709-57.344s-27.307-57.344-5
Action.c(285):     8.709-57.344c-31.403 0-58.709 24.576-58.709 57.344s27.307 57.344 58.709 57.344v0zM3401.045
Action.c(285):      824.661c0-27.307 20.48-47.787 46.421-47.787s46.421 20.48 46.421 47.787-20.48 47.787-46.42
Action.c(285):     1 47.787c-25.941 1.365-46.421-19.115-46.421-47.787v0z",\n
Action.c(285):             "M2647.381 137.899v395.947l-229.376-342.699c-16.384-28.672-49.152-51.883-70.997-61
Action.c(285):     .44v0c-61.44-25.941-120.149-4.096-151.552 21.845-43.691 36.864-60.075 106.496-60.075 143.3
Action.c(285):     6v581.632h214.357v-401.408l263.509 398.677 1.365 1.365h245.76v-4.096c0-4.096 0-352.256 0-5
Action.c(285):     27.019h232.107v532.48h234.837v-525.653h225.28v-212.992h-905.216zM1810.432 247.125l-28.672-
Action.c(285):     60.075c-19.115-32.768-57.344-58.709-101.035-66.901-54.613-10.923-118.784 15.019-150.187 62
Action.c(285):     .805-28.672 38.229-297.643 663.552-309.931 690.859l-2.731 6.827h243.029l193.877-484.693 11
Action.c(285):     6.053 273.067h-159.744v211.627h475.136c5.461 0 10.923 0 13.653-4.096 1.365-1.365 1.365-4.0
Action.c(285):     96 0-6.827l-289.451-622.592zM447.829 349.525h412.331v-210.261h-398.677c-106.496-2.731-182.
Action.c(285):     955 24.576-256.683 95.573-102.4 101.035-136.533 253.952-90.112 397.312 40.96 131.072 166.5
Action.c(285):     71 237.568 290.816 248.491h451.925v-380.928h-214.357v173.397h-206.165c-25.941 0-47.787-19.
Action.c(285):     115-61.44-34.133-38.229-43.691-57.344-113.323-51.883-150.187 8.192-65.536 73.728-139.264 1
Action.c(285):     24.245-139.264v0zM933.888 136.533h238.933v749.568h-238.933v-749.568z"\n
Action.c(285):           ],\n
Action.c(285):           "attrs": [\n
Action.c(285):             {\n
Action.c(285):               "fill": "rgb(234, 0, 41)"\n
Action.c(285):             },\n
Action.c(285):             {\n
Action.c(285):               "fill": "rgb(234, 0, 41)"\n
Action.c(285):             }\n
Action.c(285):           ],\n
Action.c(285):           "width": 3659,\n
Action.c(285):           "grid": 32,\n
Action.c(285):           "tags": [\n
Action.c(285):             "giant-logo-solo"\n
Action.c(285):           ]\n
Action.c(285):         },\n
Action.c(285):         {\n
Action.c(285):           "paths": [\n
Action.c(285):             "M844.325 279.007c0-17.529-4.382-35.058-11.686-52.588-7.304-16.068-17.529-32.137-3
Action.c(285):     0.676-43.823-10.225-8.765-24.833-18.99-43.823-27.755-17.529-7.304-39.441-13.147-64.274-13.
Action.c(285):     147-5.843 0-11.686 0-17.529 1.461-14.608 1.461-26.294 4.382-36.519 10.225-16.068 7.304-26.
Action.c(285):     294 18.99-33.598 29.215-7.304 11.686-10.225 21.912-14.608 30.676v0 0c-14.608 37.98-40.902 
Action.c(285):     100.793-62.813 153.381-8.765 20.451-16.068 39.441-23.372 55.509l-99.332-230.802v-1.461c-8.
Action.c(285):     765-14.608-23.372-26.294-42.362-35.058s-40.902-14.608-65.735-14.608v0 0c-13.147 0-26.294 2
Action.c(285):     .922-40.902 5.843-21.912 5.843-45.284 17.529-62.813 35.058-8.765 8.765-17.529 18.99-23.372
Action.c(285):      30.676s-8.765 24.833-10.225 39.441v0 651.504h181.136v-441.153l90.568 254.174 1.461 1.461c
Action.c(285):     4.382 5.843 10.225 14.608 18.99 21.912 4.382 4.382 8.765 7.304 14.608 10.225 4.382 2.922 1
Action.c(285):     0.225 4.382 16.068 5.843 10.225 2.922 18.99 4.382 29.215 4.382 16.068 0 30.676-4.382 42.36
Action.c(285):     2-11.686s21.912-18.99 29.215-33.598v-1.461l83.264-246.87v435.31h165.067l4.382-1.461c4.382-
Action.c(285):     2.922 5.843-5.843 7.304-7.304s1.461-2.922 1.461-2.922 0-2.922 1.461-2.922c0-1.461 0-1.461 
Action.c(285):     0-1.461 0-1.461 0-1.461 0-1.461v-1.461c0-8.765 0-58.431 0-127.087 0-86.185 0-200.126 0-296
Action.c(285):     .536-2.922-92.029-2.922-169.449-2.922-179.675z",\n
Action.c(285):             "M1327.84 248.331l-1.461-1.461c0 0-4.382-8.765-10.225-18.99s-13.147-21.912-21.912-
Action.c(285):     32.137c-7.304-10.225-13.147-17.529-21.912-24.833s-17.529-13.147-29.215-18.99h-1.461c-14.60
Action.c(285):     8-5.843-29.215-8.765-43.823-8.765-27.755 0-52.588 8.765-73.039 20.451-10.225 5.843-18.99 1
Action.c(285):     3.147-26.294 20.451s-13.147 16.068-16.068 26.294v0l-205.969 670.494c-1.461 5.843 0 11.686 
Action.c(285):     2.922 16.068s8.765 7.304 14.608 7.304h140.234c8.765 0 16.068-5.843 17.529-13.147l143.155-4
Action.c(285):     71.829 94.95 321.369h-154.842c-10.225 0-18.99 8.765-18.99 18.99v125.626c0 4.382 1.461 10.2
Action.c(285):     25 5.843 13.147 2.922 2.922 8.765 5.843 13.147 5.843h365.193c5.843 0 11.686-2.922 14.608-7
Action.c(285):     .304s4.382-10.225 2.922-16.068l-189.9-632.514z",\n
Action.c(285):             "M3155.264 508.348l-146.077-302.379c-5.843-13.147-13.147-23.372-23.372-32.137-14.6
Action.c(285):     08-13.147-32.137-20.451-48.205-26.294-17.529-4.382-33.598-7.304-48.205-7.304h-1.461c-14.60
Action.c(285):     8 0-29.215 4.382-43.823 10.225-20.451 8.765-40.902 23.372-55.509 39.441-7.304 8.765-13.147
Action.c(285):      16.068-18.99 24.833-4.382 8.765-7.304 18.99-7.304 29.215v0 658.807h179.675v-422.163l213.2
Action.c(285):     72 423.623h188.439v-762.522h-186.979l-1.461 366.653z",\n
Action.c(285):             "M3980.599 609.141c-11.686-26.294-27.755-52.588-51.127-77.421v0 0c-16.068-16.068-3
Action.c(285):     2.137-27.755-49.666-35.058-24.833-11.686-51.127-17.529-73.039-24.833-23.372-7.304-43.823-1
Action.c(285):     4.608-62.813-30.676-5.843-5.843-10.225-16.068-13.147-26.294-2.922-11.686-5.843-24.833-5.84
Action.c(285):     3-37.98 0-11.686 1.461-21.912 4.382-29.215 4.382-14.608 11.686-27.755 20.451-36.519 4.382-
Action.c(285):     4.382 8.765-7.304 13.147-8.765s10.225-2.922 14.608-2.922h184.057v-157.763h-197.204c-29.215
Action.c(285):      0-52.588 7.304-71.578 17.529s-33.598 21.912-49.666 33.598h-1.461c-27.755 23.372-48.205 51
Action.c(285):     .127-61.352 81.803-13.147 29.215-18.99 61.352-18.99 93.489 0 27.755 4.382 55.509 11.686 81
Action.c(285):     .803v0 0c17.529 45.284 43.823 80.342 73.039 103.715 29.215 24.833 59.892 39.441 87.646 48.
Action.c(285):     205 23.372 8.765 51.127 20.451 71.578 35.058 10.225 7.304 17.529 16.068 23.372 24.833s7.30
Action.c(285):     4 17.529 7.304 26.294c0 5.843-1.461 11.686-2.922 18.99v0c-2.922 10.225-11.686 23.372-20.45
Action.c(285):     1 32.137-4.382 4.382-8.765 8.765-13.147 10.225-4.382 2.922-7.304 2.922-8.765 2.922h-179.67
Action.c(285):     5v147.538h188.439c36.519 0 73.039-13.147 105.175-36.519s58.431-54.049 74.499-92.029v0 0c11
Action.c(285):     .686-27.755 17.529-56.97 17.529-84.725 1.461-23.372-4.382-51.127-16.068-77.421z",\n
Action.c(285):             "M2500.839 141.695h-502.505v150.459c-13.147-33.598-35.058-70.117-64.274-99.332-14.
Action.c(285):     608-14.608-32.137-27.755-52.588-36.519s-42.362-14.608-65.735-14.608v0h-257.096l-2.922 763.
Action.c(285):     983h166.528v-277.546c4.382 0 8.765 0 13.147 0 42.362 0 70.117 8.765 86.185 18.99 8.765 5.8
Action.c(285):     43 13.147 11.686 17.529 17.529s5.843 13.147 7.304 18.99c0 8.765 0 58.431 0 106.636 0 24.83
Action.c(285):     3 0 48.205 0 67.195 0 17.529 0 29.215 0 29.215v18.99h163.606v-311.144c-1.461-10.225-4.382-
Action.c(285):     18.99-8.765-27.755-7.304-13.147-18.99-24.833-32.137-35.058-4.382-4.382-10.225-7.304-16.068
Action.c(285):     -10.225 2.922-2.922 4.382-4.382 5.843-7.304 14.608-18.99 27.755-42.362 37.98-70.117 10.225
Action.c(285):     -26.294 16.068-55.509 16.068-86.185 0-20.451-2.922-40.902-10.225-59.892h151.92v606.22h194.
Action.c(285):     282v-606.22h156.302v-18.99l-4.382-137.312zM1828.884 419.241c-5.843 7.304-14.608 14.608-21.
Action.c(285):     912 20.451-4.382 2.922-8.765 5.843-13.147 7.304-2.922 1.461-5.843 1.461-7.304 2.922h-65.73
Action.c(285):     5v-150.459c5.843 0 10.225 0 16.068 0 23.372 0 45.284 1.461 62.813 8.765 8.765 2.922 16.068
Action.c(285):      7.304 21.912 13.147s11.686 11.686 14.608 21.912v0 0c5.843 11.686 8.765 23.372 8.765 33.59
Action.c(285):     8 0 11.686-5.843 26.294-16.068 42.362z",\n
Action.c(285):             "M2721.415 141.695h-176.753v763.983l176.753-1.461v-17.529z",\n
Action.c(285):             "M3552.593 141.695h-176.753v156.302h33.598l-26.294 108.097 20.451 2.922c5.843 1.46
Action.c(285):     1 11.686 1.461 17.529 1.461 10.225 0 18.99-1.461 27.755-4.382 13.147-4.382 21.912-11.686 3
Action.c(285):     0.676-17.529 8.765-7.304 16.068-14.608 23.372-21.912l2.922-1.461 1.461-1.461c21.912-26.294
Action.c(285):      33.598-56.97 39.441-89.107s7.304-64.274 7.304-92.029c0-8.765 0-16.068 0-23.372l-1.461-17.
Action.c(285):     529z",\n
Action.c(285):             "M4017.118 841.404c0-30.676 23.372-52.588 52.588-52.588s52.588 23.372 52.588 52.58
Action.c(285):     8c0 30.676-23.372 54.049-52.588 54.049-29.215-1.461-52.588-23.372-52.588-54.049zM4069.706 
Action.c(285):     905.678c35.058 0 64.274-27.755 64.274-64.274s-29.215-64.274-64.274-64.274c-35.058 0-65.735
Action.c(285):      27.755-65.735 64.274s30.676 64.274 65.735 64.274zM4056.559 845.786h13.147l18.99 32.137h13
Action.c(285):     .147l-20.451-32.137c10.225-1.461 18.99-7.304 18.99-20.451 0-14.608-8.765-20.451-26.294-20.
Action.c(285):     451h-27.755v74.499h11.686v-33.598zM4056.559 837.021v-23.372h14.608c7.304 0 16.068 1.461 16
Action.c(285):     .068 10.225 0 11.686-8.765 11.686-17.529 11.686h-13.147z"\n
Action.c(285):           ],\n
Action.c(285):           "attrs": [\n
Action.c(285):             {\n
Action.c(285):               "fill": "rgb(234, 0, 41)"\n
Action.c(285):             },\n
Action.c(285):             {\n
Action.c(285):               "fill": "rgb(234, 0, 41)"\n
Action.c(285):             },\n
Action.c(285):             {\n
Action.c(285):               "fill": "rgb(234, 0, 41)"\n
Action.c(285):             },\n
Action.c(285):             {\n
Action.c(285):               "fill": "rgb(234, 0, 41)"\n
Action.c(285):             },\n
Action.c(285):             {\n
Action.c(285):               "fill": "rgb(234, 0, 41)"\n
Action.c(285):             },\n
Action.c(285):             {\n
Action.c(285):               "fill": "rgb(234, 0, 41)"\n
Action.c(285):             },\n
Action.c(285):             {\n
Action.c(285):               "fill": "rgb(234, 0, 41)"\n
Action.c(285):             },\n
Action.c(285):             {\n
Action.c(285):               "fill": "rgb(234, 0, 41)"\n
Action.c(285):             }\n
Action.c(285):           ],\n
Action.c(285):           "width": 4248,\n
Action.c(285):           "grid": 32,\n
Action.c(285):           "tags": [\n
Action.c(285):             "martins-logo-solo"\n
Action.c(285):           ]\n
Action.c(285):         },\n
Action.c(285):         {\n
Action.c(285):           "paths": [\n
Action.c(285):             "M505.6 313.6c0-12.8-3.2-25.6-9.6-38.4s-12.8-22.4-22.4-32c-6.4-6.4-19.2-12.8-32-19
Action.c(285):     .2s-28.8-9.6-44.8-9.6c-3.2 0-9.6 0-12.8 0-9.6 0-19.2 3.2-25.6 6.4-12.8 6.4-19.2 12.8-22.4 
Action.c(285):     22.4-6.4 9.6-6.4 16-9.6 22.4v0 0c-9.6 28.8-28.8 73.6-44.8 112-6.4 16-12.8 28.8-16 38.4l-76
Action.c(285):     .8-166.4c-6.4-9.6-19.2-19.2-32-25.6s-28.8-9.6-48-9.6v0 0c-9.6 0-19.2 3.2-28.8 3.2-16 6.4-3
Action.c(285):     2 12.8-48 25.6-6.4 6.4-12.8 12.8-16 22.4s-6.4 19.2-6.4 28.8v0 470.4h131.2v-320l64 182.4c3.
Action.c(285):     2 3.2 6.4 9.6 12.8 16 3.2 3.2 6.4 6.4 9.6 6.4 3.2 3.2 6.4 3.2 12.8 3.2 6.4 3.2 12.8 3.2 22
Action.c(285):     .4 3.2 12.8 0 22.4-3.2 32-9.6s16-12.8 19.2-22.4v0l60.8-179.2v313.6h121.6c3.2-3.2 3.2-3.2 6
Action.c(285):     .4-6.4 0 0 0-3.2 0-3.2s0 0 0-3.2c0 0 0 0 0 0s0 0 0 0v0c0-6.4 0-41.6 0-92.8 0-60.8 0-144 0-
Action.c(285):     214.4 3.2-60.8 3.2-118.4 3.2-124.8z",\n
Action.c(285):             "M854.4 291.2v0c0-3.2-3.2-6.4-6.4-16-3.2-6.4-9.6-16-16-22.4s-9.6-12.8-16-19.2c-6.4
Action.c(285):     -6.4-16-9.6-22.4-12.8v0c-9.6-3.2-22.4-6.4-32-6.4-19.2 0-38.4 6.4-51.2 16-6.4 3.2-12.8 9.6-
Action.c(285):     19.2 16s-9.6 12.8-12.8 19.2v0l-150.4 486.4c0 3.2 0 9.6 3.2 12.8s6.4 6.4 9.6 6.4h102.4c6.4 
Action.c(285):     0 9.6-3.2 12.8-9.6l102.4-345.6 70.4 233.6h-112c-6.4 0-12.8 6.4-12.8 12.8v89.6c0 3.2 0 6.4 
Action.c(285):     3.2 9.6s6.4 3.2 9.6 3.2h262.4c3.2 0 9.6-3.2 9.6-6.4 3.2-3.2 3.2-6.4 3.2-12.8l-137.6-454.4z
Action.c(285):     ",\n
Action.c(285):             "M2172.8 480l-105.6-217.6c-3.2-9.6-9.6-16-16-22.4-9.6-9.6-22.4-16-35.2-19.2s-25.6-
Action.c(285):     6.4-35.2-6.4v0c-9.6 0-22.4 3.2-32 6.4-16 6.4-28.8 16-38.4 28.8-6.4 6.4-9.6 12.8-12.8 19.2-
Action.c(285):     6.4 6.4-9.6 12.8-9.6 19.2v0 476.8h128v-304l153.6 304h134.4v-550.4h-134.4l3.2 265.6z",\n
Action.c(285):             "M2771.2 550.4c-9.6-19.2-19.2-38.4-38.4-57.6v0 0c-9.6-12.8-22.4-19.2-35.2-25.6-19.
Action.c(285):     2-9.6-35.2-12.8-54.4-16-16-6.4-32-9.6-44.8-22.4-3.2-3.2-6.4-12.8-9.6-19.2-3.2-9.6-3.2-19.2
Action.c(285):     -3.2-28.8s0-16 3.2-22.4c3.2-9.6 9.6-19.2 16-25.6 3.2-3.2 6.4-6.4 9.6-6.4s6.4-3.2 9.6-3.2h1
Action.c(285):     31.2v-112h-140.8c-22.4 0-38.4 6.4-51.2 12.8s-22.4 16-35.2 25.6v0 0c-19.2 16-35.2 38.4-44.8
Action.c(285):      57.6-9.6 22.4-12.8 44.8-12.8 67.2 0 19.2 3.2 38.4 9.6 57.6v0 0c12.8 32 32 57.6 54.4 76.8s
Action.c(285):     44.8 28.8 64 35.2c16 6.4 38.4 16 51.2 25.6 6.4 6.4 12.8 12.8 16 16 3.2 6.4 6.4 12.8 6.4 19
Action.c(285):     .2 0 3.2 0 9.6-3.2 12.8v0c-3.2 6.4-9.6 16-16 22.4-3.2 3.2-6.4 6.4-9.6 6.4-3.2 3.2-6.4 3.2-
Action.c(285):     6.4 3.2h-131.2v105.6h137.6c25.6 0 54.4-9.6 76.8-25.6s41.6-38.4 54.4-67.2v0 0c6.4-19.2 12.8
Action.c(285):     -41.6 12.8-60.8-6.4-12.8-9.6-32-16-51.2z",\n
Action.c(285):             "M1699.2 214.4h-361.6v108.8c-9.6-25.6-25.6-51.2-44.8-70.4-12.8-12.8-25.6-22.4-41.6
Action.c(285):     -28.8-12.8-6.4-32-9.6-48-9.6v0h-185.6l-3.2 550.4h121.6v-201.6c3.2 0 6.4 0 9.6 0 32 0 51.2 
Action.c(285):     6.4 60.8 12.8 6.4 3.2 9.6 9.6 12.8 12.8s3.2 9.6 6.4 12.8c0 6.4 0 41.6 0 76.8 0 19.2 0 35.2
Action.c(285):      0 48s0 22.4 0 22.4v12.8h118.4v-224c0-6.4-3.2-12.8-6.4-19.2-6.4-9.6-12.8-19.2-22.4-25.6-3.
Action.c(285):     2-3.2-6.4-6.4-12.8-6.4 3.2-3.2 3.2-3.2 3.2-6.4 9.6-12.8 19.2-32 28.8-51.2 6.4-19.2 9.6-41.
Action.c(285):     6 9.6-60.8 0-16-3.2-28.8-6.4-44.8h108.8v438.4h140.8v-438.4h112v-12.8l0-96zM1216 412.8c-3.2
Action.c(285):      6.4-9.6 9.6-16 16-3.2 3.2-6.4 3.2-9.6 6.4-3.2 0-3.2 0-6.4 3.2h-48v-108.8c3.2 0 6.4 0 12.8
Action.c(285):      0 16 0 32 0 44.8 6.4 6.4 3.2 12.8 6.4 16 9.6s9.6 9.6 9.6 16v0 0c3.2 9.6 6.4 16 6.4 22.4s-
Action.c(285):     3.2 19.2-9.6 28.8z",\n
Action.c(285):             "M1859.2 214.4h-128v550.4h128v-12.8z",\n
Action.c(285):             "M2460.8 214.4h-128v112h25.6l-19.2 76.8 16 3.2c3.2 0 9.6 0 12.8 0 6.4 0 12.8 0 19.
Action.c(285):     2-3.2 9.6-3.2 16-6.4 22.4-12.8s12.8-9.6 16-16v0 0c16-19.2 22.4-41.6 28.8-64 3.2-22.4 6.4-4
Action.c(285):     4.
Action.c(285): t=47460ms: 245-byte DECODED response body for "https://stage.peapod.com/shop/images/icons/PeapodIcons.json" (RelFrameId=1, Internal ID=25)
Action.c(285):     8 6.4-67.2 0-6.4 0-12.8 0-16l-0-12.8z",\n
Action.c(285):             "M2796.8 720c0-22.4 16-38.4 38.4-38.4s38.4 16 38.4 38.4c0 22.4-16 38.4-38.4 38.4s-
Action.c(285):     38.4-16-38.4-38.4zM2835.2 764.8c25.6 0 48-19.2 48-48 0-25.6-22.4-44.8-48-44.8s-48 19.2-48 
Action.c(285):     44.8c0 28.8 22.4 48 48 48
Action.c(285): t=47462ms: 12280-byte ENCODED response body received for "https://stage.peapod.com/shop/images/icons/PeapodIcons.json" (RelFrameId=1, Internal ID=25)
Action.c(285): t=47462ms: 12288-byte DECODED response body for "https://stage.peapod.com/shop/images/icons/PeapodIcons.json" (RelFrameId=1, Internal ID=25)
Action.c(285):     zM2822.4 723.2h9.6l12.8 22.4h9.6l-16-22.4c6.4 0 12.8-6.4 12.8-16s-6.4-16-19.2-16h-16v54.4h
Action.c(285):     9.6v-22.4zM2822.4 716.8v-16h9.6c6.4 0 12.8 0 12.8 6.4 0 9.6-6.4 9.6-12.8 9.6h-9.6z",\n
Action.c(285):             "M3721.6 480l-102.4-265.6h-131.2l102.4 268.8-102.4 281.6h128l105.6-284.8z",\n
Action.c(285):             "M3203.2 764.8c201.6 0 294.4-86.4 294.4-275.2s-92.8-275.2-294.4-275.2h-240v550.4h2
Action.c(285):     40zM3136 348.8h60.8c86.4 0 128 44.8 128 140.8s-41.6 140.8-128 140.8h-60.8v-281.6zM4262.4 7
Action.c(285):     64.8l-115.2-192c60.8-19.2 92.8-73.6 92.8-160 0-131.2-73.6-201.6-214.4-201.6h-268.8v550.4h1
Action.c(285):     72.8v-166.4h51.2l92.8 166.4h188.8v3.2zM4003.2 467.2h-73.6v-118.4h73.6c41.6 0 64 22.4 64 64
Action.c(285):      3.2 35.2-19.2 54.4-64 54.4v0zM4745.6 348.8v-134.4h-451.2v550.4h451.2v-134.4h-278.4v-73.6h
Action.c(285):     246.4v-134.4h-246.4v-73.6l278.4 0zM5187.2 563.2c-25.6 44.8-64 70.4-115.2 70.4-92.8 0-137.6
Action.c(285):     -48-137.6-144s44.8-144 131.2-144c57.6 0 99.2 25.6 124.8 70.4l147.2-57.6c-44.8-99.2-147.2-1
Action.c(285):     53.6-268.8-153.6-201.6 0-304 99.2-304 284.8s102.4 284.8 304 284.8c131.2 0 230.4-51.2 268.8
Action.c(285):     -153.6l-150.4-57.6zM5779.2 214.4h-467.2v134.4h147.2v416h172.8v-416h147.2v-134.4z",\n
Action.c(285):             "M5705.6 716.8h9.6c6.4 0 9.6 3.2 9.6 6.4 0 6.4-3.2 6.4-9.6 6.4h-6.4v-12.8h-3.2zM57
Action.c(285):     05.6 732.8h6.4l12.8 19.2h6.4l-12.8-19.2c6.4 0 9.6-3.2 9.6-12.8s-6.4-12.8-16-12.8h-16v41.6h
Action.c(285):     6.4v-16h3.2zM5712 761.6c-16 0-28.8-12.8-28.8-32 0-16 12.8-32 28.8-32s28.8 12.8 28.8 32c0 1
Action.c(285):     9.2-12.8 32-28.8 32v0zM5712 768c19.2 0 35.2-16 35.2-35.2s-16-35.2-35.2-35.2c-19.2 0-35.2 1
Action.c(285):     6-35.2 35.2-3.2 19.2 16 35.2 35.2 35.2v0z",\n
Action.c(285):             "M5894.4 400v112h19.2v-32c6.4 6.4 9.6 9.6 19.2 9.6s19.2-9.6 19.2-22.4v-41.6c0-16-6
Action.c(285):     .4-22.4-19.2-22.4-9.6 0-12.8 3.2-19.2 9.6v0-9.6h-19.2v-3.2zM5913.6 419.2c3.2-3.2 6.4-3.2 9
Action.c(285):     .6-3.2s9.6 3.2 9.6 12.8v32c0 12.8-3.2 12.8-9.6 12.8-3.2 0-6.4-3.2-9.6-3.2v-51.2zM6006.4 46
Action.c(285):     0.8c0 9.6-3.2 12.8-9.6 12.8s-9.6-3.2-9.6-12.8v-32c0-9.6 3.2-12.8 9.6-12.8s9.6 3.2 9.6 12.8
Action.c(285):     v32zM5968 457.6c0 19.2 6.4 32 28.8 32 19.2 0 28.8-12.8 28.8-32v-25.6c0-19.2-6.4-32-28.8-32
Action.c(285):     -19.2 0-28.8 12.8-28.8 32v25.6zM6064 454.4v0l-9.6-54.4h-16l16 86.4h12.8l12.8-54.4 9.6 54.4
Action.c(285):     h12.8l19.2-86.4h-16l-9.6 54.4-9.6-54.4h-12.8l-9.6 54.4zM6156.8 432v-3.2c0-9.6 3.2-12.8 9.6
Action.c(285):     -12.8s9.6 3.2 9.6 12.8v3.2h-19.2zM6195.2 432c0-19.2-6.4-32-28.8-32-19.2 0-28.8 12.8-28.8 3
Action.c(285):     2v25.6c0 19.2 6.4 32 28.8 32 19.2 0 28.8-12.8 28.8-32h-19.2v3.2c0 9.6-3.2 12.8-9.6 12.8s-9
Action.c(285):     .6-3.2-9.6-12.8v-12.8h38.4v-16h0zM6233.6 486.4v-57.6c0-6.4 6.4-12.8 12.8-12.8s9.6 0 12.8 3
Action.c(285):     .2v-19.2h-3.2c-9.6 0-16 3.2-19.2 12.8v0-9.6h-16v86.4h12.8v-3.2zM6291.2 432v-3.2c0-9.6 3.2-
Action.c(285):     12.8 9.6-12.8s9.6 3.2 9.6 12.8v3.2h-19.2zM6326.4 432c0-19.2-6.4-32-28.8-32-19.2 0-28.8 12.
Action.c(285):     8-28.8 32v25.6c0 19.2 6.4 32 28.8 32 19.2 0 28.8-12.8 28.8-32h-19.2v3.2c0 9.6-3.2 12.8-9.6
Action.c(285):      12.8s-9.6-3.2-9.6-12.8v-12.8h38.4v-16h0zM6403.2 486.4v-115.2h-19.2v35.2c-6.4-6.4-9.6-9.6-
Action.c(285):     19.2-9.6s-19.2 9.6-19.2 22.4v41.6c0 16 6.4 22.4 19.2 22.4 9.6 0 12.8-3.2 19.2-9.6v0 9.6h19
Action.c(285):     .2v3.2zM6384 470.4c-3.2 3.2-6.4 3.2-9.6 3.2s-9.6-3.2-9.6-12.8v-32c0-12.8 3.2-12.8 9.6-12.8
Action.c(285):      3.2 0 6.4 3.2 9.6 3.2v51.2zM6480 486.4v-9.6c6.4 6.4 9.6 9.6 19.2 9.6s19.2-9.6 19.2-22.4v-
Action.c(285):     41.6c0-16-6.4-22.4-19.2-22.4-6.4 0-12.8 3.2-19.2 9.6v-35.2h-16v115.2h16v-3.2zM6483.2 419.2
Action.c(285):     c3.2-3.2 6.4-3.2 9.6-3.2s9.6 3.2 9.6 12.8v32c0 12.8-3.2 12.8-9.6 12.8-3.2 0-6.4-3.2-9.6-3.
Action.c(285):     2v-51.2zM6563.2 454.4v0l-12.8-54.4h-19.2l19.2 73.6c0 3.2 3.2 6.4 3.2 12.8 0 9.6-3.2 12.8-1
Action.c(285):     2.8 12.8h-3.2v12.8h6.4c12.8 0 19.2-6.4 25.6-19.2l22.4-92.8h-19.2l-9.6 54.4z",\n
Action.c(285):             "M5929.6 732.8v-48c0-3.2 0-6.4 3.2-6.4s12.8 6.4 35.2 3.2c28.8-3.2 51.2-25.6 51.2-5
Action.c(285):     7.6 0-38.4-22.4-57.6-67.2-57.6-16 0-28.8 0-38.4 0h-6.4c-19.2 0-28.8 0-28.8 0-6.4 0-6.4 0-6
Action.c(285):     .4 3.2 0 6.4 6.4 3.2 16 6.4 9.6 0 9.6 3.2 9.6 12.8v140.8c0 16 0 19.2-12.8 22.4-9.6 0-16 0-
Action.c(285):     16 6.4 0 3.2 3.2 6.4 9.6 6.4s16-3.2 35.2-3.2c19.2 0 32 3.2 38.4 3.2s9.6-3.2 9.6-6.4c0-6.4-
Action.c(285):     6.4-3.2-16-6.4-16 0-16-3.2-16-19.2zM5929.6 592c0-12.8 3.2-16 19.2-16 19.2 0 35.2 19.2 35.2
Action.c(285):      48 0 25.6-12.8 48-32 48-12.8 0-19.2-3.2-19.2-12.8v-67.2h-3.2z",\n
Action.c(285):             "M6057.6 691.2v0c0-6.4 0-6.4 3.2-6.4h83.2c9.6 0 12.8 0 12.8-6.4 0-25.6-22.4-57.6-6
Action.c(285):     0.8-57.6-44.8 0-76.8 28.8-76.8 73.6s28.8 73.6 70.4 73.6c22.4 0 38.4-6.4 54.4-19.2 6.4-6.4 
Action.c(285):     9.6-9.6 9.6-12.8s0-3.2-3.2-3.2-16 19.2-44.8 19.2c-28.8-0-48-28.8-48-60.8zM6092.8 675.2h-25
Action.c(285):     .6c-3.2 0-3.2 0-3.2-3.2v0-6.4c3.2-16 9.6-35.2 38.4-35.2 22.4 0 25.6 16 25.6 28.8-3.2 16-12
Action.c(285):     .8 16-35.2 16z",\n
Action.c(285):             "M6284.8 729.6v-73.6c0-25.6-6.4-35.2-38.4-35.2-41.6 0-70.4 25.6-70.4 44.8 0 3.2 3.
Action.c(285):     2 6.4 6.4 6.4 16 0 19.2-6.4 25.6-19.2s12.8-19.2 28.8-19.2c12.8 0 16 6.4 16 25.6v12.8c0 3.2
Action.c(285):      0 6.4-3.2 6.4l-9.6 3.2c-41.6 16-60.8 28.8-60.8 54.4 0 16 6.4 35.2 28.8 35.2 12.8 0 25.6-6
Action.c(285):     .4 38.4-16l9.6-6.4h3.2c6.4 12.8 16 22.4 25.6 22.4 16 0 35.2-16 35.2-22.4 0-3.2 0-3.2-3.2-3
Action.c(285):     .2s-9.6 6.4-16 6.4c-12.8-3.2-16-9.6-16-22.4zM6252.8 723.2c0 16-12.8 28.8-28.8 28.8s-19.2-1
Action.c(285):     2.8-19.2-25.6c0-12.8 9.6-28.8 25.6-35.2l12.8-6.4c3.2 0 3.2 0 3.2 0s3.2 0 3.2 3.2v35.2h3.2z
Action.c(285):     ",\n
Action.c(285):             "M6361.6 764.8v0c12.8 3.2 22.4 6.4 35.2 6.4 48 0 80-32 80-80 0-41.6-28.8-70.4-64-7
Action.c(285):     0.4-16 0-28.8 6.4-44.8 19.2l-3.2 3.2c0 0-3.2 0-3.2 0s0 0 0-3.2v-16c0-3.2 0-6.4-3.2-6.4s-9.
Action.c(285):     6 9.6-28.8 16c-9.6 6.4-19.2 6.4-19.2 9.6 0 6.4 6.4 3.2 9.6 6.4 6.4 3.2 6.4 6.4 6.4 12.8v14
Action.c(285):     0.8c0 9.6 0 12.8-9.6 12.8-9.6 3.2-16 0-16 6.4 0 3.2 3.2 3.2 6.4 3.2 6.4 0 16-3.2 32-3.2 12
Action.c(285):     .8 0 25.6 3.2 35.2 3.2 6.4 0 6.4-3.2 6.4-3.2 0-6.4-6.4-3.2-16-6.4-6.4-3.2-9.6-3.2-9.6-12.8
Action.c(285):     v-38.4h6.4zM6361.6 675.2c0-22.4 9.6-32 32-32 32 0 51.2 22.4 51.2 57.6s-22.4 60.8-51.2 60.8
Action.c(285):     c-19.2 0-32-9.6-32-28.8v-57.6z",\n
Action.c(285):             "M6774.4 585.6v38.4c0 3.2 0 3.2-3.2 3.2v0h-6.4c-6.4-3.2-16-3.2-25.6-3.2-44.8 0-80 
Action.c(285):     32-80 76.8 0 41.6 32 73.6 70.4 73.6 25.6 0 41.6-12.8 41.6-12.8 3.2 0 3.2 12.8 9.6 12.8 3.2
Action.c(285):      0 12.8-6.4 35.2-12.8 6.4-3.2 9.6-3.2 9.6-9.6 0-3.2-3.2-6.4-3.2-6.4-3.2 0-6.4 6.4-12.8 6.4
Action.c(285):     -3.2 0-6.4-3.2-6.4-12.8v-163.2c0-9.6 0-16 0-22.4 0-3.2 0-6.4-3.2-6.4s-9.6 6.4-28.8 12.8c-9
Action.c(285):     .6 3.2-19.2 3.2-19.2 9.6 0 3.2 6.4 3.2 12.8 6.4 9.6 0 9.6 0 9.6 9.6zM6774.4 726.4c0 22.4 0
Action.c(285):      32-25.6 32-35.2 0-54.4-22.4-54.4-57.6 0-41.6 22.4-67.2 48-67.2s32 16 32 48v44.8z",\n
Action.c(285):             "M6835.2 534.4c0-9.6 6.4-16 16-16s16 6.4 16 16c0 9.6-6.4 16-16 16s-16-6.4-16-16zM6
Action.c(285):     832 534.4c0 9.6 6.4 19.2 19.2 19.2 9.6 0 19.2-6.4 19.2-19.2 0-9.6-6.4-19.2-19.2-19.2-12.8 
Action.c(285):     3.2-19.2 9.6-19.2 19.2z",\n
Action.c(285):             "M6844.8 547.2v-9.6h3.2c0 0 0 0 0 0s0 0 0 0 0 0 0 0 0 0 3.2 3.2l3.2 3.2h3.2l-3.2-6
Action.c(285):     .4c0 0 0-3.2-3.2-3.2 0 0 0 0-3.2 0 3.2 0 3.2 0 3.2-3.2 0 0 0-3.2 0-3.2s0-3.2 0-3.2c0 0 0 0
Action.c(285):     -3.2-3.2 0 0-3.2 0-3.2 0h-9.6l9.6 25.6zM6844.8 528h6.4c0 0 3.2 0 3.2 0s0 0 0 3.2c0 0 0 0 0
Action.c(285):      3.2 0 0 0 0 0 0s-3.2 0-3.2 0h-6.4v-6.4z",\n
Action.c(285):             "M6649.6 694.4c0 44.8-35.2 80-80 80s-80-35.2-80-80c0-44.8 35.2-80 80-80s80 35.2 80
Action.c(285):      80z"\n
Action.c(285):           ],\n
Action.c(285):           "attrs": [\n
Action.c(285):             {\n
Action.c(285):               "fill": "rgb(234, 0, 41)"\n
Action.c(285):             },\n
Action.c(285):             {\n
Action.c(285):               "fill": "rgb(234, 0, 41)"\n
Action.c(285):             },\n
Action.c(285):             {\n
Action.c(285):               "fill": "rgb(234, 0, 41)"\n
Action.c(285):             },\n
Action.c(285):             {\n
Action.c(285):               "fill": "rgb(234, 0, 41)"\n
Action.c(285):             },\n
Action.c(285):             {\n
Action.c(285):               "fill": "rgb(234, 0, 41)"\n
Action.c(285):             },\n
Action.c(285):             {\n
Action.c(285):               "fill": "rgb(234, 0, 41)"\n
Action.c(285):             },\n
Action.c(285):             {\n
Action.c(285):               "fill": "rgb(234, 0, 41)"\n
Action.c(285):             },\n
Action.c(285):             {\n
Action.c(285):               "fill": "rgb(234, 0, 41)"\n
Action.c(285):             },\n
Action.c(285):             {\n
Action.c(285):               "fill": "rgb(97, 166, 14)"\n
Action.c(285):             },\n
Action.c(285):             {\n
Action.c(285):               "fill": "rgb(35, 31, 32)"\n
Action.c(285):             },\n
Action.c(285):             {\n
Action.c(285):               "fill": "rgb(35, 31, 32)"\n
Action.c(285):             },\n
Action.c(285):             {\n
Action.c(285):               "fill": "rgb(97, 166, 14)"\n
Action.c(285):             },\n
Action.c(285):             {\n
Action.c(285):               "fill": "rgb(106, 171, 35)"\n
Action.c(285):             },\n
Action.c(285):             {\n
Action.c(285):               "fill": "rgb(106, 171, 35)"\n
Action.c(285):             },\n
Action.c(285):             {\n
Action.c(285):               "fill": "rgb(106, 171, 35)"\n
Action.c(285):             },\n
Action.c(285):             {\n
Action.c(285):               "fill": "rgb(106, 171, 35)"\n
Action.c(285):             },\n
Action.c(285):             {\n
Action.c(285):               "fill": "rgb(106, 171, 35)"\n
Action.c(285):             },\n
Action.c(285):             {\n
Action.c(285):               "fill": "rgb(106, 171, 35)"\n
Action.c(285):             },\n
Action.c(285):             {\n
Action.c(285):               "fill": "rgb(106, 171, 35)"\n
Action.c(285):             },\n
Action.c(285):             {\n
Action.c(285):               "fill": "rgb(106, 171, 35)"\n
Action.c(285):             }\n
Action.c(285):           ],\n
Action.c(285):           "width": 6880,\n
Action.c(285):           "isMulticolor": true,\n
Action.c(285):           "grid": 32,\n
Action.c(285):           "tags": [\n
Action.c(285):             "martins-direct-logo"\n
Action.c(285):           ]\n
Action.c(285):         },\n
Action.c(285):         {\n
Action.c(285):           "paths": [\n
Action.c(285):             "M2592 739.2v-16h9.6c6.4 0 9.6 0 9.6 6.4s-6.4 9.6-12.8 9.6h-6.4zM2592 745.6h9.6l12
Action.c(285):     .8 22.4h9.6l-16-22.4c6.4 0 12.8-6.4 12.8-12.8 0-9.6-6.4-16-19.2-16h-19.2v51.2h9.6v-22.4zM2
Action.c(285):     601.6 787.2c25.6 0 44.8-19.2 44.8-44.8s-19.2-44.8-44.8-44.8c-25.6 0-44.8 19.2-44.8 44.8s22
Action.c(285):     .4 44.8 44.8 44.8v0zM2566.4 742.4c0-22.4 16-38.4 35.2-38.4s35.2 16 35.2 38.4c0 22.4-16 38.
Action.c(285):     4-35.2 38.4s-35.2-16-35.2-38.4v0z",\n
Action.c(285):             "M1984 211.2v307.2l-176-265.6c-12.8-22.4-38.4-38.4-54.4-48v0c-48-19.2-92.8-3.2-118
Action.c(285):     .4 16-35.2 28.8-48 83.2-48 112v448h166.4v-310.4l204.8 310.4h192v-3.2c0-3.2 0-272 0-406.4h1
Action.c(285):     79.2v412.8h182.4v-406.4h172.8v-166.4h-700.8zM1337.6 297.6l-22.4-44.8c-16-25.6-44.8-44.8-76
Action.c(285):     .8-51.2-41.6-9.6-92.8 12.8-115.2 48-22.4 28.8-230.4 512-240 534.4l-3.2 3.2h185.6l150.4-377
Action.c(285):     .6 89.6 211.2h-124.8v163.2h368c3.2 0 9.6 0 9.6-3.2 0 0 0-3.2 0-6.4l-220.8-476.8zM281.6 374
Action.c(285):     .4h320v-163.2h-307.2c-83.2 0-144 22.4-198.4 76.8-80 76.8-105.6 195.2-70.4 307.2 32 102.4 1
Action.c(285):     28 182.4 224 192h348.8v-294.4h-166.4v134.4h-160c-19.2 0-38.4-12.8-48-25.6-28.8-35.2-44.8-8
Action.c(285):     6.4-41.6-115.2 9.6-54.4 60.8-112 99.2-112v0zM659.2 211.2h185.6v579.2h-185.6v-579.2z",\n
Action.c(285):             "M3651.2 489.6l-105.6-278.4h-137.6l108.8 278.4-108.8 294.4h134.4l108.8-294.4z",\n
Action.c(285):             "M3113.6 784c208 0 304-89.6 304-284.8s-96-284.8-304-284.8h-249.6v569.6h249.6zM3046
Action.c(285):     .4 352h60.8c89.6 0 131.2 44.8 131.2 147.2 0 99.2-41.6 144-131.2 144h-60.8v-291.2zM4211.2 7
Action.c(285):     84l-118.4-198.4c64-19.2 96-73.6 96-163.2 0-137.6-76.8-208-220.8-208h-278.4v569.6h179.2v-17
Action.c(285):     2.8h54.4l96 172.8h192zM3945.6 473.6h-76.8v-121.6h76.8c44.8 0 67.2 22.4 67.2 64 0 38.4-22.4
Action.c(285):      57.6-67.2 57.6v0zM4713.6 352v-140.8h-470.4v569.6h470.4v-140.8h-288v-76.8h256v-140.8h-256v
Action.c(285):     -70.4h288zM5171.2 572.8c-25.6 48-67.2 73.6-118.4 73.6-96 0-144-51.2-144-147.2 0-99.2 48-15
Action.c(285):     0.4 134.4-150.4 60.8 0 102.4 25.6 128 73.6l150.4-60.8c-48-102.4-150.4-156.8-278.4-156.8-20
Action.c(285):     8 0-316.8 102.4-316.8 294.4s108.8 294.4 316.8 294.4c134.4 0 240-54.4 278.4-156.8l-150.4-64
Action.c(285):     zM5785.6 211.2h-486.4v140.8h153.6v432h179.2v-432h153.6v-140.8h-0z",\n
Action.c(285):             "M5708.8 732.8h9.6c6.4 0 9.6 3.2 9.6 6.4 0 6.4-3.2 6.4-12.8 6.4h-6.4v-12.8h-0zM570
Action.c(285):     8.8 752h6.4l12.8 19.2h9.6l-12.8-19.2c6.4 0 9.6-3.2 9.6-12.8s-6.4-12.8-16-12.8h-16v44.8h6.4
Action.c(285):     v-19.2zM5715.2 780.8c-16 0-32-12.8-32-32s12.8-32 32-32c16 0 32 12.8 32 32s-16 32-32 32v0zM
Action.c(285):     5715.2 787.2c19.2 0 38.4-16 38.4-38.4s-16-38.4-38.4-38.4c-19.2 0-38.4 16-38.4 38.4s19.2 38
Action.c(285):     .4 38.4 38.4v0z",\n
Action.c(285):             "M5900.8 409.6v112h19.2v-35.2c6.4 6.4 9.6 9.6 19.2 9.6s19.2-9.6 19.2-22.4v-41.6c0-
Action.c(285):     16-6.4-22.4-19.2-22.4-9.6 0-12.8 3.2-19.2 9.6v0-9.6l-19.2-0zM5916.8 425.6c3.2-3.2 6.4-3.2 
Action.c(285):     9.6-3.2s9.6 3.2 9.6 12.8v32c0 12.8-3.2 12.8-9.6 12.8-3.2 0-6.4-3.2-9.6-3.2v-51.2zM6012.8 4
Action.c(285):     67.2c0 9.6-3.2 12.8-9.6 12.8s-9.6-3.2-9.6-12.8v-32c0-9.6 3.2-12.8 9.6-12.8s9.6 3.2 9.6 12.
Action.c(285):     8v32zM5974.4 464c0 19.2 6.4 32 28.8 32 19.2 0 28.8-12.8 28.8-32v-25.6c0-19.2-6.4-32-28.8-3
Action.c(285):     2-19.2 0-28.8 12.8-28.8 32v25.6zM6067.2 464v0l-9.6-54.4h-16l16 86.4h12.8l12.8-54.4 9.6 54.
Action.c(285):     4h12.8l19.2-86.4h-12.8l-9.6 54.4-9.6-54.4h-12.8l-12.8 54.4zM6160 441.6v-3.2c0-9.6 3.2-12.8
Action.c(285):      9.6-12.8s9.6 3.2 9.6 12.8v3.2h-19.2zM6198.4 438.4c0-19.2-6.4-32-28.8-32-19.2 0-28.8 12.8-
Action.c(285):     28.8 32v25.6c0 19.2 6.4 32 28.8 32 19.2 0 28.8-12.8 28.8-32h-19.2v3.2c0 9.6-3.2 12.8-9.6 1
Action.c(285):     2.8s-9.6-3.2-9.6-12.8v-12.8h38.4v-16h0zM6236.8 496v-57.6c0-6.4 6.4-12.8 12.8-12.8s9.6 0 12
Action.c(285):     .8 3.2v-19.2h-3.2c-9.6 0-16 3.2-19.2 12.8v0-9.6h-16v86.4h12.8v-3.2zM6294.4 441.6v-3.2c0-9.
Action.c(285):     6 3.2-12.8 9.6-12.8s9.6 3.2 9.6 12.8v3.2h-19.2zM6332.8 438.4c0-19.2-6.4-32-28.8-32s-28.8 1
Action.c(285):     2.8-28.8 32v25.6c0 19.2 6.4 32 28.8 32 19.2 0 28.8-12.8 28.8-32h-19.2v3.2c0 9.6-3.2 12.8-9
Action.c(285):     .6 12.8s-9.6-3.2-9.6-12.8v-12.8h38.4v-16h0zM6406.4 496v-115.2h-19.2v35.2c-6.4-6.4-9.6-9.6-
Action.c(285):     19.2-9.6s-19.2 9.6-19.2 22.4v41.6c0 16 6.4 22.4 19.2 22.4 9.6 0 12.8-3.2 19.2-9.6v0 9.6h19
Action.c(285):     .2v3.2zM6390.4 476.8c-3.2 3.2-6.4 3.2-9.6 3.2s-9.6-3.2-9.6-12.8v-32c0-12.8 3.2-12.8 9.6-12
Action.c(285):     .8 3.2 0 6.4 3.2 9.6 3.2v51.2zM6486.4 496v-9.6c6.4 6.4 9.6 9.6 19.2 9.6s19.2-9.6 19.2-22.4
Action.c(285):     v-41.6c0-16-6.4-22.4-19.2-22.4-6.4 0-12.8 3.2-19.2 9.6v-35.2h-19.2v115.2h19.2v-3.2zM6486.4
Action.c(285):      425.6c3.2-3.2 6.4-3.2 9.6-3.2s9.6 3.2 9.6 12.8v32c0 12.8-3.2 12.8-9.6 12.8-3.2 0-6.4-3.2-
Action.c(285):     9.6-3.2v-51.2zM6566.4 464v0l-12.8-54.4h-19.2l19.2 73.6c0 3.2 3.2 6.4 3.2 12.8 0 9.6-3.2 12
Action.c(285):     .8-12.8 12.8h-3.2v16h6.4c12.8 0 19.2-6.4 25.6-19.2l22.4-92.8h-19.2l-9.6 51.2z",\n
Action.c(285):             "M5936 742.4v-48c0-3.2 0-6.4 3.2-6.4s12.8 6.4 35.2 3.2c28.8-3.2 51.2-25.6 51.2-57.
Action.c(285):     6 0-38.4-22.4-57.6-67.2-57.6-16 0-28.8 0-38.4 0h-6.4c-19.2 0-28.8 0-28.8 0-6.4 0-6.4 0-6.4
Action.c(285):      3.2 0 6.4 6.4 3.2
Action.c(285): t=47493ms: 12288-byte DECODED response body for "https://stage.peapod.com/shop/images/icons/PeapodIcons.json" (RelFrameId=1, Internal ID=25)
Action.c(285):      16 6.4 9.6 0 9.6 3.2 9.6 12.8v140.8c0 16 0 19.2-12.8 22.4-9.6 0-16 0-16 6.4 0 3.2 3.2 6.4
Action.c(285):      9.6 6.4s16-3.2 35.2-3.2c19.2 0 32 3.2 38.4 3.2s9.6-3.2 9.6-6.4c0-6.4-6.4-3.2-16-6.4-16 0-
Action.c(285):     16-6.4-16-19.2zM5936 601.6c0-12.8 3.2-16 19.2-16 19.2 0 35.2 19.2 35.2 48 0 25.6-12.8 48-3
Action.c(285):     2 48-12.8 0-19.2-3.2-19.2-12.8v-67.2h-3.2z",\n
Action.c(285):             "M6064 700.8v0c0-6.4 0-6.4 3.2-6.4h83.2c9.6 0 12.8 0 12.8-6.4 0-25.6-22.4-57.6-60.
Action.c(285):     8-57.6-44.8 0-76.8 28.8-76.8 73.6s28.8 73.6 70.4 73.6c22.4 0 38.4-6.4 54.4-19.2 6.4-6.4 9.
Action.c(285):     6-9.6 9.6-12.8s0-3.2-3.2-3.2-16 19.2-44.8 19.2c-28.8 0-48-28.8-48-60.8zM6096 684.8h-25.6c-
Action.c(285):     3.2 0-3.2 0-3.2-3.2v0-6.4c3.2-16 9.6-35.2 38.4-35.2 22.4 0 25.6 16 25.6 28.8 0 16-9.6 16-3
Action.c(285):     5.2 16z",\n
Action.c(285):             "M6291.2 739.2v-73.6c0-25.6-6.4-35.2-38.4-35.2-41.6 0-70.4 25.6-70.4 44.8 0 3.2 3.
Action.c(285):     2 6.4 6.4 6.4 16 0 19.2-6.4 25.6-19.2s12.8-19.2 28.8-19.2c12.8 0 16 6.4 16 25.6v12.8c0 3.2
Action.c(285):      0 6.4-3.2 6.4l-9.6 3.2c-41.6 16-60.8 28.8-60.8 54.4 0 16 6.4 35.2 28.8 35.2 12.8 0 25.6-6
Action.c(285):     .4 38.4-16l9.6-6.4h3.2c6.4 12.8 16 22.4 25.6 22.4 16 0 35.2-16 35.2-22.4 0-3.2 0-3.2-3.2-3
Action.c(285):     .2s-9.6 6.4-16 6.4c-16-3.2-16-9.6-16-22.4zM6259.2 732.8c0 16-12.8 28.8-28.8 28.8s-19.2-12.
Action.c(285):     8-19.2-25.6c0-12.8 9.6-28.8 25.6-35.2l12.8-6.4c3.2 0 3.2 0 3.2 0s3.2 0 3.2 3.2v35.2h3.2z",
Action.c(285):     \n
Action.c(285):             "M6368 774.4v0c12.8 3.2 22.4 6.4 35.2 6.4 48 0 80-32 80-80 0-41.6-28.8-70.4-64-70.
Action.c(285):     4-16 0-28.8 6.4-44.8 19.2l-3.2 3.2c0 0-3.2 0-3.2 0s0 0 0-3.2v-16c0-3.2 0-6.4-3.2-6.4s-9.6 
Action.c(285):     9.6-28.8 16c-9.6 6.4-19.2 6.4-19.2 9.6 0 6.4 6.4 3.2 9.6 6.4 6.4 3.2 6.4 6.4 6.4 12.8v140.
Action.c(285):     8c0 9.6 0 12.8-9.6 12.8-9.6 3.2-16 0-16 6.4 0 3.2 3.2 3.2 6.4 3.2 6.4 0 16-3.2 32-3.2 12.8
Action.c(285):      0 25.6 3.2 35.2 3.2 6.4 0 6.4-3.2 6.4-3.2 0-6.4-6.4-3.2-16-6.4-6.4-3.2-9.6-3.2-9.6-12.8v-
Action.c(285):     38.4h6.4zM6368 681.6c0-22.4 9.6-32 32-32 32 0 51.2 22.4 51.2 57.6s-22.4 60.8-51.2 60.8c-19
Action.c(285):     .2 0-32-9.6-32-28.8v-57.6z",\n
Action.c(285):             "M6780.8 592v38.4c0 3.2 0 3.2-3.2 3.2v0h-6.4c-6.4-3.2-16-3.2-25.6-3.2-44.8 0-80 32
Action.c(285):     -80 76.8 0 41.6 32 73.6 70.4 73.6 25.6 0 41.6-12.8 41.6-12.8 3.2 0 3.2 12.8 9.6 12.8 3.2 0
Action.c(285):      12.8-6.4 35.2-12.8 6.4-3.2 9.6-3.2 9.6-9.6 0-3.2-3.2-6.4-3.2-6.4-3.2 0-6.4 6.4-12.8 6.4-3
Action.c(285):     .2 0-6.4-3.2-6.4-12.8v-163.2c0-9.6 0-16 0-22.4 0-3.2 0-6.4-3.2-6.4s-9.6 6.4-28.8 12.8c-9.6
Action.c(285):      3.2-19.2 3.2-19.2 9.6 0 3.2 6.4 3.2 12.8 6.4 9.6-0 9.6 3.2 9.6 9.6zM6780.8 732.8c0 22.4 0
Action.c(285):      32-25.6 32-35.2 0-54.4-22.4-54.4-57.6 0-41.6 22.4-67.2 48-67.2s32 16 32 48v44.8z",\n
Action.c(285):             "M6838.4 544c0-9.6 6.4-16 16-16s16 6.4 16 16c0 9.6-6.4 16-16 16s-16-6.4-16-16zM683
Action.c(285):     5.2 544c0 9.6 6.4 19.2 19.2 19.2 9.6 0 19.2-6.4 19.2-19.2 0-9.6-6.4-19.2-19.2-19.2-9.6 3.2
Action.c(285):     -19.2 9.6-19.2 19.2z",\n
Action.c(285):             "M6848 553.6v-9.6h3.2c0 0 0 0 0 0s0 0 0 0 0 0 0 0 0 0 3.2 3.2l3.2 3.2h3.2l-3.2-6.4
Action.c(285):     c0 0 0-3.2-3.2-3.2 0 0 0 0-3.2 0 3.2 0 3.2 0 3.2-3.2 0 0 0-3.2 0-3.2s0-3.2 0-3.2c0 0 0 0-3
Action.c(285):     .2-3.2 0 0-3.2 0-3.2 0h-9.6l9.6 25.6zM6848 537.6h6.4c0 0 3.2 0 3.2 0s0 0 0 3.2c0 0 0 0 0 3
Action.c(285):     .2 0 0 0 0 0 0s-3.2 0-3.2 0h-6.4v-6.4z",\n
Action.c(285):             "M6652.8 700.8c0 44.8-35.2 80-80 80s-80-35.2-80-80c0-44.8 35.2-80 80-80 44.8 3.2 8
Action.c(285):     0 38.4 80 80z"\n
Action.c(285):           ],\n
Action.c(285):           "attrs": [\n
Action.c(285):             {\n
Action.c(285):               "fill": "rgb(234, 0, 41)"\n
Action.c(285):             },\n
Action.c(285):             {\n
Action.c(285):               "fill": "rgb(234, 0, 41)"\n
Action.c(285):             },\n
Action.c(285):             {\n
Action.c(285):               "fill": "rgb(97, 166, 14)"\n
Action.c(285):             },\n
Action.c(285):             {\n
Action.c(285):               "fill": "rgb(35, 31, 32)"\n
Action.c(285):             },\n
Action.c(285):             {\n
Action.c(285):               "fill": "rgb(35, 31, 32)"\n
Action.c(285):             },\n
Action.c(285):             {\n
Action.c(285):               "fill": "rgb(97, 166, 14)"\n
Action.c(285):             },\n
Action.c(285):             {\n
Action.c(285):               "fill": "rgb(106, 171, 35)"\n
Action.c(285):             },\n
Action.c(285):             {\n
Action.c(285):               "fill": "rgb(106, 171, 35)"\n
Action.c(285):             },\n
Action.c(285):             {\n
Action.c(285):               "fill": "rgb(106, 171, 35)"\n
Action.c(285):             },\n
Action.c(285):             {\n
Action.c(285):               "fill": "rgb(106, 171, 35)"\n
Action.c(285):             },\n
Action.c(285):             {\n
Action.c(285):               "fill": "rgb(106, 171, 35)"\n
Action.c(285):             },\n
Action.c(285):             {\n
Action.c(285):               "fill": "rgb(106, 171, 35)"\n
Action.c(285):             },\n
Action.c(285):             {\n
Action.c(285):               "fill": "rgb(106, 171, 35)"\n
Action.c(285):             },\n
Action.c(285):             {\n
Action.c(285):               "fill": "rgb(106, 171, 35)"\n
Action.c(285):             }\n
Action.c(285):           ],\n
Action.c(285):           "width": 6880,\n
Action.c(285):           "isMulticolor": true,\n
Action.c(285):           "grid": 32,\n
Action.c(285):           "tags": [\n
Action.c(285):             "giant-direct-logo"\n
Action.c(285):           ]\n
Action.c(285):         },\n
Action.c(285):         {\n
Action.c(285):           "paths": [\n
Action.c(285):             "M1264 92.8c0 0 96 96 115.2 166.4 44.8 147.2 147.2 448 147.2 448v-649.6h288c80 0 1
Action.c(285):     50.4 73.6 166.4 92.8v-92.8h524.8l38.4 48v-48h188.8l54.4 70.4c32-48 89.6-80 153.6-70.4 86.4
Action.c(285):      16 131.2 89.6 166.4 147.2l64 121.6v-268.8h195.2l32 32v-32h188.8l60.8 86.4c25.6-35.2 89.6-
Action.c(285):     86.4 137.6-86.4h224l70.4 76.8v192h-265.6c-22.4 0-19.2 16-16 32 16 32 67.2 38.4 80 44.8 121
Action.c(285):     .6 22.4 211.2 121.6 233.6 236.8l3.2 54.4c-9.6 105.6-134.4 252.8-220.8 252.8 0 0-179.2 0-18
Action.c(285):     2.4 0 0 0-76.8-80-76.8-80v-179.2h185.6c22.4 0 38.4-22.4 44.8-32 3.2-3.2 12.8-25.6-3.2-44.8
Action.c(285):     -28.8-28.8-64-44.8-99.2-57.6-80-32-150.4-112-169.6-195.2l-80 38.4-70.4-32c0 0 0 588.8 0 58
Action.c(285):     8.8s-198.4 0-198.4 0l-80-89.6c-38.4-80-121.6-243.2-121.6-243.2s0 332.8 0 332.8c0 0-163.2 0
Action.c(285):     -163.2 0l-64-57.6c0 0-3.2 57.6-3.2 57.6s-179.2 0-179.2 0l-89.6-112v-508.8h-124.8v620.8h-17
Action.c(285):     6l-96-108.8v-512h-76.8c3.2 57.6-12.8 140.8-67.2 195.2 35.2 32 67.2 70.4 67.2 115.2v310.4h-
Action.c(285):     147.2l-99.2-112v-211.2c-3.2-16-16-38.4-35.2-48-12.8-3.2-12.8 6.4-12.8 6.4s0 368 0 368c0 0-
Action.c(285):     131.2 0-131.2 0l-76.8-73.6c0 0 22.4 73.6 19.2 73.6 0 0-396.8 0-396.8 0l-70.4-73.6c0 0-25.6
Action.c(285):      73.6-25.6 73.6s-163.2 0-163.2 0c0 0-48-48-48-48v48h-169.6l-112-108.8v-83.2c-25.6 32-57.6 
Action.c(285):     48-96 35.2-51.2-28.8-144-128-144-128v284.8h-160l-121.6-112v-646.4c0-64 57.6-108.8 118.4-12
Action.c(285):     8 60.8-16 131.2 6.4 163.2 48l112 166.4 67.2-160c22.4-44.8 48-60.8 118.4-60.8s208 99.2 208 
Action.c(285):     198.4v416l169.6-537.6c19.2-51.2 80-80 128-80 54.4-3.2 67.2 3.2 99.2 32zM1692.8 211.2v192h8
Action.c(285):     6.4c16 0 44.8-19.2 57.6-38.4 19.2-32 25.6-64 9.6-99.2-25.6-57.6-92.8-54.4-153.6-54.4zM1251
Action.c(285):     .2 675.2l-28.8-92.8-28.8 92.8h57.6z",\n
Action.c(285):             "M908.8 988.8v-6.4h-201.6l-131.2-131.2v-28.8c-22.4 9.6-48 9.6-70.4 0h-3.2l-3.2-3.2
Action.c(285):     c-25.6-16-60.8-44.8-92.8-73.6v236.8h-208l-144-131.2v-662.4c0-83.2 73.6-140.8 144-160 16-3.
Action.c(285):     2 32-6.4 51.2-6.4 60.8 0 118.4 25.6 150.4 67.2l76.8 115.2 41.6-102.4c28.8-57.6 70.4-80 150
Action.c(285):     .4-80 51.2 0 121.6 38.4 172.8 89.6 32 32 70.4 83.2 67.2 144v188.8l99.2-323.2c25.6-67.2 99.
Action.c(285):     2-102.4 160-102.4s80 9.6 118.4 41.6l3.2 3.2c9.6 9.6 102.4 102.4 124.8 182.4 19.2 64 51.2 1
Action.c(285):     60 80 246.4v-473.6h323.2c51.2 0 96 22.4 131.2 48v-48h803.2l38.4 51.2c41.6-38.4 102.4-57.6 
Action.c(285):     156.8-48v0c102.4 22.4 156.8 108.8 188.8 163.2v-163.2h470.4l44.8 64c35.2-32 86.4-64 134.4-6
Action.c(285):     4h240l89.6 99.2v240h-256c6.4 3.2 12.8 3.2 16 6.4 6.4 3.2 9.6 3.2 16 6.4 128 25.6 230.4 131
Action.c(285):     .2 256 262.4v6.4l3.2 54.4v3.2c-9.6 118.4-144 284.8-252.8 284.8v0c-9.6 0-38.4 0-182.4 0-16 
Action.c(285):     0-16 0-102.4-92.8l-9.6-9.6v-227.2h217.6c3.2 0 9.6-6.4 12.8-9.6l3.2-3.2c0 0 3.2-6.4 0-9.6-2
Action.c(285):     5.6-22.4-51.2-35.2-83.2-48-76.8-32-147.2-102.4-176-179.2l-60.8 28.8-35.2-16c0 204.8 0 521.
Action.c(285):     6 0 531.2h-12.8l-22.4 22.4v12.8c-6.4 0-121.6 0-195.2 0h-16l-96-105.6-3.2-3.2c-12.8-32-35.2
Action.c(285):     -73.6-57.6-115.2v176c0 19.2 0 41.6-25.6 48h-3.2c-3.2 0-3.2 0-38.4 0h-144l-22.4-22.4c-3.2 1
Action.c(285):     2.8-12.8 22.4-32 22.4h-195.2l-108.8-134.4v-486.4h-57.6v620.8h-227.2l-115.2-131.2v-489.6h-6
Action.c(285):     .4c-3.2 51.2-19.2 108.8-54.4 160 28.8 32 54.4 70.4 54.4 115.2v345.6h-198.4l-96-108.8c0 19.
Action.c(285):     2 0 35.2 0 44.8h3.2l-3.2 32c-3.2 28.8-32 28.8-48 28.8h-131.2l-12.8-12.8c-3.2 3.2-6.4 6.4-1
Action.c(285):     2.8 9.6s-12.8 3.2-249.6 3.2h-176l-41.6-44.8c-3.2 6.4-3.2 12.8-6.4 16-3.2 16-19.2 28.8-35.2
Action.c(285):      28.8-9.6 0-102.4 0-144 0-6.4 0-12.8 0-16 0l-25.6 6.4zM1859.2 825.6l80 89.6h96v-278.4c0-32
Action.c(285):     -28.8-64-57.6-89.6l-25.6-25.6 25.6-25.6c44.8-44.8 60.8-115.2 57.6-169.6l-3.2-38.4h147.2v53
Action.c(285):     4.4l76.8 89.6h128v-620.8h195.2v531.2l73.6 89.6h128c0-9.6 0-16 0-25.6l57.6-25.6 54.4 51.2h1
Action.c(285):     15.2c0-70.4 0-227.2 0-297.6l64-16c3.2 6.4 83.2 160 121.6 240l67.2 73.6c73.6 0 118.4 0 147.
Action.c(285):     2 0 0-60.8 0-204.8 0-553.6v-54.4l105.6 51.2 105.6-51.2 9.6 44.8c12.8 70.4 76.8 144 147.2 1
Action.c(285):     69.6 38.4 16 76.8 32 112 67.2l3.2 3.2c19.2 28.8 16 57.6 6.4 80s-35.2 51.2-73.6 54.4v0h-150
Action.c(285):     .4v131.2c22.4 22.4 44.8 48 54.4 57.6 41.6 0 153.6 0 166.4 0h3.2c60.8 0 176-124.8 185.6-217
Action.c(285):     .6l-3.2-48c-22.4-105.6-102.4-188.8-204.8-208h-3.2l-3.2-3.2c0 0-6.4-3.2-9.6-3.2-25.6-6.4-67
Action.c(285):     .2-22.4-86.4-57.6v-6.4c-3.2-12.8-9.6-35.2 3.2-54.4 6.4-9.6 19.2-19.2 41.6-22.4h233.6v-144l
Action.c(285):     -51.2-54.4h-208c-32 0-86.4 41.6-105.6 70.4l-28.8 41.6-80-115.2h-140.8l-57.6 22.4-22.4-22.4
Action.c(285):     h-144v236.8l-64 16-64-121.6c-35.2-57.6-73.6-115.2-140.8-131.2-44.8-6.4-92.8 16-118.4 54.4l
Action.c(285):     -25.6 38.4-73.6-96h-137.6v12.8l-60.8 22.4-28.8-35.2h-473.6v57.6l-64 19.2c-12.8-16-73.6-76.
Action.c(285):     8-137.6-76.8h-252.8v614.4l-67.2 9.6c0-3.2-102.4-304-147.2-451.2-12.8-51.2-80-124.8-105.6-1
Action.c(285):     50.4-28.8-22.4-32-25.6-73.6-25.6-35.2 0-80 22.4-92.8 54.4l-166.4 537.6-67.2-9.6v-416c0-28.
Action.c(285):     8-16-64-48-96-41.6-44.8-96-70.4-124.8-70.4-60.8 0-73.6 12.8-86.4 41.6l-67.2 160-60.8 6.4-1
Action.c(285):     12-166.4c-16-22.4-54.4-38.4-92.8-38.4-12.8 0-22.4 0-32 3.2-44.8 12.8-92.8 44.8-92.8 92.8v6
Action.c(285):     30.4l102.4 92.8h108.8v-249.6l60.8-25.6c25.6 25.6 92.8 96 131.2 118.4 22.4 6.4 41.6-12.8 54
Action.c(285):     .4-25.6l60.8 22.4v67.2l89.6 89.6h121.6v-12.8l60.8-25.6c16 16 28.8 28.8 38.4 38.4h3.2c0 0 7
Action.c(285):     6.8 0 121.6 0 0-3.2 3.2-9.6 6.4-16 6.4-19.2 12.8-38.4 12.8-38.4l19.2-54.4 99.2 105.6h147.2
Action.c(285):     c99.2 0 156.8 0 188.8 0-3.2-9.6-6.4-19.2-9.6-32l57.6-35.2 64 64h80c0-6.4 0-16 0-22.4 0-35.
Action.c(285):     2 0-80 0-124.8 0-92.8 0-182.4 0-182.4 0-19.2 16-41.6 41.6-41.6 3.2 0 6.4 0 9.6 0h3.2l3.2 3
Action.c(285):     .2c38.4 19.2 51.2 60.8 54.4 70.4v3.2l-6.4 224zM1299.2 710.4h-153.6l44.8-140.8h67.2l41.6 14
Action.c(285):     0.8zM1779.2 438.4h-124.8v-262.4h35.2c12.8 0 22.4 0 35.2 0 35.2 0 118.4 0 150.4 76.8 22.4 4
Action.c(285):     4.8 16 89.6-12.8 134.4l-3.2 3.2c-12.8 22.4-48 48-80 48v0zM1728 371.2h51.2c6.4 0 22.4-12.8 
Action.c(285):     32-22.4 16-22.4 16-41.6 6.4-64v0c-9.6-25.6-35.2-35.2-89.6-35.2 0 0 0 0 0 0v121.6z",\n
Action.c(285):             "M1900.8 464c51.2-25.6 102.4-147.2 70.4-230.4-25.6-67.2-83.2-144-172.8-144h-246.4l
Action.c(285):     -3.2 748.8h134.4v-284.8c118.4-9.6 160 32 166.4 73.6 0 0 0 211.2 0 211.2h131.2v-297.6c-3.2-
Action.c(285):     32-38.4-67.2-80-76.8zM1830.4 364.8c-12.8 19.2-41.6 38.4-57.6 38.4h-86.4v-192c60.8-3.2 131.
Action.c(285):     2-3.2 156.8 54.4 12.8 32 9.6 67.2-12.8 99.2z",\n
Action.c(285):             "M2012.8 867.2h-198.4v-35.2c0-76.8 0-192 0-208-6.4-38.4-67.2-44.8-96-44.8v284.8h-2
Action.c(285):     01.6l3.2-816h281.6c102.4 0 172.8 86.4 204.8 166.4 28.8 76.8 3.2 176-41.6 233.6 28.8 19.2 4
Action.c(285):     8 51.2 51.2 76.8v3.2l-3.2 339.2zM1884.8 796.8h60.8v-262.4c-3.2-9.6-22.4-32-51.2-38.4l-89.6
Action.c(285):     -22.4 80-41.6c32-19.2 80-118.4 54.4-188.8-22.4-60.8-70.4-121.6-140.8-121.6h-211.2l-3.2 678
Action.c(285):     .4h64v-281.6l32-3.2c12.8 0 25.6 0 35.2 0 144 0 163.2 83.2 166.4 105.6 3.2 0 3.2 0 3.2 176z
Action.c(285):     M1772.8 435.2h-124.8v-262.4h35.2c12.8 0 22.4 0 35.2 0 35.2 0 118.4 0 150.4 76.8 22.4 44.8 
Action.c(285):     16 89.6-12.8 134.4l-3.2 3.2c-12.8 22.4-48 48-80 48v0zM1718.4 368h51.2c6.4 0 22.4-12.8 32-2
Action.c(285):     2.4 16-22.4 16-41.6 6.4-64v0c-9.6-25.6-35.2-35.2-89.6-35.2v121.6z",\n
Action.c(285):             "M336 128l121.6 275.2c0 0 73.6-176 105.6-256 12.8-25.6 19.2-54.4 70.4-60.8 54.4-6.
Action.c(285):     4 92.8 16 115.2 35.2s35.2 54.4 38.4 83.2c0 32 0 624 0 624s-147.2 0-147.2 0c0 0 0-544 0-544
Action.c(285):     l-121.6 364.8c-12.8 28.8-44.8 41.6-80 32-16 0-32-19.2-38.4-32 0 0-128-364.8-128-364.8s0 54
Action.c(285):     4 0 544h-147.2v-649.6c0-64 80-96 121.6-96 38.4 3.2 76.8 22.4 89.6 44.8z",\n
Action.c(285):             "M627.2 867.2l-12.8-9.6c-12.8-9.6-12.8-9.6-12.8-112v-249.6l-54.4 166.4c-16 35.2-48
Action.c(285):      54.4-86.4 54.4-9.6 0-22.4 0-32-3.2-28.8-3.2-48-28.8-60.8-44.8l-3.2-3.2v-3.2c-25.6-70.4-44
Action.c(285):     .8-128-60.8-172.8 0 80 0 188.8 0 342.4v35.2h-217.6v-684.8c0-86.4 92.8-131.2 156.8-131.2 60
Action.c(285):     .8 0 105.6 28.8 124.8 60.8l3.2 3.2 86.4 201.6c22.4-57.6 54.4-134.4 73.6-179.2v-3.2c0-3.2 3
Action.c(285):     .2-6.4 3.2-6.4 12.8-25.6 28.8-67.2 96-73.6 6.4 0 12.8 0 19.2 0 57.6 0 96 25.6 121.6 44.8 2
Action.c(285):     8.8 25.6 48 67.2 48 108.8 0 16 0 179.2 0 323.2 0 76.8 0 150.4 0 208v67.2c0 35.2 0 48-19.2 
Action.c(285):     57.6-6.4 3.2-6.4 3.2-115.2 3.2l-57.6 0zM150.4 796.8h76.8c0-156.8 0-467.2 0-505.6l-3.2-12.8
Action.c(285):      22.4-28.8 48 6.4 3.2 22.4c9.6 28.8 80 220.8 124.8 355.2 6.4 9.6 12.8 12.8 12.8 12.8h6.4c1
Action.c(285):     9.2 6.4 32 3.2 38.4-9.6l121.6-361.6 67.2 9.6c0 150.4 0 416 0 512h76.8c0-124.8 0-563.2 0-58
Action.c(285):     8.8 0-22.4-9.6-44.8-25.6-57.6s-38.4-28.8-73.6-28.8c-3.2 0-9.6 0-12.8 0-28.8 3.2-32 9.6-41.
Action.c(285):     6 32 0 3.2-3.2 6.4-3.2 9.6-32 80-105.6 252.8-105.6 256l-32 73.6-150.4-348.8c-6.4-9.6-32-25
Action.c(285):     .6-64-25.6-28.8 0-89.6 22.4-89.6 60.8v617.6z",\n
Action.c(285):             "M1251.2 134.4c16 16 32 48 32 48s195.2 649.6 195.2 649.6c0 0-374.4 0-374.4 0v-128h
Action.c(285):     185.6l-124.8-416-166.4 547.2c0 0-144 0-144 0s214.4-691.2 214.4-691.2c9.6-32 80-73.6 137.6-
Action.c(285):     48 19.2 6.4 32 19.2 44.8 38.4z",\n
Action.c(285):             "M1024 867.2h-99.2c-83.2 0-86.4 0-92.8-9.6-19.2-12.8-12.8-25.6-3.2-67.2l204.8-662.
Action.c(285):     4c12.8-41.6 73.6-80 134.4-80 19.2 0 35.2 3.2 51.2 9.6h3.2c28.8 12.8 41.6 28.8 57.6 51.2 19
Action.c(285):     .2 22.4 35.2 54.4 35.2 57.6v3.2c57.6 192 163.2 537.6 188.8 627.2h9.6v32c0 25.6-19.2 32-38.
Action.c(285):     4 32v0c0 0 0 0 0 0-6.4 0-9.6 0-16 0-80 0-355.2 0-355.2 0h-35.2v-144l-44.8 150.4zM902.4 796
Action.c(285):     .8c22.4 0 48 0 70.4 0l192-630.
Action.c(285): t=47522ms: 12288-byte DECODED response body for "https://stage.peapod.com/shop/images/icons/PeapodIcons.json" (RelFrameId=1, Internal ID=25)
Action.c(285):     4 169.6 572.8h-195.2v60.8c67.2 0 217.6 0 294.4 0-3.2-16-9.6-35.2-16-57.6-19.2-60.8-41.6-14
Action.c(285):     0.8-67.2-224-44.8-150.4-92.8-304-96-323.2-6.4-9.6-16-28.8-22.4-38.4l-3.2-3.2c-9.6-16-19.2-
Action.c(285):     22.4-32-28.8-6.4-3.2-16-3.2-22.4-3.2-32 0-64 22.4-67.2 32-67.2 188.8-169.6 524.8-204.8 643
Action.c(285):     .2zM1164.8 406.4l-80 262.4h156.8l-76.8-262.4z",\n
Action.c(285):             "M3011.2 140.8l188.8 384v-441.6h153.6v745.6h-163.2l-252.8-492.8v496h-147.2v-659.2c
Action.c(285):     0-35.2 60.8-89.6 108.8-89.6 38.4 0 92.8 16 112 57.6z",\n
Action.c(285):             "M2758.4 867.2v-694.4c0-28.8 19.2-54.4 35.2-70.4 25.6-25.6 67.2-54.4 112-54.4h3.2c
Action.c(285):     48 0 112 19.2 137.6 76.8l121.6 249.6v-326.4h224v816h-217.6l-195.2-384v384l-220.8 3.2zM2905
Action.c(285):     .6 118.4c-32 0-73.6 38.4-76.8 54.4v624h76.8v-460.8l64-16 240 476.8h105.6v-678.4h-83.2v406.
Action.c(285):     4l-67.2 16-188.8-387.2c-9.6-25.6-51.2-35.2-70.4-35.2z",\n
Action.c(285):             "M3990.4 208h-169.6c-35.2 0-57.6 28.8-67.2 64-12.8 35.2-3.2 89.6 19.2 115.2 60.8 5
Action.c(285):     1.2 134.4 32 188.8 92.8 67.2 76.8 80 153.6 48 233.6-28.8 70.4-102.4 121.6-166.4 121.6h-176
Action.c(285):     v-115.2h166.4c25.6 0 54.4-32 64-60.8 25.6-70.4-54.4-112-112-134.4-51.2-16-121.6-57.6-153.6
Action.c(285):     -147.2-22.4-86.4-12.8-179.2 64-243.2 35.2-25.6 57.6-48 112-48h182.4l-0 121.6z",\n
Action.c(285):             "M3635.2 867.2v-182.4h198.4c6.4-3.2 25.6-19.2 32-38.4 3.2-9.6 3.2-19.2 0-28.8-9.6-
Action.c(285):     22.4-44.8-44.8-89.6-60.8-48-16-134.4-60.8-176-166.4v-3.2c-32-112-3.2-211.2 73.6-278.4l3.2-
Action.c(285):     3.2c6.4-3.2 9.6-6.4 16-9.6 28.8-22.4 60.8-44.8 118.4-44.8h217.6v192h-204.8c-19.2 0-32 25.6
Action.c(285):     -35.2 38.4-6.4 22.4-3.2 64 12.8 80 22.4 16 48 25.6 73.6 32 38.4 9.6 80 22.4 115.2 60.8 73.
Action.c(285):     6 83.2 92.8 172.8 54.4 268.8-32 80-118.4 144-198.4 144l-211.2-0zM3702.4 752v44.8h140.8c54.
Action.c(285):     4 0 112-44.8 134.4-99.2 28.8-70.4 12.8-134.4-41.6-195.2-22.4-25.6-51.2-32-83.2-41.6s-70.4-
Action.c(285):     19.2-102.4-48l-3.2-3.2c-35.2-38.4-41.6-108.8-25.6-150.4 19.2-54.4 54.4-86.4 102.4-86.4h134
Action.c(285):     .4v-54.4h-147.2c-35.2 0-51.2 12.8-76.8 32-6.4 3.2-9.6 6.4-16 12.8-76.8 67.2-64 156.8-51.2 
Action.c(285):     204.8 28.8 73.6 86.4 108.8 131.2 124.8 48 16 105.6 44.8 131.2 96 12.8 25.6 12.8 54.4 3.2 8
Action.c(285):     3.2-12.8 32-51.2 83.2-92.8 83.2l-137.6-3.2z",\n
Action.c(285):             "M2486.4 208h-160v624h-160v-624h-160v-121.6h480z",\n
Action.c(285):             "M2131.2 867.2v-624h-160v-192h547.2v192h-160v624h-227.2zM2201.6 172.8v624h92.8v-62
Action.c(285):     4h160v-54.4h-409.6v54.4h156.8z",\n
Action.c(285):             "M2713.6 832h-144v-745.6h144z",\n
Action.c(285):             "M2534.4 867.2v-816h214.4v816h-214.4zM2604.8 121.6v678.4h73.6v-678.4h-73.6z",\n
Action.c(285):             "M3571.2 86.4c0 57.6 0 144-44.8 198.4-28.8 25.6-41.6 44.8-89.6 38.4l28.8-115.2h-38
Action.c(285):     .4v-121.6l144 0z",\n
Action.c(285):             "M3452.8 358.4c-6.4 0-12.8 0-19.2 0l-38.4-6.4 25.6-108.8h-28.8v-192h211.2v35.2c3.2
Action.c(285):      76.8-3.2 163.2-51.2 220.8l-3.2 3.2c-3.2 3.2-9.6 6.4-12.8 9.6-19.2 19.2-41.6 38.4-83.2 38.
Action.c(285):     4zM3459.2 172.8h48l-25.6 99.2c0 0 3.2-3.2 3.2-3.2 3.2-3.2 6.4-6.4 12.8-9.6 25.6-35.2 35.2-
Action.c(285):     86.4 35.2-140.8h-73.6v54.4z",\n
Action.c(285):             "M1827.2 864v-48h44.8c-3.2 16-19.2 41.6-44.8 48z",\n
Action.c(285):             "M1264 99.2c0 0 96 96 115.2 166.4 44.8 147.2 147.2 448 147.2 448v-649.6h288c80 0 1
Action.c(285):     50.4 73.6 166.4 92.8v-92.8h524.8l38.4 48v-48h188.8l54.4 70.4c32-48 89.6-80 153.6-70.4 86.4
Action.c(285):      16 131.2 89.6 166.4 147.2l64 121.6v-268.8h195.2l32 32v-32h188.8l60.8 86.4c25.6-35.2 89.6-
Action.c(285):     86.4 137.6-86.4h224l70.4 76.8v192h-265.6c-22.4 0-19.2 16-16 32 16 32 67.2 38.4 80 44.8 121
Action.c(285):     .6 22.4 211.2 121.6 233.6 236.8l3.2 54.4c-9.6 105.6-134.4 252.8-220.8 252.8 0 0-179.2 0-18
Action.c(285):     2.4 0s-76.8-80-76.8-80v-179.2h185.6c22.4 0 38.4-22.4 44.8-32 3.2-3.2 12.8-25.6-3.2-44.8-28
Action.c(285):     .8-28.8-64-44.8-99.2-57.6-80-32-150.4-112-169.6-195.2l-80 38.4-70.4-32c0 0 0 588.8 0 588.8
Action.c(285):     s-198.4 0-198.4 0l-80-89.6c-38.4-80-121.6-243.2-121.6-243.2s0 332.8 0 332.8c0 0-163.2 0-16
Action.c(285):     3.2 0l-64-57.6c0 0-3.2 57.6-3.2 57.6s-179.2 0-179.2 0l-89.6-112v-508.8h-128v620.8h-176l-96
Action.c(285):     -108.8v-512h-76.8c3.2 57.6-12.8 140.8-67.2 195.2 35.2 32 67.2 70.4 67.2 115.2v310.4h-147.2
Action.c(285):     l-99.2-112v-211.2c-3.2-16-16-38.4-35.2-48-12.8-3.2-12.8 6.4-12.8 6.4s0 368 0 368c0 0-131.2
Action.c(285):      0-131.2 0l-76.8-73.6c0 0 22.4 73.6 19.2 73.6 0 0-396.8 0-396.8 0l-70.4-73.6c0 0-25.6 73.6
Action.c(285):     -25.6 73.6s-163.2 0-163.2 0c0 0-48-48-48-48v48h-169.6l-112-108.8v-83.2c-25.6 32-57.6 48-96
Action.c(285):      35.2-51.2-28.8-144-128-144-128v284.8h-160l-121.6-112v-646.4c0-64 57.6-108.8 118.4-128 60.
Action.c(285):     8-16 131.2 6.4 163.2 48l112 166.4 67.2-160c22.4-44.8 48-60.8 118.4-60.8s208 99.2 208 198.4
Action.c(285):     v416l169.6-537.6c19.2-51.2 80-80 128-80 57.6-3.2 70.4 3.2 102.4 32zM1692.8 220.8v192h86.4c
Action.c(285):     16 0 44.8-19.2 57.6-38.4 19.2-32 25.6-64 9.6-99.2-25.6-60.8-92.8-57.6-153.6-54.4zM1251.2 6
Action.c(285):     81.6l-28.8-92.8-28.8 92.8h57.6z",\n
Action.c(285):             "M1926.4 467.2c44.8-44.8 86.4-150.4 54.4-233.6-28.8-73.6-89.6-153.6-182.4-153.6h-2
Action.c(285):     56l-3.2 771.2h156.8v-284.8c83.2-6.4 137.6 19.2 140.8 64 0 3.2 0 137.6 0 208v12.8h153.6v-31
Action.c(285):     0.4c-0-28.8-28.8-57.6-64-73.6zM1820.8 361.6c-12.8 16-38.4 32-48 35.2h-76.8v-169.6c54.4 0 1
Action.c(285):     12-3.2 134.4 48 12.8 28.8 9.6 57.6-9.6 86.4z",\n
Action.c(285):             "M336 134.4l121.6 275.2c0 0 73.6-176 105.6-256 12.8-25.6 19.2-54.4 70.4-60.8 54.4-
Action.c(285):     6.4 92.8 16 112 35.2 22.4 19.2 35.2 54.4 38.4 83.2 0 32 0 624 0 624s-147.2 0-147.2 0c0 0 0
Action.c(285):     -544 0-544l-121.6 364.8c-12.8 28.8-44.8 41.6-80 32-16 0-32-19.2-38.4-32 0 0-128-364.8-128-
Action.c(285):     364.8s0 544 0 544h-147.2v-649.6c0-64 80-96 121.6-96 41.6 3.2 80 25.6 92.8 44.8z",\n
Action.c(285):             "M633.6 851.2l-3.2-3.2c-3.2-3.2-3.2-3.2-3.2-92.8v-390.4l-99.2 297.6c-16 35.2-54.4 
Action.c(285):     51.2-96 38.4-22.4-3.2-38.4-22.4-48-35.2v-3.2c-22.4-57.6-73.6-211.2-105.6-297.6 0 131.2 0 4
Action.c(285):     06.4 0 476.8v12.8h-169.6v-662.4c0-73.6 89.6-108.8 134.4-108.8 51.2 0 89.6 25.6 105.6 48v0l
Action.c(285):     108.8 252.8c22.4-51.2 70.4-169.6 96-230.4 0-3.2 3.2-6.4 3.2-9.6 9.6-25.6 22.4-54.4 76.8-60
Action.c(285):     .8 6.4 0 12.8 0 16 0 48 0 83.2 22.4 105.6 38.4 25.6 22.4 41.6 57.6 41.6 92.8 0 16 0 179.2 
Action.c(285):     0 323.2 0 76.8 0 150.4 0 208v67.2c0 32 0 32-6.4 35.2-3.2 0-3.2 0-112 0h-38.4l-6.4 3.2zM128
Action.c(285):      828.8h124.8c0-182.4 0-508.8 0-531.2v-3.2l6.4-9.6 16 3.2v6.4c6.4 16 86.4 240 128 361.6 12.
Action.c(285):     8 16 22.4 25.6 28.8 25.6h3.2c28.8 9.6 54.4 0 67.2-25.6l121.6-361.6 22.4 3.2c0 166.4 0 470.
Action.c(285):     4 0 534.4h28.8c28.8 0 73.6 0 96 0 0-83.2 0-585.6 0-611.2 0-28.8-12.8-57.6-32-76.8-19.2-16-
Action.c(285):     48-35.2-89.6-35.2-6.4 0-9.6 0-16 0-41.6 3.2-48 22.4-57.6 44.8 0 3.2-3.2 6.4-3.2 9.6-32 76.
Action.c(285):     8-105.6 252.8-105.6 256l-9.6 25.6-131.2-300.8c-12.8-19.2-44.8-35.2-83.2-35.2s-112 28.8-112
Action.c(285):      83.2l-3.2 636.8z",\n
Action.c(285):             "M1251.2 140.8c16 16 32 48 32 48s195.2 649.6 195.2 649.6c0 0-374.4 0-374.4 0v-128h
Action.c(285):     185.6l-124.8-416-166.4 547.2c0 0-144 0-144 0s214.4-691.2 214.4-691.2c9.6-32 80-73.6 137.6-
Action.c(285):     48 19.2 6.4 32 19.2 44.8 38.4z",\n
Action.c(285):             "M1008 851.2h-9.6c-134.4 0-147.2 0-150.4-3.2 0 0 0 0 0 0s0 0 0 0c-6.4-3.2-6.4-6.4 
Action.c(285):     6.4-41.6l204.8-662.4c9.6-28.8 57.6-64 112-64 16 0 28.8 3.2 41.6 9.6 25.6 12.8 38.4 25.6 51
Action.c(285):     .2 44.8 16 19.2 32 51.2 32 51.2v0c60.8 204.8 176 585.6 195.2 643.2h3.2v9.6c0 6.4-3.2 9.6-1
Action.c(285):     2.8 9.6v0c0 0 0 0 0 0-3.2 0-9.6 0-19.2 0-80 0-355.2 0-355.2 0h-12.8v-153.6h179.2l-108.8-36
Action.c(285):     4.8-156.8 521.6zM870.4 828.8c25.6 0 80 0 118.4 0l176-576 137.6 467.2h-188.8v105.6c54.4 0 2
Action.c(285):     84.8 0 348.8 0 0-3.2-3.2-6.4-3.2-12.8-6.4-19.2-12.8-41.6-22.4-73.6-19.2-60.8-41.6-140.8-67
Action.c(285):     .2-224-48-156.8-92.8-313.6-99.2-323.2-3.2-3.2-16-32-28.8-44.8v0c-12.8-19.2-22.4-28.8-41.6-
Action.c(285):     35.2-9.6-3.2-22.4-6.4-32-6.4-44.8 0-83.2 28.8-89.6 48-3.2 3.2-179.2 572.8-208 675.2z",\n
Action.c(285):             "M3011.2 147.2l188.8 384v-441.6h153.6v745.6h-163.2l-252.8-492.8v496h-147.2v-659.2c
Action.c(285):     0-35.2 60.8-89.6 108.8-89.6 38.4 3.2 92.8 16 112 57.6z",\n
Action.c(285):             "M2780.8 851.2v-668.8c0-16 9.6-35.2 28.8-54.4 19.2-22.4 57.6-48 92.8-48v0c41.6 0 9
Action.c(285):     6 16 118.4 64l163.2 339.2v-403.2h176v771.2h-182.4l-233.6-457.6v457.6h-163.2zM2905.6 102.4v
Action.c(285):     0c-25.6 0-57.6 16-80 38.4-12.8 12.8-22.4 28.8-22.4 38.4v646.4h121.6v-483.2l22.4-6.4 246.4 
Action.c(285):     486.4h144v-723.2h-131.2v428.8l-22.4 6.4-188.8-384c-12.8-35.2-64-48-89.6-48z",\n
Action.c(285):             "M3990.4 214.4h-169.6c-35.2 0-57.6 28.8-67.2 64-12.8 35.2-3.2 89.6 19.2 115.2 60.8
Action.c(285):      51.2 134.4 32 188.8 92.8 67.2 76.8 80 153.6 48 233.6-28.8 70.4-102.4 121.6-166.4 121.6h-1
Action.c(285):     76v-115.2h166.4c22.4 0 54.4-32 64-60.8 25.6-70.4-54.4-112-112-134.4-51.2-16-121.6-57.6-153
Action.c(285):     .6-147.2-22.4-86.4-12.8-179.2 64-243.2 35.2-25.6 57.6-48 112-48h182.4l-0 121.6z",\n
Action.c(285):             "M3657.6 851.2v-137.6h179.2c16 0 41.6-25.6 51.2-51.2 6.4-16 6.4-32-3.2-48-12.8-28.
Action.c(285):     8-51.2-51.2-105.6-70.4-44.8-16-124.8-54.4-160-153.6-28.8-105.6-6.4-195.2 67.2-256v0c6.4-3.
Action.c(285):     2 9.6-6.4 16-12.8 28.8-19.2 54.4-38.4 105.6-38.4h195.2v147.2h-182.4c-35.2 0-51.2 35.2-57.6
Action.c(285):      54.4-9.6 32-3.2 83.2 16 105.6 25.6 22.4 54.4 28.8 86.4 38.4 35.2 9.6 73.6 19.2 105.6 54.4
Action.c(285):      67.2 76.8 86.4 156.8 51.2 243.2-28.8 73.6-105.6 128-179.2 128l-185.6-3.2zM3680 736v89.6h1
Action.c(285):     63.2c64 0 131.2-48 156.8-112 32-80 16-150.4-48-220.8-28.8-28.8-60.8-38.4-92.8-48s-64-16-96
Action.c(285):     -41.6v0c-28.8-32-35.2-92.8-22.4-128 16-44.8 44.8-70.4 80-70.4h156.8v-99.2h-172.8c-41.6 0-6
Action.c(285):     4 16-89.6 35.2-6.4 3.2-9.6 6.4-16 12.8-86.4 73.6-73.6 176-60.8 230.4 32 83.2 96 121.6 147.
Action.c(285):     2 137.6 41.6 16 96 41.6 118.4 83.2 9.6 19.2 9.6 41.6 3.2 64-9.6 32-44.8 67.2-73.6 67.2h-15
Action.c(285):     3.6z",\n
Action.c(285):             "M2486.4 214.4h-160v624h-160v-624h-160v-121.6h480z",\n
Action.c(285):             "M2153.6 851.2v-624h-160v-147.2h502.4v147.2h-160v624h-182.4zM2176 204.8v624h137.6v
Action.c(285):     -624h160v-99.2h-454.4v99.2h156.8z",\n
Action.c(285):             "M2713.6 838.4h-144v-745.6h144z",\n
Action.c(285):             "M2556.8 851.2v-771.2h166.4v771.2h-166.4zM2582.4 105.6v723.2h121.6v-723.2h-121.6z"
Action.c(285):     ,\n
Action.c(285):             "M3568 92.8c0 57.6 0 144-44.8 198.4-28.8 25.6-41.6 44.8-89.6 38.4l28.8-115.2h-38.4
Action.c(285):     v-121.6l144 0z",\n
Action.c(285):             "M3452.8 342.4c-6.4 0-9.6 0-16 0l-12.8-3.2 28.8-112h-35.2v-147.2h166.4v12.8c3.2 70
Action.c(285):     .4-3.2 153.6-48 204.8v0c-3.2 3.2-9.6 6.4-12.8 12.8-19.2 16-38.4 32-70.4 32zM3452.8 320c25.
Action.c(285):     6 0 35.2-9.6 54.4-25.6 3.2-3.2 6.4-6.4 12.8-12.8 35.2-44.8 41.6-115.2 41.6-179.2h-121.6v99
Action.c(285):     .2h41.6l-28.8 118.4z",\n
Action.c(285):             "M1852.8 281.6c-25.6-60.8-92.8-57.6-156.8-54.4v192h86.4c16 0 44.8-19.2 57.6-38.4 2
Action.c(285):     5.6-32 28.8-64 12.8-99.2zM1782.4 390.4v-48h44.8c-6.4 16-22.4 41.6-44.8 48z",\n
Action.c(285):             "M4236.8 899.2c0 44.8-35.2 80-80 80s-80-35.2-80-80c0-44.8 35.2-80 80-80 44.8-3.2 8
Action.c(285):     0 35.2 80 80z",\n
Action.c(285):             "M4156.8 988.8c-51.2 0-89.6-41.6-89.6-89.6 0-51.2 41.6-89.6 89.6-89.6 51.2 0 89.6 
Action.c(285):     41.6 89.6 89.6s-41.6 89.6-89.6 89.6zM4156.8 828.8c-38.4 0-70.4 32-70.4 70.4s32 70.4 70.4 7
Action.c(285):     0.4c38.4 0 70.4-32 70.4-70.4-0-41.6-32-70.4-70.4-70.4z",\n
Action.c(285):             "M4102.4 902.4c0-32 25.6-57.6 54.4-57.6 32 0 54.4 25.6 54.4 57.6s-25.6 57.6-54.4 5
Action.c(285):     7.6c-28.8 0-54.4-25.6-54.4-57.6zM4156.8 969.6c38.4 0 70.4-28.8 70.4-67.2s-32-67.2-70.4-67.
Action.c(285):     2c-38.4 0-70.4 28.8-70.4 67.2 3.2 38.4 35.2 67.2 70.4 67.2zM4144 905.6h12.8l22.4 35.2h12.8
Action.c(285):     l-22.4-35.2c12.8 0 19.2-6.4 19.2-22.4s-9.6-22.4-28.8-22.4h-28.8v80h12.8v-35.2zM4144 896v-2
Action.c(285):     5.6h16c9.6 0 16 3.2 16 12.8 0 12.8-9.6 12.8-19.2 12.8h-12.8z",\n
Action.c(285):             "M1606.4 115.2h89.6v323.2h-89.6v-323.2z"\n
Action.c(285):           ],\n
Action.c(285):           "attrs": [\n
Action.c(285):             {\n
Action.c(285):               "fill": "rgb(255, 255, 254)"\n
Action.c(285):             },\n
Action.c(285):             {\n
Action.c(285):               "fill": "rgb(255, 255, 254)"\n
Action.c(285):             },\n
Action.c(285):             {\n
Action.c(285):               "fill": "rgb(255, 255, 254)"\n
Action.c(285):             },\n
Action.c(285):             {\n
Action.c(285):               "fill": "rgb(255, 255, 254)"\n
Action.c(285):             },\n
Action.c(285):             {\n
Action.c(285):               "fill": "rgb(255, 255, 254)"\n
Action.c(285):             },\n
Action.c(285):             {\n
Action.c(285):               "fill": "rgb(255, 255, 254)"\n
Action.c(285):             },\n
Action.c(285):             {\n
Action.c(285):               "fill": "rgb(255, 255, 254)"\n
Action.c(285):             },\n
Action.c(285):             {\n
Action.c(285):               "fill": "rgb(255, 255, 254)"\n
Action.c(285):             },\n
Action.c(285):             {\n
Action.c(285):               "fill": "rgb(255, 255, 254)"\n
Action.c(285):             },\n
Action.c(285):             {\n
Action.c(285):               "fill": "rgb(255, 255, 254)"\n
Action.c(285):             },\n
Action.c(285):             {\n
Action.c(285):               "fill": "rgb(255, 255, 254)"\n
Action.c(285):             },\n
Action.c(285):             {\n
Action.c(285):               "fill": "rgb(255, 255, 254)"\n
Action.c(285):             },\n
Action.c(285):             {\n
Action.c(285):               "fill": "rgb(255, 255, 254)"\n
Action.c(285):             },\n
Action.c(285):             {\n
Action.c(285):               "fill": "rgb(255, 255, 254)"\n
Action.c(285):             },\n
Action.c(285):             {\n
Action.c(285):               "fill": "rgb(255, 255, 254)"\n
Action.c(285):             },\n
Action.c(285):             {\n
Action.c(285):               "fill": "rgb(255, 255, 254)"\n
Action.c(285):             },\n
Action.c(285):             {\n
Action.c(285):               "fill": "rgb(255, 255, 254)"\n
Action.c(285):             },\n
Action.c(285):             {\n
Action.c(285):               "fill": "rgb(255, 255, 254)"\n
Action.c(285):             },\n
Action.c(285):             {\n
Action.c(285):               "fill": "rgb(255, 255, 254)"\n
Action.c(285):             },\n
Action.c(285):             {\n
Action.c(285):               "fill": "rgb(26, 25, 25)"\n
Action.c(285):             },\n
Action.c(285):             {\n
Action.c(285):               "fill": "rgb(220, 59, 65)"\n
Action.c(285):             },\n
Action.c(285):             {\n
Action.c(285):               "fill": "rgb(220, 59, 65)"\n
Action.c(285):             },\n
Action.c(285):             {\n
Action.c(285):               "fill": "rgb(220, 59, 65)"\n
Action.c(285):             },\n
Action.c(285):             {\n
Action.c(285):               "fill": "rgb(220, 59, 65)"\n
Action.c(285):             },\n
Action.c(285):             {\n
Action.c(285):               "fill": "rgb(220, 59, 65)"\n
Action.c(285):             },\n
Action.c(285):             {\n
Action.c(285):               "fill": "rgb(220, 59, 65)"\n
Action.c(285):             },\n
Action.c(285):             {\n
Action.c(285):               "fill": "rgb(220, 59, 65)"\n
Action.c(285):             },\n
Action.c(285):             {\n
Action.c(285):               "fill": "rgb(220, 59, 65)"\n
Action.c(285):             },\n
Action.c(285):             {\n
Action.c(285):               "fill": "rgb(220, 59, 65)"\n
Action.c(285):             },\n
Action.c(285):             {\n
Action.c(285):               "fill": "rgb(220, 59, 65)"\n
Action.c(285):             },\n
Action.c(285):             {\n
Action.c(285):               "fill": "rgb(220, 59, 65)"\n
Action.c(285):             },\n
Action.c(285):             {\n
Action.c(285):               "fill": "rgb(220, 59, 65)"\n
Action.c(285):             },\n
Action.c(285):             {\n
Action.c(285):               "fill": "rgb(220, 59, 65)"\n
Action.c(285):             },\n
Action.c(285): t=47561ms: 7266-byte DECODED response body for "https://stage.peapod.com/shop/images/icons/PeapodIcons.json" (RelFrameId=1, Internal ID=25)
Action.c(285):             {\n
Action.c(285):               "fill": "rgb(220, 59, 65)"\n
Action.c(285):             },\n
Action.c(285):             {\n
Action.c(285):               "fill": "rgb(220, 59, 65)"\n
Action.c(285):             },\n
Action.c(285):             {\n
Action.c(285):               "fill": "rgb(26, 25, 25)"\n
Action.c(285):             },\n
Action.c(285):             {\n
Action.c(285):               "fill": "rgb(255, 255, 254)"\n
Action.c(285):             },\n
Action.c(285):             {\n
Action.c(285):               "fill": "rgb(255, 255, 254)"\n
Action.c(285):             },\n
Action.c(285):             {\n
Action.c(285):               "fill": "rgb(26, 25, 25)"\n
Action.c(285):             },\n
Action.c(285):             {\n
Action.c(285):               "fill": "rgb(220, 59, 65)"\n
Action.c(285):             }\n
Action.c(285):           ],\n
Action.c(285):           "width": 4301,\n
Action.c(285):           "isMulticolor": true,\n
Action.c(285):           "grid": 32,\n
Action.c(285):           "tags": [\n
Action.c(285):             "martins-logo"\n
Action.c(285):           ],\n
Action.c(285):           "defaultCode": 59649\n
Action.c(285):         },\n
Action.c(285):         {\n
Action.c(285):           "paths": [\n
Action.c(285):             "M4498.34 381.365c0 0 50.194 49.976 60.62 87.596 23.445 77.471 77.499 236.604 77.4
Action.c(285):     99 236.604l0.189-342.264 151.377 0.026c42.819-0.109 79.928 37.94 87.469 49.12l-0.173-49.30
Action.c(285):     9 276.254 0.036 19.803 25.628 0.075-25.556 99.985-0.119 28.835 37.684c17.343-24.755 47.118
Action.c(285):     -41.946 81.277-36.6 44.705 9.139 68.935 46.933 86.98 77.298l33.631 63.933 0.020-142.197 10
Action.c(285):     2.227 0.101 17.108 17.243 0.163-17.462 100.152 0.036 32.105 45.733c12.699-19.347 47.461-45
Action.c(285):     .679 71.626-45.759l118.288 0.109 37.185 40.662-0.409 101.699-139.439-0.127c-12.548 0.802-1
Action.c(285):     0.381 8.704-8.15 16.963 8.15 16.424 35.072 20.694 42.774 24.282 64.187 12.391 110.886 64.2
Action.c(285):     7 122.697 124.799l1.437 27.805c-4.662 56.376-70.771 133.203-115.365 133.146-0.502 0.056-94
Action.c(285):     .607 0.065-95.472 0.065-0.828-0.008-39.698-42.22-39.698-42.22l-0.135-93.932 96.891-0.119c1
Action.c(285):     2.064-0.445 21.004-11.754 22.762-16.914 1.030-2.014 6.319-13.558-1.191-24.348-15.761-15.82
Action.c(285):     4-33.933-23.554-52.488-30.829-41.71-16.313-79.959-59.289-88.471-103.293l-42.819 20.224-37.
Action.c(285):     459-17.573c0 0-0.272 309.105-0.181 309.040 0.034-0.044-103.738-0.044-103.738-0.044l-42.704
Action.c(285):     -47.429c-19.827-42.153-64.661-127.948-64.661-127.948s-0.026 175.32-0.117 175.358c-0.137 0.
Action.c(285):     018-86.449-0.020-86.449-0.020l-33.752-30.909c0 0-1.165 30.948-1.875 30.948-0.655 0-93.67-0
Action.c(285):     .038-93.67-0.038l-47.59-58.751 0.062-268.207-66.51-0.036v327.15l-93.406-0.091-50.192-58.01
Action.c(285):     5 0.018-269.098-39.843-0.119c1.967 30.321-6.993 74.776-34.862 102.884 18.357 16.973 35.435
Action.c(285):      36.63 35.517 60.255l-0.083 164.112-77.425 0.073-52.653-58.852-0.218-111.735c-2.242-9.002-
Action.c(285):     8.214-20.684-18.72-25.592-6.027-1.238-6.037 2.987-6.037 2.987s-0.244 192.901 0.129 192.984
Action.c(285):     c0.365 0.091-68.314 0.026-68.314 0.026l-39.742-39.251c0 0 11.109 39.114 10.901 39.204-0.19
Action.c(285):     1 0.111-208.118 0.065-208.118 0.065l-36.535-39.196c0 0-14.286 39.416-13.63 39.333 0.637-0.
Action.c(285):     091-86.623-0.22-86.439-0.155 0.173 0.065-24.794-25.257-24.794-25.257l0.065 25.275-89.527-0
Action.c(285):     .065-58.279-57.648-0.062-43.613c-13.584 16.515-30.901 25.183-50.414 19.109-26.265-15.477-7
Action.c(285):     5.732-67.11-75.732-67.11l0.327 149.355-83.434-0.020-64.472-58.751 0.173-340.371c0.51-33.49
Action.c(285):     6 29.892-58.007 62.178-66.673 32.274-8.631 69.86 3.578 85.337 25.338l58.445 87.715 35.497-
Action.c(285):     84.155c11.546-24.072 25.675-32.294 62.66-32.331 36.975-0.046 110.265 52.107 109.346 105.13
Action.c(285):     1l-0.135 219.68 88.453-283.448c9.849-26.66 41.899-41.49 66.735-41.454 27.106 0.062 32.677 
Action.c(285):     3.487 50.313 18.19zM4722.99 444.517l0.083 101.489 46.225 0.129c9.041-0.556 23.326-10.464 3
Action.c(285):     0.863-20.214 10.946-16.89 13.63-33.806 4.673-52.587-13.439-31.258-49.156-29.855-81.843-28.
Action.c(285):     817zM4490.866 688.057l-15.634-49.648-15.922 49.567 31.557 0.081z",\n
Action.c(285):             "M4311.13 853.782l-0.572-3.032-106.653-0.091-69.025-68.249-0.016-15.515c-11.99 4.4
Action.c(285):     06-24.965 4.745-37.62 0.81l-2.030-0.637-1.83-1.093c-13.786-8.111-32.341-24.255-48.112-39.0
Action.c(285):     59l0.256 123.833h-108.782l-75.653-68.969 0.183-348.418c0.665-44.449 38.487-74.305 75.677-8
Action.c(285):     4.282 8.486-2.268 17.41-3.423 26.57-3.423 32.129 0 62.903 14.048 78.372 35.808l39.952 59.9
Action.c(285):     36 22.669-53.689c14.906-31.075 36.328-42.647 79.094-42.683 26.668 0 64.351 19.438 91.71 47
Action.c(285):     .279 16.69 16.973 36.455 43.996 35.892 76.409l-0.054 99.441 53.024-169.849c12.802-34.671 5
Action.c(285):     2.718-53.381 83.764-53.381 32.53 0.065 41.809 5.527 62.075 22.417l1.193 1.093c5.489 5.463 
Action.c(285):     53.937 54.572 65.316 95.643 10.28 33.933 26.686 84.321 41.754 129.796l0.137-248.83 169.603
Action.c(285):      0.046c26.757 0 50.851 11.834 69.078 24.965l-0.109-25.157 423.45-0.018 20.849 27.251c22.72
Action.c(285):     6-20.815 53.135-30.619 83.073-25.941l0.837 0.155c54.29 11.099 82.095 57.36 98.739 85.357l0
Action.c(285):     .010-86.724 119.663 0.119v-0.218l127.712 0.044 24.211 34.471c18.646-17.618 45.905-34.425 6
Action.c(285):     9.977-34.498l126.391 0.109 47.408 51.841-0.538 127.020-134.039-0.127c3.27 1.191 6.41 2.177
Action.c(285):      8.706 2.876 2.85 0.875 5.426 1.685 7.72 2.578 67.449 13.82 121.685 69.404 135.249 138.845
Action.c(285):     l0.321 2.55 1.494 29.025-0.093 1.232c-5.134 61.902-75.058 149.871-133.509 149.881v-0.026c-
Action.c(285):     4.263 0.073-20.913 0.073-95.518 0.073-8.885-0.046-8.885-0.046-53.119-48.094l-4.814-5.223-0
Action.c(285):     .157-119.292 114.611-0.137c2.012-0.228 5.126-3.149 6.182-5.025l0.847-1.921c0.137-0.3 1.256
Action.c(285):     -2.705 0.562-4.761-12.663-12.056-27.739-18.537-44.611-25.13-41.027-16.078-77.435-53.871-93
Action.c(285):     .297-94.714l-31.337 14.786-19.267-9.033c-0.101 108.282-0.218 274.936-0.155 279.997l-6.737 
Action.c(285):     0.091-11.728 11.582-0.127 6.918c-2.804-0.036-63.359-0.044-103.384-0.044h-8.132l-49.93-55.4
Action.c(285):     85-1.157-2.413c-7.537-16.061-18.863-38.723-29.928-60.464l-0.052 92.595c-0.036 9.668-0.065 
Action.c(285):     21.752-13.848 25.185l-1.294 0.29c-1.619 0.292-1.619 0.292-20.23 0.292l-76.453-0.028-12.044
Action.c(285):     -11.070c-2.449 6.682-7.103 11.099-16.489 11.099l-102.374-0.028-57.124-70.543 0.056-256.435
Action.c(285):     -30.037-0.026v327.158l-119.963-0.117-60.11-69.443 0.008-257.697-3.395-0.010c-1.639 26.295-
Action.c(285):     9.716 57.832-28.243 83.418 15.187 16.223 28.861 36.592 28.934 61.347l-0.073 182.421-103.82
Action.c(285):     1 0.081-51.297-57.34c0.028 9.651 0.038 17.944 0.044 24.328l2.133 0.484-2.139 16.414c-2.060
Action.c(285):      15.888-17.21 15.916-24.483 15.932l-15.588 0.010-53.827-0.046-6.892-6.801c-1.439 1.768-3.3
Action.c(285):     97 3.378-6.029 4.735-4.005 2.131-6.2 2.131-131.707 2.131l-92.759-0.018-21.496-23.052c-1.33
Action.c(285):     8 3.85-2.35 6.827-2.824 8.337-1.629 8.678-9.615 15.098-18.638 14.842-4.487-0.073-53.407-0.
Action.c(285):     163-76.070-0.163-3.55 0-6.291 0.010-7.874 0.010l-16.307 3.076zM4810.614 766.786l42.573 47.
Action.c(285):     618 51.041-0.046 0.075-145.902c-0.065-17.2-15.023-33.34-29.664-46.854l-13.895-12.818 13.32
Action.c(285):     2-13.429c22.951-23.109 31.411-61.277 29.636-88.854l-1.284-19.466 77.562 0.21-0.026 280.497
Action.c(285):      40.315 46.572 66.8 0.081-0.006-327.158 103.009 0.054-0.073 279.987 38.057 46.989 68.040 0
Action.c(285):     .018c0.228-4.334 0.419-9.059 0.564-13.401l30.565-12.766 28.525 26.148 61.146 0.018c0.048-3
Action.c(285):     6.765 0.067-120.274 0.067-157.13l34.415-8.456c1.81 3.451 43.593 83.49 63.843 126.19l35.489
Action.c(285):      39.396c39.406 0 63.077 0 77.491 0.083-0.183-31.657-0.101-107.163 0.062-290.842l0.028-28.6
Action.c(285):     96 55.657 26.122 56.304-26.578 4.443 23.072c7.101 36.709 40.289 75.294 77.215 89.771 20.68
Action.c(285):     8 8.093 40.783 16.862 58.773 34.907l2.012 2.459c10.079 14.449 8.23 30.956 3.005 42-4.616 1
Action.c(285):     1.58-19.113 27.194-38.852 27.932h-0.665l-78.644 0.091 0.099 68.596c11.29 12.228 22.808 24.
Action.c(285):     564 29.007 31.083 22.272 0 80.005 0 86.996-0.044h0.939c32.248 0 92.112-65.171 97.093-115.2
Action.c(285):     77l-1.292-25.155c-11.282-55.048-54.548-98.85-108.010-109.165l-2.213-0.429-2.020-0.955c-0.7
Action.c(285):     94-0.318-3.505-1.157-5.491-1.786-13.522-4.187-36.183-11.216-45.961-30.901l-0.8-1.637-0.464
Action.c(285):     -1.758c-1.905-7.029-5.019-18.646 2.338-28.89 3.288-4.598 9.825-10.224 22.262-11.016l1.175-
Action.c(285):     0.036 121.263 0.109 0.3-76.389-26.969-29.462-110.239-0.111c-16.051 0.056-45.868 21.524-56.
Action.c(285):     348 37.513l-14.757 22.48-42.083-59.964-74.095-0.036-29.682 12.072-11.782-11.863-76.387-0.0
Action.c(285):     73-0.018 123.932-34.389 8.486-33.387-63.514c-18.174-30.5-38.914-60.803-74.305-68.239-24.01
Action.c(285):     8-3.562-48.092 7.684-63.113 29.105l-14.27
Action.c(285): t=47577ms: 12288-byte ENCODED response body received for "https://stage.peapod.com/shop/images/icons/PeapodIcons.json" (RelFrameId=1, Internal ID=25)
Action.c(285): t=47577ms: 12288-byte DECODED response body for "https://stage.peapod.com/shop/images/icons/PeapodIcons.json" (RelFrameId=1, Internal ID=25)
Action.c(285):     8 20.377-38.511-50.277-72.785 0.093-0.010 7.374-32.667 11.117-14.338-18.545-248.987-0.028 
Action.c(285):     0.119 31.010-33.361 10.27c-6.118-9.077-38.386-41.099-72.172-41.099l-133.322-0.036-0.191 32
Action.c(285):     4.054-35.526 5.848c-0.536-1.594-54.409-160.308-77.691-237.187-7.474-26.987-42.026-65.891-5
Action.c(285):     5.455-79.42-14.532-12.092-16.372-13.366-38.041-13.411-18.49 0-42.508 11.125-49.438 29.134l
Action.c(285):     -88.298 282.957-35.653-5.445 0.125-219.678c0.266-15.725-8.766-33.55-25.429-50.505-22.369-2
Action.c(285):     2.77-50.94-36.364-65.617-36.364-32.25 0.018-38.686 6.273-46.070 21.587l-35.334 83.728-31.9
Action.c(285):     86 3.022-58.451-87.705c-8.25-11.591-28.253-20.002-48.319-20.002-5.965 0-11.72 0.738-17.126
Action.c(285):      2.175-23.927 6.42-48.265 24.165-48.638 49.329l-0.173 332.022 53.298 48.592h58.080l-0.282-
Action.c(285):     131.062 31.419-12.647c12.856 13.403 49.64 49.94 69.88 62.805 12.31 2.812 22.713-6.146 28.9
Action.c(285):     99-13.776l32.331 11.554 0.044 36.001 47.554 47.042 63.734 0.056-0.020-6.974 31.238-12.856c
Action.c(285):     8.97 9.087 15.134 15.332 19.404 19.785h2.048c0.556 0 41.145 0.046 63.55 0.109 0.812-2.32 1
Action.c(285):     .703-4.834 2.669-7.593 3.505-9.841 7.039-19.619 7.039-19.619l10.159-28.043 51.478 55.193h7
Action.c(285):     6.891c51.45 0 81.741 0 99.366-0.010-1.445-5.154-3.003-10.698-4.533-16.023l30.375-17.964 34
Action.c(285):     .415 33.969 42.427 0.028c-0.008-3.57-0.018-7.595-0.028-11.955-0.026-18.109-0.026-42.256-0.
Action.c(285):     018-66.364 0.018-48.245 0.075-96.492 0.075-96.492 0.016-10.55 8.347-21.423 22.252-21.423 1
Action.c(285):     .848 0 3.759 0.183 5.709 0.593l2.094 0.427 1.947 0.911c20.295 9.486 27.096 31.284 28.69 37
Action.c(285):     .739l0.544 2.149 0.202 106.962zM4515.769 706.368l-81.462-0.228 23.556-73.329 34.77 0.109 2
Action.c(285):     3.137 73.448zM4769.836 564.381l-65.002-0.191-0.107-137.355 18.509-0.583c6.084-0.189 12.264
Action.c(285):     -0.383 18.382-0.383 18.702 0 62.414 0 79.832 39.934 11.016 23.363 9.004 46.917-5.983 70.03
Action.c(285):     5l-0.873 1.246c-9.651 12.473-28.406 26.285-44.159 27.259l-0.599 0.038zM4741.291 527.805l27
Action.c(285):     .049 0.073c2.951-0.683 11.701-6.1 16.946-12.562 7.827-12.393 8.702-22.308 3.076-34.153l-0.
Action.c(285):     292-0.619c-5.699-13.258-18.291-18.192-46.453-18.192-0.127 0-0.262 0-0.371 0.010l0.044 65.4
Action.c(285):     43z",\n
Action.c(285):             "M4833.74 576.352c26.257-13.903 53.5-77.254 36.437-122.031-13.483-35.461-44.24-76.
Action.c(285):     477-90.638-76.397l-129.268-0.202-1.22 393.353 69.922-0.101 0.056-149.837c61.585-5.116 84.1
Action.c(285):     17 16.487 86.84 39.331 0.083 0.639 0.282 110.487 0.282 110.487l68.404 0.191 0.062-157.458c
Action.c(285):     -1.054-13.602-18.863-31.986-40.879-37.338zM4796.338 524.017c-7.549 9.752-21.825 19.647-30.
Action.c(285):     873 20.206l-46.225-0.129-0.101-101.481c32.714-1.020 68.423-2.441 81.851 28.807 8.978 18.80
Action.c(285):     1 6.291 35.709-4.652 52.597z",\n
Action.c(285):             "M4892.793 789.457l-104.841-0.3-0.044-18.164c-0.065-40.416-0.202-100.679-0.264-109
Action.c(285):     .165-3.28-20.54-35.59-23.117-50.378-23.199l-0.065 150.574-106.452 0.135 1.33-429.878 147.4
Action.c(285):     96 0.228c54.683 0 91.446 45.534 107.663 88.161 15.169 39.833 1.901 92.577-21.56 123.551 15
Action.c(285):     .205 10.825 25.977 26.13 27.124 40.871l0.062 1.421-0.073 175.765zM4824.363 752.766l31.948 
Action.c(285):     0.081 0.065-138.091c-1.010-4.779-11.637-16.944-26.932-20.659l-46.699-11.363 42.466-22.488c
Action.c(285):     17.553-9.333 42.055-62.321 27.924-99.423-11.881-31.266-37.42-64.653-73.438-64.653l-111.251
Action.c(285):     -0.163-1.084 356.785 33.379-0.026 0.054-148.418 16.725-1.391c6.565-0.53 12.929-0.83 18.928
Action.c(285):     -0.83 75.024 0 85.968 43.010 87.542 56.193 0.155 1.377 0.191 1.659 0.375 94.446zM4766.001 
Action.c(285):     562.459l-64.99-0.173-0.127-137.363 18.527-0.564c6.065-0.191 12.23-0.383 18.347-0.383 18.7 
Action.c(285):     0 62.448 0 79.858 39.906 11.026 23.363 9.022 46.937-5.983 70.051l-0.873 1.248c-9.67 12.502
Action.c(285):     -28.444 26.293-44.185 27.261l-0.574 0.018zM4737.458 525.883l27.078 0.093c2.913-0.683 11.65
Action.c(285):     3-6.092 16.926-12.564 7.837-12.375 8.712-22.308 3.068-34.135l-0.292-0.647c-5.717-13.3-18.2
Action.c(285):     36-18.218-46.844-18.172l0.065 65.425z",\n
Action.c(285):             "M4009.081 400.34l63.188 145.632c0 0 38.785-92.952 55.447-134.616 6.428-13.874 10.
Action.c(285):     053-29.188 37.868-32.067 27.803-2.866 48.090 8.787 59.789 18.93 11.689 10.159 19.331 28.28
Action.c(285):     7 19.51 44.359 0.173 16.059 0.329 328.269 0.163 328.351-0.179 0.109-76.869 0.062-77.052 0.
Action.c(285):     081-0.163 0.028-0.036-287.071-0.036-287.071l-64.316 191.417c-7.037 15.36-23.363 22.48-42.8
Action.c(285):     99 16.416-9.025-0.764-16.509-10.188-20.996-16.59 0 0-68.185-191.234-67.905-191.216 0.274 0
Action.c(285):     .044-0.008 287.081-0.008 287.081l-77.616-0.056v-342.699c0.391-34.016 41.736-50.45 64.671-5
Action.c(285):     0.523 24.034-0.091 43.29 11.335 50.192 22.57z",\n
Action.c(285):             "M4162.014 789.967l-5.965-5.18c-6.346-5.499-6.346-5.499-6.374-58.68v-98.685l0.010-
Action.c(285):     31.813-29.462 87.35c-8.377 18.291-25.594 29.216-46.024 29.216-5.628 0-11.409-0.826-17.219-
Action.c(285):     2.483-15.314-2.324-25.648-14.705-32.175-24.038l-1.411-2.022-0.83-2.32c-13.175-36.939-23.78
Action.c(285):     8-66.758-32.365-90.83-0.020 41.793-0.048 99.852-0.129 180.593l-0.016 18.226-114.083-0.062v
Action.c(285):     -360.948c0.52-44.786 48.465-68.677 82.861-68.767 32.294 0 56.249 15.705 65.79 31.266l1.193
Action.c(285):      2.284 46.098 106.244c12.619-30.393 29.408-71.063 38.858-94.726l0.393-0.893c0.599-1.31 1.1
Action.c(285):     91-2.641 1.766-3.979 6.082-13.893 15.259-34.897 50.777-38.565 3.469-0.365 6.946-0.546 10.3
Action.c(285):     69-0.546 29.563 0 50.714 12.945 63.25 23.844 15.435 13.374 25.568 36.108 25.804 57.914 0.0
Action.c(285):     91 8.396 0.173 94.206 0.21 170.385 0.018 40.025 0.026 79.584 0.026 109.112l-0.026 35.626c-
Action.c(285):     0.018 18.555-0.036 24.8-10.242 29.827-3.798 1.937-3.798 1.937-60.747 1.937h-23.383l-6.954 
Action.c(285):     0.712zM3912.462 752.756l41.143 0.036c0.065-82.898 0.191-246.463 0.028-266.331l-1.693-6.537
Action.c(285):      12.147-15.751 24.782 4.142 0.974 11.99c5.253 15.124 41.389 116.651 66.211 186.293 3.878 5
Action.c(285):     .207 6.079 6.672 6.773 7.047l1.429 0.135 1.895 0.583c9.512 2.951 17.035 0.937 20.549-5.882
Action.c(285):     l63.97-190.351 35.536 5.819c-0.038 79.737-0.073 219.45-0.020 268.806h40.672c0.073-66.437-0
Action.c(285):     .062-296.111-0.218-309.998-0.119-11.27-5.692-24.217-13.221-30.746-7.849-6.809-21.022-14.92
Action.c(285):     3-39.341-14.923-2.175 0-4.396 0.119-6.628 0.337-14.35 1.494-16.051 5.382-21.087 16.89-0.61
Action.c(285):     9 1.437-1.238 2.858-1.885 4.261-16.616 41.526-54.992 133.501-55.385 134.438l-16.505 39.551
Action.c(285):     -79.592-183.496c-4.154-5.535-17.009-13.056-33.816-13.056-15.888 0.046-46.479 11.554-46.717
Action.c(285):      32.476v324.265z",\n
Action.c(285):             "M4491.067 402.935c8.621 9.041 16.168 26.047 16.168 26.047s103.184 341.992 103.474
Action.c(285):      342.028c0.292 0.026-197.67-0.054-197.67-0.054l0.191-68.021 96.964-0.091-64.879-218.904-87
Action.c(285):     .161 287.236c0 0-75.832 0-75.905-0.083-0.083-0.056 112.051-363.933 112.051-363.933 4.844-1
Action.c(285):     6.88 42.427-38.249 72.865-25.475 10.889 5.316 16.799 11.070 23.901 21.25z",\n
Action.c(285):             "M4371.675 789.421l-51.448-0.020c-43.339-0.026-44.824-0.026-49.585-4.215-9.534-7.4
Action.c(285):     56-7.484-14.138-1.048-35.108l107.28-348.299c6.402-22.316 39.279-42.218 70.279-42.218 9.569
Action.c(285):      0 18.676 1.784 27.069 5.316l0.929 0.419c14.521 7.075 22.433 15.287 30.135 26.148 10.016 1
Action.c(285):     1.073 17.755 28.17 18.619 30.137l0.802 2.139c30.518 101.199 85.575 283.485 99.868 330.347l
Action.c(285):     5.072 0.5-0.701 17.18c-0.556 13.467-9.968 16.582-20.041 17.299l-0.016 0.109c-0.22-0.018-0.
Action.c(285):     445-0.034-0.673-0.062-2.806 0.163-5.646 0.163-8.349 0.163-41.337 0-186.828-0.052-186.828-0
Action.c(285):     .052h-18.293l0.21-76.482-23.282 76.699zM4306.905 752.892c11.308 0.020 25.048 0.028 37.731 
Action.c(285):     0.028l100.88-332.496 89.106 300.647-103.2 0.091-0.083 31.548c35.644 0.028 114.464 0.054 15
Action.c(285):     4.709 0.054-2.514-8.267-5.602-18.4-9.087-29.926-9.716-32.067-22.645-74.823-35.556-117.579-
Action.c(285):     24.080-79.668-48.108-159.325-51.285-169.831-2.622-5.662-7.869-15.306-12.246-19.903l-1.758-
Action.c(285):     2.139c-5.727-8.194-9.333-11.518-16.455-15.052-3.788-1.52-7.984-2.284-12.51-2.284-17.636 0-
Action.c(285):     33.413 11.443-35.362 16.297-31.22 101.297-85.484 277.437-104.885 340.542zM4445.115 547.435
Action.c(285):     l-41.645 137.264 82.299-0.073-40.654-137.192z",\n
Action.c(285):             "M5417.652 407.214l98.56 202.762 0.399-232.115 81.005-0.018v393.087l-85.675 0.028-
Action.c(285):     132.227-260.104-0.046 260.239-77.036 0.010-0.135-346.453c-0.447-18.164 32.45-46.808 58.015
Action.c(285):     -47.108 18.656-0.191 47.217 6.874 57.14 29.672z",\n
Action.c(285):             "M5284.396 789.356l-0.145-364.707c-0.347-14.741 9.506-28.243 17.872-36.892 13.102-
Action.c(285):     13.574 35.29-28.196 58.189-28.46h0.966c25.457 0 59.763 10.561 72.938 40.261l63.879 131.445
Action.c(285):      0.308-171.369 117.452-0.046v429.588l-115.129 0.028-102.783-202.218-0.028 202.353-113.517 
Action.c(285):     0.018zM5361.276 395.787c-17.118 0.191-39.533 20.722-40.555 28.698l0.149 328.377 40.551-0.0
Action.c(285):     24 0.036-241.987 34.518-8.248 127.137 250.106 56.268-0.010v-356.602h-44.56l-0.381 213.923-
Action.c(285):     34.637 7.94-98.903-203.474c-6.41-14.794-28.726-18.7-39.624-18.7z",\n
Action.c(285):             "M5932.87 442.667l-89.263 0.028c-17.972-0.036-29.936 14.413-36.181 33.113-6.001 18
Action.c(285):     .063-1.949 47.491 10.397 61.412 32.23 26.795 70.398 16.717 99.987 48.364 35.608 39.577 42.
Action.c(285):     036 80.086 25.757 122.112-14.751 36.785-53.827 63.341-88.153 63.315l-92.057 0.073-0.183-60
Action.c(285):     .146 87.635-0.181c12.645-0.308 27.844-17.491 32.885-31.776 13.094-37.13-28.216-59.372-59.6
Action.c(285):     62-70.178-26.832-9.232-63.506-30.529-80.658-76.816-12.621-45.123-6.847-93.97 33.431-128.42
Action.c(285):     1 18.619-12.975 30.285-25.721 59.747-25.767l96.49 0.046-0.171 64.824z",\n
Action.c(285):             "M5745.157 789.329l-0.274-96.601 105.216-0.228c3.614-1.020 12.973-9.942 16.37-19.5
Action.c(285):     93 2.076-5.864 1.965-10.651-0.383-15.485-5.463-11.329-22.961-22.762-47.973-31.377-25.392-8
Action.c(285):     .73-71.097-31.738-91.839-87.697l-0.474-1.455c-16.305-58.316-2.048-111.971 39.134-147.196l1
Action.c(285):     .437-1.103c2.832-1.975 5.481-3.933 8.075-5.844 15.396-11.391 31.305-23.153 62.077-23.199l1
Action.c(285):     14.819 0.054-0.29 101.299-107.427 0.036c-10.452 0-16.334 12.927-18.91 20.639-4.062 12.246-
Action.c(285):     0.976 33.534 5.989 42.583 11.681 9.25 24.566 12.794 39.424 16.852 19.539 5.366 41.702 11.4
Action.c(285):     27 61.013 32.105 39.093 43.458 48.908 90.864 29.444 141.177-17.18 42.812-62.341 74.96-105.
Action.c(285):     123 74.96l-110.304 0.073zM5781.449 729.139l0.091 23.681 73.857-0.054c27.862 0 59.783-23.26
Action.c(285):     4 71.245-51.851 14.415-37.267 7.329-70.098-22.397-103.122-12.028-12.873-26.751-16.924-43.7
Action.c(285):     86-21.603-16.981-4.644-36.235-9.934-54.29-24.939l-1.986-1.903c-18.164-20.486-21.439-57.096
Action.c(285):     -14.074-79.293 9.686-28.999 29.17-45.614 53.462-45.614h71.099l0.081-28.362-78.219-0.028c-1
Action.c(285):     8.728 0.020-26.894 6.037-40.406 16.025-2.594 1.931-5.289 3.917-8.103 5.9-39.914 34.689-34.
Action.c(285):     389 82.434-27.279 108.383 14.842 39.295 45.798 57.132 69.215 65.189 24.548 8.43 56.405 23.
Action.c(285):     937 68.997 49.995 6.527 13.53 7.21 28.569 1.929 43.494-6.108 17.38-26.12 43.365-49.61 43.9
Action.c(285):     55l-69.826 0.147z",\n
Action.c(285):             "M5141.561 442.704l-84.174-0.246-0.28 328.454-84.847 0.044 0.208-328.379-83.444 0.
Action.c(285):     137 0.189-65.008 252.156 0.117z",\n
Action.c(285):             "M4954.004 789.22l0.191-328.353-83.472 0.127 0.3-101.543 288.538 0.145 0.3 101.398
Action.c(285):     -84.246-0.244-0.274 328.406-121.338 0.065zM4990.715 424.314l-0.202 328.388 48.374-0.028 0.
Action.c(285):     274-328.506 84.099 0.238-0.062-28.335-215.792-0.109-0.081 28.481 83.389-0.127z",\n
Action.c(285):             "M5261.27 771.093l-75.933 0.010v-393.297l75.933 0.228z",\n
Action.c(285):             "M5167.1 789.356v-429.852l112.406 0.329v429.506l-112.406 0.018zM5203.591 396.098v3
Action.c(285):     56.765l39.432-0.024v-356.624l-39.432-0.117z",\n
Action.c(285):             "M5711.488 377.77c0.673 30.609 0.135 76.143-23.244 104.275-14.713 12.639-21.361 24
Action.c(285):     .165-46.673 20.851l14.596-60.192h-20.748l0.173-64.778 75.895-0.155z",\n
Action.c(285):             "M5649.831 521.714c-3.35 0-6.92-0.254-10.617-0.738l-20.157-2.649 13.923-57.378-15.
Action.c(285):     852-0.008 0.264-101.209 111.951-0.246 0.393 17.882c0.883 40.134-1.693 85.347-27.469 116.33
Action.c(285):     9l-2.123 2.177c-2.258 1.921-4.298 3.824-6.247 5.644-10.169 9.462-21.677 20.186-44.066 20.1
Action.c(285):     86zM5653.711 424.477l25.654 0.008-12.764 52.581c0.764-0.693 1.566-1.421 2.439-2.239 1.913-
Action.c(285):     1.784 3.888-3.616 6.037-5.509 14.195-17.964 17.817-45.723 18.265-73.266l-39.569 0.083-0.06
Action.c(285):     2 28.343z",\n
Action.c(285):             "M4794.973 787.854l-0.308-25.558 22.933 0.038c-1.921 8.639-10.589 22.542-22.625 25
Action.c(285):     .519z",\n
Action.c(285):             "M4498.122 385.062c0 0 50.194 49.985 60.61 87.596 23.453 77.481 77.51 236.613 77.5
Action.c(285):     1 236.613l0.2-342.272 151.356 0.026c42.839-0.109 79.939 37.94 87.496 49.138l-0.198-49.311 
Action.c(285):     276.226 0.028 19.865 25.62 0.056-25.556 99.961-0.109 28.851 37.666c17.343-24.747 47.098-41
Action.c(285):     .948 81.287-36.584 44.705 9.131 68.906 46.925 86.978 77.28l33.605 63.944 0.018-142.197 102
Action.c(285):     .239 0.081 17.126 17.263 0.153-17.462 100.152 0.036 32.111 45.723c12.683-19.337 47.447-45.
Action.c(285):     669 71.62-45.733l118.296 0.093 37.203 40.652-0.435 101.709-139.439-0.117c-12.566 0.782-10.
Action.c(285):     381 8.684-8.158 16.963 8.13 16.404 35.080 20.676 42.8 24.29 64.151 12.383 110.842 64.252 1
Action.c(285):     22.713 124.781l1.429 27.823c-4.707 56.358-70.789 133.185-115.42 133.138-0.474 0.046-94.579
Action.c(285):      0.054-95.436 0.054-0.875-0.008-39.722-42.21-39.722-42.21l-0.093-93.97 96.839-0.081c12.090
Action.c(285):     -0.458 21.040-11.746 22.772-16.944 1.026-2.002 6.317-13.53-1.203-24.336-15.725-15.816-33.8
Action.c(285):     89-23.546-52.454-30.803-41.708-16.334-79.965-59.307-88.477-103.301l-42.81 20.22-37.475-17.
Action.c(285):     579c0 0-0.264 309.105-0.202 309.048 0.083-0.052-103.738-0.052-103.738-0.052l-42.681-47.437
Action.c(285):     c-19.821-42.147-64.645-127.94-64.645-127.94s-0.044 175.33-0.127 1
Action.c(285): t=47600ms: 12288-byte DECODED response body for "https://stage.peapod.com/shop/images/icons/PeapodIcons.json" (RelFrameId=1, Internal ID=25)
Action.c(285):     75.348c-0.137 0.028-86.468-0.018-86.468-0.018l-33.713-30.901c0 0-1.175 30.948-1.877 30.948
Action.c(285):     -0.673 0-93.67-0.046-93.67-0.046l-47.59-58.743 0.044-268.207-66.536-0.044 0.016 327.166-93
Action.c(285):     .396-0.099-50.202-58.025 0.018-269.088-39.843-0.119c1.977 30.311-6.964 74.776-34.86 102.87
Action.c(285):     6 18.365 16.971 35.463 36.644 35.515 60.263l-0.052 164.12-77.445 0.073-52.653-58.87-0.226-
Action.c(285):     111.697c-2.242-9.041-8.214-20.712-18.712-25.638-6.017-1.238-6.017 3.005-6.017 3.005s-0.256
Action.c(285):      192.909 0.101 192.982c0.373 0.093-68.306 0.020-68.306 0.020l-39.742-39.233c0 0 11.099 39.
Action.c(285):     093 10.901 39.204-0.202 0.101-208.126 0.054-208.126 0.054l-36.535-39.178c0 0-14.278 39.416
Action.c(285):     -13.622 39.305 0.637-0.081-86.623-0.2-86.439-0.145 0.181 0.065-24.794-25.247-24.794-25.247
Action.c(285):     l0.065 25.265-89.527-0.054-58.279-57.652-0.062-43.611c-13.584 16.507-30.901 25.157-50.414 
Action.c(285):     19.101-26.265-15.485-75.722-67.102-75.722-67.102l0.316 149.337-83.434-0.018-64.472-58.761 
Action.c(285):     0.173-340.353c0.502-33.506 29.881-58.007 62.168-66.665 32.292-8.642 69.87 3.56 85.347 25.3
Action.c(285):     3l58.445 87.705 35.497-84.137c11.546-24.072 25.675-32.294 62.649-32.339 36.975-0.046 110.2
Action.c(285):     76 52.105 109.356 105.141l-0.125 219.668 88.443-283.457c9.849-26.65 41.899-41.464 66.735-4
Action.c(285):     1.436 27.096 0.036 32.687 3.479 50.313 18.182zM4722.761 448.203l0.083 101.489 46.217 0.129
Action.c(285):     c9.049-0.556 23.344-10.462 30.891-20.204 10.925-16.898 13.62-33.788 4.673-52.607-13.457-31
Action.c(285):     .228-49.166-29.827-81.864-28.807zM4490.656 691.746l-15.642-49.64-15.941 49.547 31.583 0.09
Action.c(285):     3z",\n
Action.c(285):             "M4833.539 580.067c26.231-13.911 53.49-77.272 36.429-122.050-13.483-35.443-44.24-7
Action.c(285):     6.488-90.638-76.379l-129.286-0.218-1.211 393.341 69.916-0.073 0.054-149.845c61.583-5.146 8
Action.c(285):     4.125 16.479 86.849 39.331 0.073 0.637 0.284 110.475 0.284 110.475l68.402 0.202 0.054-157.
Action.c(285):     474c-1.048-13.602-18.847-31.984-40.853-37.311zM4796.121 527.714c-7.541 9.752-21.853 19.658
Action.c(285):     -30.895 20.204l-46.207-0.119-0.081-101.499c32.695-1.020 68.394-2.413 81.843 28.817 8.948 1
Action.c(285):     8.811 6.281 35.727-4.66 52.597z",\n
Action.c(285):             "M4880.52 781.063l-80.757-0.228-0.028-6.146c-0.073-37.102-0.202-107.873-0.274-110.
Action.c(285):     304-2.822-23.554-30.035-36.374-74.466-33.788l-0.056 150.256-82.315 0.109 1.256-405.734 135
Action.c(285):     .452 0.21c48.59 0 81.642 41.526 96.427 80.386 16.142 42.401-4.989 99.104-29.234 122.221 18
Action.c(285):     .299 8.24 32.913 24.274 34.050 38.852l-0.054 164.167zM4812.115 768.499l56.032 0.135 0.065-
Action.c(285):     151.256c-0.82-10.353-16.799-26.612-36.136-31.301l-15.836-3.854 14.405-7.638c24.129-12.782 
Action.c(285):     49.329-72.92 33.55-114.382-13.338-34.981-42.573-72.375-84.71-72.375l-123.267-0.208-1.175 3
Action.c(285):     80.95 57.515-0.065 0.062-149.353 5.672-0.484c6.237-0.528 12.272-0.782 17.946-0.782 63.305 
Action.c(285):     0 73.922 31.857 75.55 45.568 0.065 0.456 0.127 0.976 0.327 105.043zM4765.618 554.11l-52.78
Action.c(285):     8-0.165-0.099-113.626 6.835-0.228c5.938-0.191 11.974-0.373 17.956-0.373 27.076 0 56.447 3.
Action.c(285):     923 68.931 32.939 9.305 19.502 7.658 38.676-5.144 58.424-8.267 10.728-24.072 22.308-35.691
Action.c(285):      23.028zM4725.202 541.618l40.051 0.109c6.392-0.401 19.194-9.067 25.967-17.809 10.099-15.62
Action.c(285):     4 11.455-30.42 3.961-46.142-11.373-26.451-41.708-26.293-70.061-25.475l0.083 89.318z",\n
Action.c(285):             "M4008.872 404.045l63.178 145.64c0 0 38.785-92.95 55.447-134.624 6.418-13.893 10.0
Action.c(285):     53-29.206 37.876-32.075 27.787-2.86 48.092 8.777 59.781 18.928 11.699 10.143 19.339 28.289
Action.c(285):      19.51 44.34 0.173 16.088 0.337 328.307 0.157 328.39-0.173 0.083-76.873 0.044-77.036 0.062
Action.c(285):     -0.163 0.020-0.038-287.081-0.038-287.081l-64.333 191.438c-7.029 15.33-23.371 22.478-42.901
Action.c(285):      16.396-9.014-0.766-16.507-10.178-20.996-16.569 0 0-68.175-191.246-67.894-191.21 0.274 0.0
Action.c(285):     28-0.016 287.047-0.016 287.047l-77.6-0.038-0.026-342.691c0.409-34.034 41.744-50.468 64.679
Action.c(285):     -50.541 24.036-0.083 43.3 11.345 50.212 22.588z",\n
Action.c(285):             "M4165.782 781.236l-2.141-1.913c-2.11-1.903-2.11-1.903-2.119-49.521l-0.010-98.687 
Action.c(285):     0.028-105.577-52.498 156.091c-8.313 18.136-28.398 26.33-49.757 19.922-11.153-1.322-19.484-
Action.c(285):     11.508-24.828-19.111l-0.776-1.465c-10.978-30.847-39.323-110.376-55.766-156.739 0.065 69.22
Action.c(285):     5-0.073 214.48-0.119 250.497v6.202l-89.989-0.075-0.010-348.863c0.464-39.452 47.136-56.651 
Action.c(285):     70.843-56.741 27.442 0 47.947 13.247 55.504 25.548l0.399 0.774 57.396 132.265c11.363-27.30
Action.c(285):     5 37.138-89.382 49.795-121.068 0.79-1.711 1.411-3.112 2.020-4.533 5.543-12.683 12.445-28.4
Action.c(285):     6 40.972-31.419 3.058-0.31 6.118-0.464 9.113-0.464 25.866 0 44.393 11.353 55.375 20.877 12
Action.c(285):     .746 11.052 21.45 30.728 21.641 48.965 0.091 8.404 0.173 94.133 0.212 170.248 0.016 40.043
Action.c(285):      0.034 79.584 0.016 109.102l-0.016 35.636c-0.028 17.38-0.028 17.38-3.624 19.075-1.211 0.61
Action.c(285):     7-1.211 0.617-58.918 0.635h-20.293l-2.451 0.339zM3900.189 768.507l65.236 0.046c0.099-96.28
Action.c(285):     4 0.218-268.070 0.026-279.979l-0.583-2.268 4.126-5.362 8.404 1.401 0.355 4.163c2.83 8.466 
Action.c(285):     44.822 126.418 67.31 189.505 6.045 8.414 11.409 12.901 15.979 13.294l1.304 0.262c15.568 4.
Action.c(285):     826 29.38-0.236 35.316-12.8l64.216-191.099 12.054 1.975c-0.038 88.008-0.073 247.957 0 280.
Action.c(285):     87h14.594c15.562 0 39.188 0 50.14-0.008 0.111-43.292-0.026-307.565-0.189-322.179-0.157-14.
Action.c(285):     667-7.303-31.002-17.374-39.724-9.395-8.15-25.219-17.864-47.261-17.864-2.586 0-5.219 0.137-
Action.c(285):     7.849 0.401-21.341 2.213-25.548 11.855-30.893 24.064-0.645 1.494-1.3 2.995-1.992 4.471-16.
Action.c(285):     344 40.924-54.957 133.457-55.338 134.376l-5.608 13.429-68.787-158.559c-6.182-9.641-23.3-19
Action.c(285):     .275-44.449-19.275-21.048 0.065-58.388 14.977-58.745 44.413l0.010 336.446z",\n
Action.c(285):             "M4490.848 406.631c8.621 9.041 16.168 26.068 16.168 26.068s103.184 341.99 103.484 
Action.c(285):     342.008c0.3 0.020-197.68-0.054-197.68-0.054l0.191-68.040 96.964-0.081-64.879-218.904-87.15
Action.c(285):     1 287.234c0 0-75.843-0.010-75.915-0.062-0.083-0.073 112.061-363.943 112.061-363.943 4.834-
Action.c(285):     16.87 42.417-38.241 72.863-25.457 10.881 5.289 16.781 11.052 23.893 21.232z",\n
Action.c(285):             "M4362.536 781.063h-4.588c-71.027-0.010-77.536-0.010-79.523-1.23-0.026-0.028-0.044
Action.c(285):     -0.036-0.081-0.073-0.026-0.008-0.044-0.046-0.083-0.056-3.467-2.475-3.386-2.794 2.641-22.38
Action.c(285):     7l107.272-348.291c4.543-15.844 30.655-33.723 58.761-33.723 7.958 0 15.507 1.474 22.417 4.3
Action.c(285):     78 12.854 6.247 19.383 13.183 26.293 23.044 9.123 9.76 16.707 26.723 17.025 27.461l0.274 0
Action.c(285):     .72c32.695 108.373 93.069 308.311 102.229 338.047l1.748 0.183-0.238 5.828c-0.173 4.15-1.15
Action.c(285):     5 5.398-6.801 5.789l-0.008 0.101c-0.274-0.008-0.53-0.046-0.766-0.083-2.358 0.127-5.434 0.1
Action.c(285):     27-9.486 0.127-41.381 0-186.811-0.052-186.811-0.052h-6.19l0.21-80.404 94.853-0.093-56.649-
Action.c(285):     191.161-82.499 271.876zM4290.38 768.626c13.54 0.046 41.272 0.046 62.978 0.046l91.811-302.5
Action.c(285):     78 73.103 246.611-99.086 0.109-0.167 55.657c28.863 0.028 149.994 0.083 183.080 0.044-0.593
Action.c(285):     -1.903-1.266-4.114-2.050-6.718-2.85-9.341-6.91-22.705-11.764-38.749-9.714-32.058-22.651-74
Action.c(285):     .823-35.57-117.562-24.812-82.142-49.595-164.265-51.506-170.611-1.074-2.35-7.702-16.471-14.
Action.c(285):     84-23.963l-0.611-0.72c-6.983-10.034-12.209-14.705-21.506-19.23-5.088-2.121-11.006-3.268-17
Action.c(285):     .317-3.268-23.070 0-44.030 14.858-46.898 24.874-1.046 3.395-93.486 303.332-109.657 356.058
Action.c(285):     z",\n
Action.c(285):             "M5417.433 410.91l98.542 202.78 0.443-232.125 80.979-0.036v393.115l-85.685 0.008-1
Action.c(285):     32.225-260.094-0.038 260.241-77.062 0.008-0.109-346.453c-0.437-18.164 32.439-46.826 58.015
Action.c(285):     -47.090 18.664-0.21 47.245 6.847 57.14 29.646z",\n
Action.c(285):             "M5296.195 781.008l-0.109-352.653c-0.21-8.458 4.953-18.638 14.495-28.533 10.907-11
Action.c(285):     .29 30.454-24.556 49.656-24.757h0.82c21.933 0 51.359 8.732 62.049 33.379l86.722 178.452 0.
Action.c(285):     401-211.521 93.359-0.036v405.496l-95.663 0.018-122.247-240.473-0.028 240.59-89.455 0.038zM
Action.c(285):     5361.058 387.447h-0.683c-12.484 0.147-28.898 8.567-40.879 20.978-7.021 7.275-11.155 14.659
Action.c(285):     -11.026 19.774l0.109 340.426 64.671-0.018 0.065-254.049 11.699-2.804 130.516 256.716 75.68
Action.c(285):     5-0.010v-380.73l-68.622 0.018-0.419 225.943-11.77 2.685-98.54-202.762c-8.996-20.712-36.167
Action.c(285):     -26.166-50.805-26.166z",\n
Action.c(285):             "M5932.632 446.364l-89.243 0.028c-17.972-0.028-29.946 14.403-36.183 33.113-5.999 1
Action.c(285):     8.073-1.965 47.481 10.399 61.42 32.22 26.787 70.404 16.707 99.987 48.356 35.598 39.577 42.
Action.c(285):     063 80.068 25.783 122.13-14.777 36.773-53.845 63.315-88.161 63.297l-92.067 0.065-0.2-60.13
Action.c(285):     8 87.661-0.173c12.609-0.327 27.813-17.491 32.867-31.792 13.102-37.102-28.188-59.364-59.652
Action.c(285):     -70.17-26.852-9.242-63.48-30.52-80.66-76.808-12.629-45.133-6.858-93.978 33.415-128.439 18.
Action.c(285):     607-12.973 30.254-25.721 59.771-25.757l96.492 0.036-0.21 64.835z",\n
Action.c(285):             "M5756.976 780.963l-0.246-72.502 93.851-0.191c8.567-0.218 22.296-14.193 27.057-27.
Action.c(285):     668 3.143-8.885 2.834-16.981-0.909-24.729-6.966-14.411-26.485-27.749-54.929-37.519-23.354-
Action.c(285):     8.031-65.389-29.172-84.428-80.503-15.414-54.883-2.842-102.765 35.197-135.305l0.476-0.383c2
Action.c(285):     .941-2.040 5.69-4.080 8.357-6.045 14.459-10.671 28.124-20.778 54.937-20.815l102.7 0.046-0.
Action.c(285):     226 77.207-95.428 0.036c-17.991 0-26.713 18.073-30.309 28.863-5.535 16.688-1.228 43.228 8.
Action.c(285):     859 55.038 13.874 11.379 28.89 15.503 44.786 19.839 18.875 5.189 38.404 10.542 55.393 28.7
Action.c(285):     24 35.655 39.634 44.731 82.861 27.031 128.577-15.414 38.368-55.766 67.266-93.887 67.266l-9
Action.c(285):     8.284 0.065zM5769.158 720.807l0.155 47.781 85.893-0.073c32.869 0 69.049-26.084 82.434-59.4
Action.c(285):     16 16.051-41.518 8.013-79.358-24.647-115.686-14.513-15.521-31.538-20.186-49.547-25.138-16.
Action.c(285):     598-4.533-33.752-9.25-49.803-22.578l-0.675-0.665c-14.584-16.471-17.862-48.773-11.635-67.48
Action.c(285):     3 7.922-23.746 23.217-37.358 41.982-37.358l83.154-0.016 0.155-52.444-90.273-0.046c-22.734 
Action.c(285):     0.028-33.707 8.132-47.582 18.384-2.687 1.994-5.455 4.034-8.386 6.082-45.852 39.422-39.277 
Action.c(285):     93.249-31.256 121.874 16.261 43.748 50.696 63.669 76.707 72.619 22.353 7.686 51.24 21.532 
Action.c(285):     62.049 43.841 5.191 10.744 5.662 22.242 1.429 34.252-5.89 16.688-23.181 35.517-38.559 35.8
Action.c(285):     98l-81.595 0.173z",\n
Action.c(285):             "M5141.333 446.392l-84.153-0.228-0.284 328.442-84.837 0.046 0.163-328.361-83.416 0
Action.c(285):     .127 0.181-65.006 252.182 0.117z",\n
Action.c(285):             "M4965.848 780.852l0.202-328.361-83.446 0.129 0.212-77.419 264.537 0.137 0.2 77.28
Action.c(285):     2-84.192-0.248-0.274 328.428-97.238 0.052zM4978.423 440.082l-0.173 328.388 72.448-0.054 0.
Action.c(285):     29-328.47 84.164 0.246-0.155-52.48-239.836-0.117-0.147 52.625 83.41-0.137z",\n
Action.c(285):             "M5261.051 774.799l-75.915 0.008v-393.295l75.915 0.208z",\n
Action.c(285):             "M5178.955 781.008v-405.706l88.27 0.254v405.413l-88.27 0.038zM5191.327 387.711v380
Action.c(285):     .914l63.514-0.018v-380.712l-63.514-0.183z",\n
Action.c(285):             "M5711.26 381.475c0.703 30.583 0.127 76.141-23.244 104.267-14.713 12.655-21.333 24
Action.c(285):     .163-46.652 20.841l14.578-60.164h-20.74l0.145-64.78 75.913-0.163z",\n
Action.c(285):             "M5649.604 513.348c-2.814 0-5.864-0.202-9.033-0.629l-6.837-0.893 14.33-59.207h-19.
Action.c(285):     081l0.218-77.173 88.106-0.181 0.153 6.073c0.857 37.884-1.429 80.384-24.691 108.373l-0.72 0
Action.c(285):     .738c-2.387 2.022-4.525 4.023-6.591 5.944-9.343 8.724-18.182 16.954-35.854 16.954zM5649.09
Action.c(285):     4 500.974c13.173 0.282 19.021-5.316 27.94-13.628 2.040-1.913 4.191-3.917 6.521-5.936 19.22
Action.c(285):     -23.473 22.042-59.954 21.623-93.724l-63.633 0.127-0.145 52.407h22.397l-14.703 60.755z",\n
Action.c(285):             "M4807.427 481.071c-13.439-31.228-49.148-29.835-81.86-28.815l0.091 101.481 46.233 
Action.c(285):     0.145c9.041-0.564 23.334-10.452 30.873-20.212 10.943-16.872 13.612-33.77 4.662-52.599zM477
Action.c(285):     0.335 538.076l-0.302-25.556 22.927 0.034c-1.893 8.668-10.589 22.544-22.625 25.521z",\n
Action.c(285):             "M6062.339 805.281c0 23.471-19.047 42.5-42.502 42.5-23.479 0-42.5-19.029-42.5-42.5
Action.c(285):      0-23.463 19.021-42.502 42.5-42.502 23.455 0 42.502 19.039 42.502 42.502z",\n
Action.c(285):             "M6019.837 853.163c-26.394 0-47.88-21.488-47.88-47.882 0-26.412 21.486-47.874 47.8
Action.c(285):     8-47.874 26.396 0 47.874 21.462 47.874 47.874 0 26.394-21.478 47.882-47.874 47.882zM6019.8
Action.c(285):     37 768.169c-20.466 0-37.128 16.654-37.128 37.112 0 20.476 16.662 37.128 37.128 37.128 20.4
Action.c(285):     76 0 37.12-16.652 37.12-37.128 0-20.458-16.644-37.112-37.12-37.112z",\n
Action.c(285):             "M5991.459 807.301c0-17.079 12.875-29.944 29.38-29.944 16.289 0 29.164 12.865 29.1
Action.c(285):     64 29.944 0 17.354-12.875 30.127-29.164 30.127-16.505 0-29.38-12.774-29.38-30.127zM6020.83
Action.c(285):     8 843.429c19.629 0 36.437-15.259 36.437-36.128 0-20.696-16.807-35.989-36.437-35.989-19.847
Action.c(285):      0-36.628 15.293-36.628 35.989 0 20.869 16.781 36.128 36.628 36.128zM6013.201 810.143h7.23
Action.c(285):     9l10.97 18.027h7.065l-11.836-18.319c6.12-0.738 10.782-3.979 10.782-11.435 0-8.194-4.862-11
Action.c(285):     .81-14.671-11.81h-15.832v41.565h6.283v-18.027zM6013.201 804.8v-12.877h8.577c4.388 0 9.059 
Action.c(285):     0.957 9.059 6.128 0 6.374-4.753 6.749-10.099 6.749h-7.537z",\n
Action.c(285):             "M289.155 451.422c-40.722 0-71.78-12.45-71.78-41.491v-241.271c0-42.159 9.664-53.90
Action.c(285):     9 63.483-53.909 68.315 0 124.9 69.13 124.9 165.231 0.699 88.49-48.32 171.44-116.635 171.44
Action.c(285):     h0.032zM296.752 82.972c-60.717 0-105.604 3.471-135.963 3.471h-25.527c-64.882 0-100.073-3.4
Action.c(285):     71-106.271-3.471-17.262 0-26.226 5.541-26.226 15.221 0 20.061 22.094 13.119 57.284 20.061 
Action.c(285):     29.659 5.541 33.124 15.221 33.124 50.47v496.361c0 52.
Action.c(285): t=47625ms: 3463-byte DECODED response body for "https://stage.peapod.com/shop/images/icons/PeapodIcons.json" (RelFrameId=1, Internal ID=25)
Action.c(285):     54 0 68.43-40.722 76.072-28.292 5.509-52.452-2.102-52.452 18.66 0 11.018 9.664 17.29 28.29
Action.c(285):     2 17.29s61.417-7.642 124.9-7.642c69.014 0 111.803 7.642 129.732 7.642 18.628 0 28.292-6.94
Action.c(285):     2 28.292-17.29 0-20.761-24.16-13.151-51.753-18.66-42.089-9.011-42.089-24.232-42.089-77.441
Action.c(285):     v-165.231c0-14.52 3.465-23.5 13.097-22.131 7.598 0.701 45.554 26.27 126.299 13.119 96.607-
Action.c(285):     15.889 179.418-95.4 179.418-203.919 0-132.051-81.444-202.55-239.468-202.55l0.032-0.032z",\n
Action.c(285):             "M675.7 450.192l2.759-18.032c14.461-58.315 31.681-127.020 132.177-127.020 79.186 0
Action.c(285):      88.826 60.393 88.826 99.941 0 62.471-31.681 57.611-118.414 57.611h-88.826c-11.004 0-16.52
Action.c(285):     2-3.485-16.522-9.016v-3.485zM681.217 496.006h292.61c33.044 0 46.141-4.156 46.141-24.298 0-
Action.c(285):     90.222-75.729-198.507-210.665-198.507-157.642 0-265.052 106.207-265.052 264.431 0 158.959 
Action.c(285):     98.435 263.759 249.925 263.759 79.186 0 138.393-25.673 187.261-69.409 24.101-20.781 35.106
Action.c(285):     -38.877 35.106-49.97 0-9.016-3.457-12.501-11.004-12.501-8.943 0-55.084 64.549-156.976 64.5
Action.c(285):     49-116.353 0-183.139-97.863-183.139-211.007v-9.016c0-15.282 2.061-17.36 15.824-18.032h-0.0
Action.c(285):     32z",\n
Action.c(285):             "M1347.595 630.486c0 54.906-48.313 97.295-95.926 97.295-51.745 0-62.806-41.012-62.
Action.c(285):     806-87.562 0-47.959 38.65-97.999 91.095-118.841l46.247-18.057c6.198-3.522 12.428-4.194 14.
Action.c(285):     494-4.194 3.465 0 6.897 4.194 6.897 13.222v118.137zM1562.205 720.162c0-9.733-5.531-16.712-
Action.c(285):     15.193-16.712-16.56 0-33.12 24.364-53.811 24.364-27.589 0-33.819-25.74-33.819-72.963v-256.
Action.c(285):     475c0-91.756-22.090-127.197-133.177-127.197-146.972 0-249.795 88.266-249.795 154.986 0 11.
Action.c(285):     109 11.029 20.17 26.222 20.17 53.811 0 71.070-27.821 93.161-67.424 25.523-46.582 48.313-72
Action.c(285):     .995 95.926-72.995 44.848 0 55.21 25.708 55.21 88.266v47.959c0 15.303-1.367 20.842-15.193 
Action.c(285):     26.381l-35.186 14.599c-140.774 55.643-217.375 104.242-217.375 196.735 0 54.17 26.922 119.5
Action.c(285):     13 96.593 119.513 49.679 0 89.696-25.676 137.309-57.66l29.687-20.17h7.597c20.024 48.631 53
Action.c(285):     .144 77.797 93.86 77.797 53.144-0.672 117.984-58.396 117.984-79.206v0.032z",\n
Action.c(285):             "M1843.053 766.563c-71.724 0-111.016-35.382-111.016-104.070v-205.39c0-74.249 35.16
Action.c(285):     3-109.631 111.016-109.631 107.586 0 180.676 79.81 180.676 206.733 0 124.941-73.090 212.358
Action.c(285):     -180.676 212.358zM1914.078 272.52c-59.304 0-106.188 20.136-153.771 63.158l-14.485 13.169c-
Action.c(285):     4.129 4.155-7.592 5.561-9.656 5.561-3.462 0-5.527-2.078-5.527-7.639v-54.112c0-15.278-4.129
Action.c(285):     -22.885-13.786-22.885-12.42 0-37.228 31.227-96.532 61.048-36.561 18.73-62.766 20.136-62.76
Action.c(285):     6 37.46s22.076 11.091 38.625 18.027c17.248 7.639 22.076 20.136 22.076 49.957v499.604c0 29.
Action.c(285):     789-5.527 39.537-28.969 47.145-29.668 9.749-51.712 0-51.712 24.323 0 9.717 7.592 16.652 22
Action.c(285):     .743 16.652 18.614 0 57.938-7.671 114.479-7.671 46.884 0 88.972 7.671 124.135 7.671 18.614
Action.c(285):      0 27.571-7.671 27.571-16.652 0-24.323-25.507-14.575-61.369-24.323-27.571-7.607-33.098-16.
Action.c(285):     62-33.098-47.145v-156.808l7.592-3.484c37.228 16.652 75.853 24.963 118.608 24.963 165.492 0
Action.c(285):      279.971-117.238 279.971-276.826 0-148.497-97.93-251.192-224.129-251.192z",\n
Action.c(285):             "M3182.011 639.143c0 76.997-5.569 108.882-85.663 108.882-120.889 0-194.81-78.371-1
Action.c(285):     94.81-207.381 0-142.173 76.689-236.519 172.694-236.519 94.637 0 107.779 54.122 107.779 165
Action.c(285):     .816v169.202zM3352.605 702.306c-7.573 0-22.084 20.767-41.431 20.767-11.042 0-17.279-14.569
Action.c(285):     -17.279-44.377v-570.802c0-28.467 4.137-54.122 4.137-74.953 0-14.569-4.137-20.799-16.579-20
Action.c(285):     .799-8.974 0-38.727 22.205-100.173 39.521-38.695 11.086-62.879 12.492-62.879 28.435 0 11.1
Action.c(285):     18 18.647 9.713 40.731 20.128 18.647 9.042 20.747 15.272 20.747 
Action.c(285): t=47634ms: 7618-byte ENCODED response body received for "https://stage.peapod.com/shop/images/icons/PeapodIcons.json" (RelFrameId=1, Internal ID=25)
Action.c(285): t=47634ms: 12288-byte DECODED response body for "https://stage.peapod.com/shop/images/icons/PeapodIcons.json" (RelFrameId=1, Internal ID=25)
Action.c(285):     43.035v130.384c0 11.054-4.869 16.645-10.406 16.645h-3.437l-17.311-5.591c-20.684-6.23-53.84
Action.c(285):     2-12.492-92.568-12.492-159.552 0-280.473 117.253-280.473 271.887 0 149.841 107.811 255.273
Action.c(285):      252.184 255.273 92.536 0 141.573-49.968 149.21-49.968 11.010 0 13.11 47.86 33.158 47.86 1
Action.c(285):     1.010 0 49.705-22.876 120.157-42.972 20.716-5.559 33.89-7.668 33.89-33.291 0-11.086-6.237-
Action.c(285):     18.722-11.774-18.722l0.095 0.032z",\n
Action.c(285):             "M2735.37 527.178c0 154.057-124.416 278.261-277.165 278.261s-277.165-124.204-277.1
Action.c(285):     65-278.261c0-153.354 123.715-278.261 277.165-278.261s277.165 124.907 277.165 278.261z",\n
Action.c(285):             "M3437.226 36.765h-19.422v25.753h19.422c6.229 0 13.161-4.875 13.161-12.54 0.703-8.
Action.c(285):     338-6.229-13.213-13.161-13.213zM3449.717 100.811l-18.72-29.249h-12.49v29.249h-10.414v-73.1
Action.c(285):     22h29.805c12.49 0 23.575 9.044 23.575 22.289 0 16.003-14.567 21.584-18.72 21.584l19.422 29
Action.c(285):     .249h-12.458zM3432.371 9.601c-30.507 0-54.083 24.374-54.083 54.296s24.278 54.296 54.083 54
Action.c(285):     .296c29.805 0 54.083-24.374 54.083-54.296s-24.278-54.296-54.083-54.296zM3432.371 128.649c-
Action.c(285):     35.363 0-63.794-28.543-63.794-64.046s28.431-64.046 63.794-64.046c35.363 0 63.794 28.543 63
Action.c(285):     .794 64.046 0 34.797-28.431 64.046-63.794 64.046z",\n
Action.c(285):             "M3552.029 747.315c24.414 0 29.297-25.017 29.297-63.886 0-46.547-7.003-63.214-27.2
Action.c(285):     41-63.214-27.176 0-32.091 23.609-32.091 65.294 0.739 37.494 5.622 61.807 30.003 61.807h0.0
Action.c(285):     32zM3489.26 540.332h34.854v77.099h0.675c6.296-15.292 20.945-25.017 39.769-25.017 26.502 0 
Action.c(285):     53.71 11.805 53.71 88.903 0 59.727-16.062 93.766-57.18 93.766-25.121 0-33.473-14.588-38.35
Action.c(285):     5-25.689h-0.739v21.53h-32.734v-230.592z",\n
Action.c(285):             "M3662.365 595.942l29.822 130.166h0.671l27.715-130.166h36.783l-47.83 179.348c-13.8
Action.c(285):     89 47.078-25.001 53.329-60.347 52.596-4.821 0-8.972-0.67-13.857-1.372v-27.685c4.151 0.734 
Action.c(285):     7.663 1.372 11.080 1.372 11.782 0 19.413-2.775 23.564-13.811l4.885-13.875-49.203-177.243 3
Action.c(285):     6.719 0.67z",\n
Action.c(285):             "M2735.37 527.178c0 154.057-124.416 278.261-277.165 278.261s-277.165-124.204-277.1
Action.c(285):     65-278.261c0-153.354 123.715-278.261 277.165-278.261s277.165 124.907 277.165 278.261z"\n
Action.c(285):           ],\n
Action.c(285):           "attrs": [\n
Action.c(285):             {\n
Action.c(285):               "fill": "rgb(255, 255, 254)"\n
Action.c(285):             },\n
Action.c(285):             {\n
Action.c(285):               "fill": "rgb(255, 255, 254)"\n
Action.c(285):             },\n
Action.c(285):             {\n
Action.c(285):               "fill": "rgb(255, 255, 254)"\n
Action.c(285):             },\n
Action.c(285):             {\n
Action.c(285):               "fill": "rgb(255, 255, 254)"\n
Action.c(285):             },\n
Action.c(285):             {\n
Action.c(285):               "fill": "rgb(255, 255, 254)"\n
Action.c(285):             },\n
Action.c(285):             {\n
Action.c(285):               "fill": "rgb(255, 255, 254)"\n
Action.c(285):             },\n
Action.c(285):             {\n
Action.c(285):               "fill": "rgb(255, 255, 254)"\n
Action.c(285):             },\n
Action.c(285):             {\n
Action.c(285):               "fill": "rgb(255, 255, 254)"\n
Action.c(285):             },\n
Action.c(285):             {\n
Action.c(285):               "fill": "rgb(255, 255, 254)"\n
Action.c(285):             },\n
Action.c(285):             {\n
Action.c(285):               "fill": "rgb(255, 255, 254)"\n
Action.c(285):             },\n
Action.c(285):             {\n
Action.c(285):               "fill": "rgb(255, 255, 254)"\n
Action.c(285):             },\n
Action.c(285):             {\n
Action.c(285):               "fill": "rgb(255, 255, 254)"\n
Action.c(285):             },\n
Action.c(285):             {\n
Action.c(285):               "fill": "rgb(255, 255, 254)"\n
Action.c(285):             },\n
Action.c(285):             {\n
Action.c(285):               "fill": "rgb(255, 255, 254)"\n
Action.c(285):             },\n
Action.c(285):             {\n
Action.c(285):               "fill": "rgb(255, 255, 254)"\n
Action.c(285):             },\n
Action.c(285):             {\n
Action.c(285):               "fill": "rgb(255, 255, 254)"\n
Action.c(285):             },\n
Action.c(285):             {\n
Action.c(285):               "fill": "rgb(255, 255, 254)"\n
Action.c(285):             },\n
Action.c(285):             {\n
Action.c(285):               "fill": "rgb(255, 255, 254)"\n
Action.c(285):             },\n
Action.c(285):             {\n
Action.c(285):               "fill": "rgb(255, 255, 254)"\n
Action.c(285):             },\n
Action.c(285):             {\n
Action.c(285):               "fill": "rgb(26, 25, 25)"\n
Action.c(285):             },\n
Action.c(285):             {\n
Action.c(285):               "fill": "rgb(220, 59, 65)"\n
Action.c(285):             },\n
Action.c(285):             {\n
Action.c(285):               "fill": "rgb(220, 59, 65)"\n
Action.c(285):             },\n
Action.c(285):             {\n
Action.c(285):               "fill": "rgb(220, 59, 65)"\n
Action.c(285):             },\n
Action.c(285):             {\n
Action.c(285):               "fill": "rgb(220, 59, 65)"\n
Action.c(285):             },\n
Action.c(285):             {\n
Action.c(285):               "fill": "rgb(220, 59, 65)"\n
Action.c(285):             },\n
Action.c(285):             {\n
Action.c(285):               "fill": "rgb(220, 59, 65)"\n
Action.c(285):             },\n
Action.c(285):             {\n
Action.c(285):               "fill": "rgb(220, 59, 65)"\n
Action.c(285):             },\n
Action.c(285):             {\n
Action.c(285):               "fill": "rgb(220, 59, 65)"\n
Action.c(285):             },\n
Action.c(285):             {\n
Action.c(285):               "fill": "rgb(220, 59, 65)"\n
Action.c(285):             },\n
Action.c(285):             {\n
Action.c(285):               "fill": "rgb(220, 59, 65)"\n
Action.c(285):             },\n
Action.c(285):             {\n
Action.c(285):               "fill": "rgb(220, 59, 65)"\n
Action.c(285):             },\n
Action.c(285):             {\n
Action.c(285):               "fill": "rgb(220, 59, 65)"\n
Action.c(285):             },\n
Action.c(285):             {\n
Action.c(285):               "fill": "rgb(220, 59, 65)"\n
Action.c(285):             },\n
Action.c(285):             {\n
Action.c(285):               "fill": "rgb(220, 59, 65)"\n
Action.c(285):             },\n
Action.c(285):             {\n
Action.c(285):               "fill": "rgb(220, 59, 65)"\n
Action.c(285):             },\n
Action.c(285):             {\n
Action.c(285):               "fill": "rgb(220, 59, 65)"\n
Action.c(285):             },\n
Action.c(285):             {\n
Action.c(285):               "fill": "rgb(26, 25, 25)"\n
Action.c(285):             },\n
Action.c(285):             {\n
Action.c(285):               "fill": "rgb(255, 255, 254)"\n
Action.c(285):             },\n
Action.c(285):             {\n
Action.c(285):               "fill": "rgb(255, 255, 254)"\n
Action.c(285):             },\n
Action.c(285):             {\n
Action.c(285):               "fill": "rgb(26, 25, 25)"\n
Action.c(285):             },\n
Action.c(285):             {\n
Action.c(285):               "fill": "rgb(51, 51, 51)"\n
Action.c(285):             },\n
Action.c(285):             {\n
Action.c(285):               "fill": "rgb(51, 51, 51)"\n
Action.c(285):             },\n
Action.c(285):             {\n
Action.c(285):               "fill": "rgb(54, 54, 54)"\n
Action.c(285):             },\n
Action.c(285):             {\n
Action.c(285):               "fill": "rgb(51, 51, 51)"\n
Action.c(285):             },\n
Action.c(285):             {\n
Action.c(285):               "fill": "rgb(51, 51, 51)"\n
Action.c(285):             },\n
Action.c(285):             {\n
Action.c(285):               "fill": "rgb(94, 160, 0)"\n
Action.c(285):             },\n
Action.c(285):             {\n
Action.c(285):               "fill": "rgb(51, 51, 51)"\n
Action.c(285):             },\n
Action.c(285):             {\n
Action.c(285):               "fill": "rgb(51, 51, 51)"\n
Action.c(285):             },\n
Action.c(285):             {\n
Action.c(285):               "fill": "rgb(51, 51, 51)"\n
Action.c(285):             },\n
Action.c(285):             {\n
Action.c(285):               "fill": "rgb(94, 161, 0)"\n
Action.c(285):             }\n
Action.c(285):           ],\n
Action.c(285):           "width": 6069,\n
Action.c(285):           "isMulticolor": true,\n
Action.c(285):           "grid": 32,\n
Action.c(285):           "tags": [\n
Action.c(285):             "peapod-by-martins"\n
Action.c(285):           ]\n
Action.c(285):         },\n
Action.c(285):         {\n
Action.c(285):           "paths": [\n
Action.c(285):             "M428.783 300.032c0 108.979-88.345 197.325-197.325 197.325s-197.325-88.345-197.325
Action.c(285):     -197.325c0-108.979 88.345-197.325 197.325-197.325s197.325 88.345 197.325 197.325z",\n
Action.c(285):             "M428.783 746.257c0 108.979-88.345 197.325-197.325 197.325s-197.325-88.345-197.325
Action.c(285):     -197.325c0-108.979 88.345-197.325 197.325-197.325s197.325 88.345 197.325 197.325z",\n
Action.c(285):             "M521.079 669.013l64.58-77.107c41.847 32.87 87.279 50.21 135.714 50.21 31.676 0 48
Action.c(285):     .401-10.752 48.401-28.706v-1.195c0-17.92-13.653-26.897-71.134-40.653-89.088-20.309-157.833
Action.c(285):     -45.431-157.833-130.901v-1.195c0-77.722 61.44-133.939 161.997-133.939 71.168 0 126.771 19.
Action.c(285):     149 172.203 55.603l-58.027 81.92c-38.263-27.511-80.111-41.267-117.18-41.267-28.092 0-41.84
Action.c(285):     7 11.366-41.847 26.897v1.399c0 19.149 14.336 27.511 72.943 40.653 95.573 20.924 155.409 52
Action.c(285):     .019 155.409 130.321v1.195c0 85.504-67.55 136.294-169.165 136.294-74.103-0.102-144.043-23.
Action.c(285):     415-196.062-69.53z",\n
Action.c(285):             "M1056.119 414.447h-134.519v-101.649h385.707v101.649h-135.202v316.826h-116.053z",\n
Action.c(285):             "M1332.156 523.264v-1.024c0-120.183 96.836-217.634 225.963-217.634s224.768 96.256 
Action.c(285):     224.768 216.405v1.229c0 120.149-96.836 217.6-225.963 217.6s-224.768-96.427-224.768-216.576
Action.c(285):     zM1663.932 523.264v-1.024c0-60.996-43.042-113.015-107.008-113.015s-106.257 51.234-106.257 
Action.c(285):     111.616v1.399c0 60.348 43.657 112.947 107.588 112.947 63.249-0.307 105.677-51.507 105.677-
Action.c(285):     111.923z",\n
Action.c(285):             "M1842.278 312.798h179.951c105.233 0 173.363 54.409 173.363 146.466v1.195c0 99.26-
Action.c(285):     75.913 151.279-179.337 151.279h-58.027v119.467h-116.053zM2013.867 521.011c40.653 0 66.355-
Action.c(285):     22.118 66.355-54.989v-1.195c0-35.874-25.702-54.409-66.97-54.409h-54.989v110.592z",\n
Action.c(285):             "M2640.145 669.013l64.58-77.107c41.847 32.87 87.279 50.21 135.714 50.21 31.676 0 4
Action.c(285):     8.401-10.752 48.401-28.706v-1.195c0-17.92-13.653-26.897-71.134-40.653-89.088-20.309-157.83
Action.c(285):     3-45.431-157.833-130.901v-1.195c0-77.722 61.44-133.939 161.997-133.939 71.168 0 126.771 19
Action.c(285):     .149 172.203 55.603l-58.027 81.92c-38.263-27.511-80.111-41.267-117.18-41.267-28.092 0-41.8
Action.c(285):     47 11.366-41.847 26.897v1.399c0 19.149 14.336 27.511 72.943 40.653 95.573 20.924 155.409 5
Action.c(285):     2.019 155.409 130.321v1.195c0 85.504-67.55 136.294-169.165 136.294-74.103-0.102-144.043-23
Action.c(285):     .415-196.062-69.53z",\n
Action.c(285):             "M3070.532 312.798h116.053v156.638h134.588v-156.638h116.053v418.475h-116.053v-158.
Action.c(285):     993h-134.485v158.993h-116.053z",\n
Action.c(285):             "M3499.383 523.264v-1.024c0-120.183 96.836-217.634 225.963-217.634s224.802 96.256 
Action.c(285):     224.802 216.405v1.229c0 120.149-96.87 217.6-225.963 217.6s-224.802-96.427-224.802-216.576z
Action.c(285):     M3831.159 523.264v-1.024c0-60.996-43.042-113.015-106.974-113.015s-106.428 51.405-106.428 1
Action.c(285):     11.787v1.229c0 60.348 43.622 112.947 107.588 112.947 63.454-0.307 105.813-51.507 105.813-1
Action.c(285):     11.923z",\n
Action.c(285):             "M4009.54 312.798h179.917c105.233 0 173.363 54.409 173.363 146.466v1.195c0 99.26-7
Action.c(285):     5.913 151.279-179.337 151.279h-58.027v119.467h-116.053zM4181.094 521.011c40.653 0 66.355-2
Action.c(285):     2.118 66.355-54.989v-1.195c0-35.874-25.702-54.409-66.935-54.409h-55.023v110.592z",\n
Action.c(285):             "M2509.619 731.273l-31.539-31.539c-11.415 12.117-24.997 22.042-40.151 29.183l-0.80
Action.c(285):     9 0.343c-18.272 8.482-39.66 13.431-62.204 13.431-0.775 0-1.549-0.006-2.322-0.018l0.117 0.0
Action.c(285):     01c-0.114 0-0.249 0-0.383 0-17.664 0-34.782-2.342-51.059-6.732l1.369 0.314c-16.836-4.947-3
Action.c(285):     1.499-12.468-44.37-22.228l0.338 0.246c-12.378-9.603-22.503-21.473-29.883-35.050l-0.291-0.5
Action.c(285):     85c-7.238-13.009-11.499-28.533-11.499-45.052 0-0.841 0.011-1.68 0.033-2.516l-0.003 0.123c-
Action.c(285):     0.003-0.294-0.005-0.64-0.005-0.987 0-12.072 2.359-23.594 6.641-34.128l-0.218 0.607c4.352-1
Action.c(285):     0.756 10.191-20.002 17.382-28.008l-0.077 0.087c7.343-8.138 15.654-15.191 24.808-21.043l0.4
Action.c(285):     85-0.29c8.277-5.457 17.901-10.851 27.907-15.566l1.447-0.613c-10.635-10.4-19.6-22.449-26.49
Action.c(285):     6-35.744l-0.367-0.779c-6.462-12.508-10.25-27.301-10.25-42.979 0-0.49 0.004-0.979 0.011-1.4
Action.c(285):     68l-0.001 0.074c0-17.067 2.594-31.812 9.591-43.964 6.914-11.988 15.965-21.976 26.723-29.74
Action.c(285):     5l0.277-0.19c10.612-7.57 23.035-13.444 36.43-16.897l0.775-0.17c12.198-3.308 26.216-5.246 4
Action.c(285):     0.674-5.325l0.047-0c14.736 0 28.992 2.057 42.497 5.898l-1.093-0.266c13.911 3.782 26.069 9.
Action.c(285):     747 36.764 17.59l-0.309-0.216c10.554 8.245 19.14 18.488 25.289 30.211l0.243 0.509c6.191 11
Action.c(285):     .792 9.823 25.764 9.823 40.584 0 0.768-0.010 1.534-0.029 2.298l0.002-0.113c0.025 0.782 0.0
Action.c(285):     39 1.702 0.039 2.625 0 10.912-1.953 21.367-5.53 31.036l0.201-0.62c-3.964 10.023-9.348 18.6
Action.c(285):     42-16.013 26.092l0.073-0.083c-7.163 8.54-15.055 16.064-23.706 22.642l-0.358 0.261c-7.308 5
Action.c(285):     .613-15.545 10.871-24.224 15.396l-0.932 0.442 41.131 40.96 34.611-50.859h96.563l-77.824 10
Action.c(285):     4.516 91.477 88.303zM2362.402 580.779c-9.682 4.006-17.949 9.58-24.886 16.489l0.003-0.003c-
Action.c(285):     7.468 7.147-12.11 17.195-12.11 28.327 0 0.77 0.022 1.534 0.066 2.293l-0.005-0.105c-0.036 0
Action.c(285):     .567-0.057 1.229-0.057 1.897 0 5.559 1.425 10.786 3.928 15.335l-0.083-0.165c2.976 5.776 6.
Action.c(285):     868 10.659 11.54 14.657l0.065 0.055c4.552 3.883 9.89 7.011 15.722 9.105l0.355 0.111c4.603 
Action.c(285):     1.64 9.913 2.588 15.444 2.588 0.571 0 1.139-0.010 1.705-0.030l-0.082 0.002c0.512 0.017 1.1
Action.c(285):     13 0.026 1.717 0.026 10.008 0 19.405-2.617 27.544-7.203l-0.281 0.146c8.743-4.515 16.034-10
Action.c(285):     .693 21.697-18.172l0.115-0.158zM2427.494 453.666c0.007-0.251 0.011-0.546 0.011-0.842 0-17.
Action.c(285):     796-14.426-32.222-32.222-32.222-0.676 0-1.348 0.021-2.014 0.062l0.091-0.005c-0.243-0.006-0
Action.c(285):     .529-0.010-0.816-0.010-9.184 0-17.528 3.591-23.707 9.445l0.016-0.015c-5.601 5.704-9.059 13
Action.c(285):     .53-9.059 22.163 0 0.609 0.017 1.213 0.051 1.814l-0.004-0.083c0.102 8.572 2.632 16.532 6.9
Action.c(285):     33 23.251l-0.106-0.177c5.197 9.118 11.647 16.862 19.232 23.314l0.122 0.101c11.389-4.615 21
Action.c(285):     .151-10.959 29.468-18.815l-0.045 0.042c7.421-6.835 12.054-16.599 12.054-27.446 0-0.203-0.0
Action.c(285):     02-0.406-0.005-0.608l0 0.031z"\n
Action.c(285):           ],\n
Action.c(285):           "attrs": [\n
Action.c(285):             {\n
Action.c(285):               "fill": "rgb(231, 0, 76)"\n
Action.c(285):             },\n
Action.c(285):             {\n
Action.c(285):               "fill": "rgb(134, 195, 0)"\n
Action.c(285):             },\n
Action.c(285):             {\n
Action.c(285):               "fill": "rgb(99, 101, 105)"\n
Action.c(285):             },\n
Action.c(285):             {\n
Action.c(285):               "fill": "rgb(99, 101, 105)"\n
Action.c(285):             },\n
Action.c(285):             {\n
Action.c(285):               "fill": "rgb(99, 101, 105)"\n
Action.c(285):             },\n
Action.c(285):             {\n
Action.c(285):               "fill": "rgb(99, 101, 105)"\n
Action.c(285):             },\n
Action.c(285):             {\n
Action.c(285):               "fill": "rgb(99, 101, 105)"\n
Action.c(285):             },\n
Action.c(285):             {\n
Action.c(285):               "fill": "rgb(99, 101, 105)"\n
Action.c(285):             },\n
Action.c(285):             {\n
Action.c(285):               "fill": "rgb(99, 101, 105)"\n
Action.c(285):             },\n
Action.c(285):             {\n
Action.c(285):               "fill": "rgb(99, 101, 105)"\n
Action.c(285):             },\n
Action.c(285):             {\n
Action.c(285):               "fill": "rgb(99, 101, 105)"\n
Action.c(285):             }\n
Action.c(285):           ],\n
Action.c(285):           "width": 4386,\n
Action.c(285):           "isMulticolor": true,\n
Action.c(285):           "grid": 32,\n
Action.c(285):           "tags": [\n
Action.c(285):             "SSlogo_noTM"\n
Action.c(285):           ],\n
Action.c(285):           "defaultCode": 59699\n
Action.c(285):         },\n
Action.c(285):         {\n
Action.c(285):           "paths": [\n
Action.c(285):             "M300.8 83.2c-60.8 0-108.8 3.2-137.6 3.2h-25.6c-64 0-99.2-3.2-105.6-3.2-19.2 0-25.
Action.c(285):     6 6.4-25.6 16 0 19.2 22.4 12.8 57.6 19.2 28.8 6.4 32 16 32 51.2v499.2c0 54.4 0 67.2-41.6 7
Action.c(285):     6.8-28.8 3.2-54.4-3.2-54.4 16 0 9.6 9.6 19.2 28.8 19.2s60.8-6.4 124.8-6.4c70.4 0 112 6.4 1
Action.c(285):     31.2 6.4s28.8-6.4 28.8-19.2c0-22.4-25.6-12.8-51.2-19.2-41.6-9.6-41.6-25.6-41.6-76.8v-166.4
Action.c(285):     c0-16 3.2-22.4 12.8-22.4 6.4 0 44.8 25.6 128 12.8 96-16 179.2-96 179.2-204.8 0-131.2-83.2-
Action.c(285):     201.6-240-201.6v0zM291.2 454.4c-41.6 0-70.4-12.8-70.4-41.6v-243.2c0-41.6 9.6-54.4 64-54.4 
Action.c(285):     67.2 0 124.8 70.4 124.8 166.4 0 89.6-48 172.8-118.4 172.8v0z",\n
Action.c(285):             "M684.8 496h294.4c32 0 48-3.2 48-25.6 0-89.6-76.8-198.4-211.2-198.4-160 0-268.8 10
Action.c(285):     5.6-268.8 2
Action.c(285): t=47687ms: 10428-byte DECODED response body for "https://stage.peapod.com/shop/images/icons/PeapodIcons.json" (RelFrameId=1, Internal ID=25)
Action.c(285):     65.6s99.2 265.6 252.8 265.6c80 0 140.8-25.6 188.8-70.4 25.6-22.4 35.2-38.4 35.2-51.2 0-9.6
Action.c(285):     -3.2-12.8-12.8-12.8s-54.4 64-156.8 64c-118.4 0-185.6-99.2-185.6-211.2v-9.6c0-12.8 3.2-16 1
Action.c(285):     6-16v0zM678.4 451.2l3.2-19.2c12.8-57.6 32-128 134.4-128 80 0 89.6 60.8 89.6 99.2 0 64-32 5
Action.c(285):     7.6-118.4 57.6h-89.6c-12.8 0-19.2-3.2-19.2-9.6v0 0z",\n
Action.c(285):             "M1574.4 720c0-9.6-6.4-16-16-16-16 0-32 25.6-54.4 25.6-28.8 0-35.2-25.6-35.2-73.6v
Action.c(285):     -256c0-92.8-22.4-128-134.4-128-147.2 0-249.6 89.6-249.6 153.6 0 9.6 9.6 19.2 25.6 19.2 54.
Action.c(285):     4 0 70.4-28.8 92.8-67.2 25.6-48 48-73.6 96-73.6 44.8 0 54.4 25.6 54.4 89.6v48c0 16 0 22.4-
Action.c(285):     16 25.6l-35.2 12.8c-140.8 54.4-217.6 102.4-217.6 198.4 0 54.4 25.6 118.4 96 118.4 51.2 0 8
Action.c(285):     9.6-25.6 137.6-57.6l28.8-19.2h6.4c19.2 48 54.4 76.8 92.8 76.8 60.8 3.2 128-54.4 128-76.8v0
Action.c(285):     zM1356.8 630.4c0 54.4-48 96-96 96-51.2 0-64-41.6-64-86.4 0-48 38.4-99.2 92.8-118.4l44.8-19
Action.c(285):     .2c6.4-3.2 12.8-3.2 12.8-3.2 3.2 0 6.4 3.2 6.4 12.8v118.4h3.2z",\n
Action.c(285):             "M1929.6 272c-60.8 0-108.8 19.2-153.6 64l-16 12.8c-3.2 3.2-6.4 6.4-9.6 6.4s-6.4-3.
Action.c(285):     2-6.4-6.4v-54.4c0-16-3.2-22.4-12.8-22.4-12.8 0-38.4 32-96 60.8-35.2 19.2-64 19.2-64 38.4s2
Action.c(285):     2.4 9.6 38.4 19.2c19.2 6.4 22.4 19.2 22.4 51.2v499.2c0 28.8-6.4 38.4-28.8 48-28.8 9.6-51.2
Action.c(285):      0-51.2 25.6 0 9.6 6.4 16 22.4 16 19.2 0 57.6-6.4 115.2-6.4 48 0 89.6 6.4 124.8 6.4 19.2 0
Action.c(285):      28.8-6.4 28.8-16 0-25.6-25.6-16-60.8-25.6-28.8-6.4-32-16-32-48v-156.8l6.4-3.2c38.4 16 76.
Action.c(285):     8 25.6 118.4 25.6 166.4 0 281.6-118.4 281.6-278.4 0-150.4-99.2-256-227.2-256v0zM1859.2 768
Action.c(285):     c-70.4 0-112-35.2-112-102.4v-204.8c0-73.6 35.2-108.8 112-108.8 108.8 0 182.4 80 182.4 208 
Action.c(285):     0 121.6-76.8 208-182.4 208z",\n
Action.c(285):             "M3376 704c-6.4 0-22.4 22.4-41.6 22.4-9.6 0-19.2-12.8-19.2-44.8v-572.8c0-28.8 3.2-
Action.c(285):     54.4 3.2-73.6 0-16-3.2-22.4-16-22.4-9.6 0-38.4 22.4-99.2 38.4-38.4 9.6-64 12.8-64 28.8 0 9
Action.c(285):     .6 19.2 9.6 41.6 19.2 19.2 9.6 22.4 16 22.4 41.6v131.2c0 9.6-3.2 16-9.6 16h-3.2l-19.2-6.4c
Action.c(285):     -22.4-6.4-54.4-12.8-92.8-12.8-160 0-281.6 118.4-281.6 272 0 150.4 108.8 256 252.8 256 92.8
Action.c(285):      0 144-51.2 150.4-51.2 9.6 0 12.8 48 32 48 9.6 0 51.2-22.4 121.6-41.6 22.4-6.4 35.2-6.4 35
Action.c(285):     .2-32 0-9.6-6.4-16-12.8-16v0zM3206.4 640c0 76.8-6.4 108.8-86.4 108.8-121.6 0-195.2-80-195.
Action.c(285):     2-208 0-144 76.8-236.8 172.8-236.8s108.8 54.4 108.8 166.4v169.6z",\n
Action.c(285):             "M2755.2 528c0 153.6-124.8 278.4-278.4 278.4s-278.4-124.8-278.4-278.4c0-153.6 124.
Action.c(285):     8-278.4 278.4-278.4s278.4 124.8 278.4 278.4z",\n
Action.c(285):             "M3456 128c-35.2 0-64-28.8-64-64s28.8-64 64-64c35.2 0 64 28.8 64 64s-28.8 64-64 64
Action.c(285):     zM3456 9.6c-28.8 0-54.4 25.6-54.4 54.4s25.6 54.4 54.4 54.4c28.8 0 54.4-25.6 54.4-54.4s-25.
Action.c(285):     6-54.4-54.4-54.4zM3472 102.4l-19.2-28.8h-12.8v28.8h-9.6v-73.6h28.8c12.8 0 22.4 9.6 22.4 22
Action.c(285):     .4 0 16-16 22.4-19.2 22.4l19.2 28.8h-9.6zM3462.4 35.2h-19.2v28.8h19.2c6.4 0 12.8-6.4 12.8-
Action.c(285):     12.8 0-9.6-6.4-16-12.8-16z"\n
Action.c(285):           ],\n
Action.c(285):           "attrs": [\n
Action.c(285):             {\n
Action.c(285):               "fill": "rgb(51, 51, 51)"\n
Action.c(285):             },\n
Action.c(285):             {\n
Action.c(285):               "fill": "rgb(51, 51, 51)"\n
Action.c(285):             },\n
Action.c(285):             {\n
Action.c(285):               "fill": "rgb(54, 54, 54)"\n
Action.c(285):             },\n
Action.c(285):             {\n
Action.c(285):               "fill": "rgb(51, 51, 51)"\n
Action.c(285):             },\n
Action.c(285):             {\n
Action.c(285):               "fill": "rgb(51, 51, 51)"\n
Action.c(285):             },\n
Action.c(285):             {\n
Action.c(285):               "fill": "rgb(94, 160, 0)"\n
Action.c(285):             },\n
Action.c(285):             {\n
Action.c(285):               "fill": "rgb(51, 51, 51)"\n
Action.c(285):             }\n
Action.c(285):           ],\n
Action.c(285):           "width": 3520,\n
Action.c(285):           "isMulticolor": true,\n
Action.c(285):           "grid": 32,\n
Action.c(285):           "tags": [\n
Action.c(285):             "svg+xml;base64,PHN2ZyB4bWxucz0iaHR0cDovL3d3dy53My5vcmcvMjAwMC9zdmciIHZlcnNpb249Ij
Action.c(285):     EuMSIgeD0iMHB4IiB5PSIwcHgiIGZvY3VzYWJsZT0iZmFsc2UiIHZpZXdCb3g9IjAgMCAzNTIwIDEwMjQiIGNsYXNz
Action.c(285):     PSIiIHJvbGU9InByZXNlbnRhdGlvbiIgYXJpYS1oaWRkZW49InRydWUiPjx0aXRsZT5QZ"\n
Action.c(285):           ]\n
Action.c(285):         },\n
Action.c(285):         {\n
Action.c(285):           "paths": [\n
Action.c(285):             "M909.505 454.173l90.382-0.135v91.097l-90.382-90.962zM591.022 615.868h-164.149c-5.
Action.c(285):     642-22.895-3.207-55.547 6.627-83.33 18.104-39.395 58.31-77.766 81.959-77.766l75.563-0.116v
Action.c(285):     161.212zM4086.707 162.913l-120.697-127.633h-1034.163l-0.077 276.77-79.602-121.489-3.13-2.6
Action.c(285):     47c-20.036-16.944-39.047-35.956-57.441-54.369-35.724-35.743-72.665-72.704-121.721-99.714-2
Action.c(285):     4.344-12.558-55.257-19.456-87.059-19.456-39.453 0-75.448 10.356-101.608 29.213-51.702 29.1
Action.c(285):     74-93.339 96.565-99.309 161.193-3.71 39.975-4.077 61.498-2.744 73.883v425.965l-234.438-490
Action.c(285):     .226-122.011-127.073c-39.202-45.867-97.628-73.226-156.498-73.226-30.894 0-61.015 7.767-87.
Action.c(285):     214 22.451-68.067 31.126-94.865 94.15-118.514 149.774-9.1 21.369-17.678 41.559-28.228 60.0
Action.c(285):     49l-186.87 422.274 0.135-501.045-130.145-133.39h-315.489v120.078l-112.968-113.722h-486.825
Action.c(285):     c-107.713 0.406-172.631 34.372-242.437 89.049-126.957 99.444-186.291 285.831-144.268 453.2
Action.c(285):     26 40.303 160.613 177.732 281.001 236.409 332.394l5.236 4.598c58.059 50.987 191.237 103.42
Action.c(285):     4 244.581 103.888l508.078-0.502-0.077-113.664 113.799 113.703 323.41 0.097v-20.944l23.822 
Action.c(285):     21.291 289.502-0.348c12.114-0.019 36.207-0.039 40.187-21.717 3.169-7.496 12.52-28.247 23.4
Action.c(285):     36-52.166l74.23 74.211h614.361l-0.309-3.497h283.976v-294.178l104.081 157.194 86.943 109.39
Action.c(285):     4c15.302 19.263 24.962 31.396 37.54 31.396 1.932 0 3.922-0.27 6.009-0.869 39.144-0.135 288
Action.c(285):     .034 0.135 288.034 0.135l28.324 0.019-0.348-576.299h68.878v453.168l119.132 123.208 313.788
Action.c(285):     -0.213-0.019-571.527 240.312 0.367v-289.077z",\n
Action.c(285):             "M4011.317 921.6c0 43.646-35.396 79.041-79.041 79.041-43.665 0-79.080-35.396-79.08
Action.c(285):     0-79.041 0-43.684 35.415-79.080 79.080-79.080 43.646 0 79.041 35.396 79.041 79.080z",\n
Action.c(285):             "M3932.276 852.509c-38.101 0-69.072 30.99-69.072 69.091 0 38.081 30.971 69.052 69.
Action.c(285):     072 69.052 38.081 0 69.052-30.971 69.052-69.052 0-38.101-30.971-69.091-69.052-69.091zM3932
Action.c(285):     .276 1010.649c-49.133 0-89.088-39.955-89.088-89.049 0-49.133 39.955-89.069 89.088-89.069 4
Action.c(285):     9.094 0 89.049 39.936 89.049 89.069 0 49.094-39.955 89.049-89.049 89.049z",\n
Action.c(285):             "M3918.249 916.77v-23.919h15.959c8.153 0 16.848 1.758 16.848 11.38 0 11.863-8.849 
Action.c(285):     12.539-18.799 12.539h-14.008zM3918.249 926.739h13.467l20.403 33.541h13.138l-21.987-34.082c
Action.c(285):     11.361-1.391 20.016-7.419 20.016-21.291 0-15.244-9.023-21.948-27.281-21.948h-29.464v77.322
Action.c(285):     h11.708v-33.541zM3932.469 988.662c36.516 0 67.758-28.382 67.758-67.217 0-38.487-31.242-66.
Action.c(285):     927-67.758-66.927-36.961 0-68.183 28.44-68.183 66.927 0 38.835 31.222 67.217 68.183 67.217
Action.c(285):     zM3877.791 921.445c0-31.783 23.938-55.702 54.678-55.702 30.314 0 54.233 23.919 54.233 55.7
Action.c(285):     02 0 32.285-23.919 56.050-54.233 56.050-30.739 0-54.678-23.765-54.678-56.050z",\n
Action.c(285):             "M1968.495 631.093l-26.875-55.141-24.016 55.141h50.891zM2000.993 108.080l119.441 1
Action.c(285):     24.387 286.256 598.634v-550.738c-0.097 0-2.299-17.678 2.647-71.216 4.907-53.209 39.743-114
Action.c(285):     .495 86.402-139.94 41.694-31.087 115.21-31.802 160.44-8.482 69.265 38.158 114.495 100.352 
Action.c(285):     173.867 150.528l129.237 197.284 0.097-343.214h993.705l104.603 110.611v249.489l-240.292-0.3
Action.c(285):     67v571.605l-273.543 0.174-102.825-106.361v-470.016h-125.45l0.367 576.28c0 0-293.753-0.251-
Action.c(285):     293.656-0.077 0.019 0.077-101.318-127.304-101.318-127.304l-155.957-235.539v359.849h-251.61
Action.c(285):     4l-46.64-41.714c0.715 14.838 10.588 28.981 11.998 45.23h-571.759l-94.71-94.71c0 0-43.472 9
Action.c(285):     4.363-42.409 94.363s-291.183 0.348-291.183 0.348l-62.889-56.185v55.837l-283.416-0.097-104.
Action.c(285):     97-104.854v-827.624h275.301l113.78 116.62-0.174 623.519 239.771-542.256c40.284-70.656 52.9
Action.c(285):     97-161.831 134.994-198.598 69.265-39.569 159.010-15.534 209.901 44.534z",\n
Action.c(285):             "M980.432 177.345v250.184l-465.765 0.715c-41.52-0.174-89.049 53.016-108.138 95.406
Action.c(285):     -11.998 33.232-16.944 79.157-4.231 112.389 0 0 3.613 9.97 9.177 9.892h207.099v-187.315h253
Action.c(285):     .005l106.728 107.443 0.348 430.679-479.541 0.464c-43.626-0.367-171.027-48.437-226.149-96.8
Action.c(285):     36-55.141-48.418-193.517-165.83-232.892-322.637-43.105-171.762 26.952-340.007 134.299-424.
Action.c(285):     071 71.738-56.185 130.048-82.693 225.087-83.041h474.962l106.013 106.728z",\n
Action.c(285):             "M1999.582 131.768l31.106 63.952 312.378 670.024c2.125 4.309-1.855 4.753-9.892 4.9
Action.c(285):     27h-508.87v-219.097h175.278l-132.869-311.489-212.741 531.301h-250.899c0 0 303.394-704.126 
Action.c(285):     333.94-744.931 33.058-49.287 99.309-77.399 157.271-65.381 42.39 8.482 84.103 33.927 105.29
Action.c(285):     8 70.695z",\n
Action.c(285):             "M2717.657 135.651l256.213 383.053 0.077-438.89h968.53v221.203h-242.785v566.832h-2
Action.c(285):     43.828l-0.348-574.599h-260.792c0.696 189.421 0.696 573.904 0.696 573.904h-258.666l-293.753
Action.c(285):     -445.189 0.097 445.189h-221.918l-0.019-622.669c0.019-38.796 16.79-112.099 63.256-150.992 3
Action.c(285):     5.647-29.851 96.642-48.592 158.314-22.528 27.571 12.732 59.373 37.115 74.926 64.686z",\n
Action.c(285):             "M858.866 301.017h-440.32c-56.706 0-130.048 80.587-139.94 155.493-9.525 65.903 49.
Action.c(285):     21 204.162 127.227 204.259h227.231v-187.295h222.981v401.447l-482.729-0.715c-133.584-11.998
Action.c(285):     -266.453-129.333-309.557-265.042-45.23-139.225-22.625-306.717 95.406-424.052 84.818-80.568
Action.c(285):      168.206-104.409 273.524-101.067h425.829l0.348 216.972z",\n
Action.c(285):             "M1041.563 878.457h247.731v-799.358h-247.731z"\n
Action.c(285):           ],\n
Action.c(285):           "attrs": [\n
Action.c(285):             {\n
Action.c(285):               "fill": "rgb(255, 255, 254)"\n
Action.c(285):             },\n
Action.c(285):             {\n
Action.c(285):               "fill": "rgb(255, 255, 254)"\n
Action.c(285):             },\n
Action.c(285):             {\n
Action.c(285):               "fill": "rgb(255, 255, 254)"\n
Action.c(285):             },\n
Action.c(285):             {\n
Action.c(285):               "fill": "rgb(26, 25, 25)"\n
Action.c(285):             },\n
Action.c(285):             {\n
Action.c(285):               "fill": "rgb(26, 25, 25)"\n
Action.c(285):             },\n
Action.c(285):             {\n
Action.c(285):               "fill": "rgb(26, 25, 25)"\n
Action.c(285):             },\n
Action.c(285):             {\n
Action.c(285):               "fill": "rgb(215, 35, 49)"\n
Action.c(285):             },\n
Action.c(285):             {\n
Action.c(285):               "fill": "rgb(215, 35, 49)"\n
Action.c(285):             },\n
Action.c(285):             {\n
Action.c(285):               "fill": "rgb(215, 35, 49)"\n
Action.c(285):             },\n
Action.c(285):             {\n
Action.c(285):               "fill": "rgb(215, 35, 49)"\n
Action.c(285):             }\n
Action.c(285):           ],\n
Action.c(285):           "width": 4096,\n
Action.c(285):           "isMulticolor": true,\n
Action.c(285):           "grid": 32,\n
Action.c(285):           "tags": [\n
Action.c(285):             "giant-carlisle-logo"\n
Action.c(285):           ],\n
Action.c(285):           "defaultCode": 59655\n
Action.c(285):         },\n
Action.c(285):         {\n
Action.c(285):           "paths": [\n
Action.c(285):             "M1406.89 773.14c-42.576 21.497-89.607 33.014-137.15 33.014-117.64 0-195.717-74.57
Action.c(285):     2-195.717-183.695 0-103.584 78.589-187.219 205.212-187.219 38.048 0 72.591 7.055 108.644 1
Action.c(285):     9.057v61.074c-17.534-10.014-53.554-30.514-104.149-30.514-81.568 0-141.146 56.047-141.146 1
Action.c(285):     36.631 0 76.082 52.044 137.143 133.652 137.143 37.044 0 58.089-10.519 68.581-16.038l1.496-
Action.c(285):     81.049h-90.591l29.543-48.56h124.642l-3.019 160.156z",\n
Action.c(285):             "M1453.083 797.683h58.548v-247.761h-58.548v247.761zM1513.632 467.303c0 18.033-14.4
Action.c(285):     89 30.062-31.545 30.062-16.477 0-30.999-12.507-30.999-30.062 0-17.501 14.522-30.035 30.999
Action.c(285):     -30.035 16.51 0 31.545 11.563 31.545 30.035z",\n
Action.c(285):             "M1604.389 727.126c0-16.025 8.983-31.571 30.022-38.068 6.018-2.008 16.524-4.010 39
Action.c(285):     .55-4.010 5.020 0 10.519 0.519 16.012 1.037v65.064c-9.017 4.003-26.026 11.483-44.025 11.48
Action.c(285):     3-31.066 0-41.558-18.013-41.558-35.508zM1751.047 797.683c-3.012-11.018-4.010-14.502-4.010-
Action.c(285):     64.572v-99.607c-0.492-21.052-0.492-46.067-20.999-66.593-21.537-21.471-52.576-23.033-70.603
Action.c(285):     -23.033-23.020 0-46.572 5.027-60.556 8.046l-30.534 52.044c21.531-8.524 46.027-17.528 73.57
Action.c(285):     5-17.528 44.544 0 52.051 23.532 52.051 61.074
Action.c(285): t=47713ms: 4223-byte ENCODED response body received for "https://stage.peapod.com/shop/images/icons/PeapodIcons.json" (RelFrameId=1, Internal ID=25)
Action.c(285): t=47713ms: 10524-byte DECODED response body for "https://stage.peapod.com/shop/images/icons/PeapodIcons.json" (RelFrameId=1, Internal ID=25)
Action.c(285):     -13.026-1.509-19.522-2.008-31.511-2.008-22.541 0-46.087 3.518-65.077 11.995-26.039 11.038-
Action.c(285):     48.567 34.597-48.567 71.574 0 31.545 16.012 48.035 24.024 55.050 13.518 11.55 33.546 19.54
Action.c(285):     9 63.062 19.549 13.924 0 34.59-2.966 60.808-11.344 0.379 1.795 0.751 3.65 1.283 5.353h57.0
Action.c(285):     51z",\n
Action.c(285):             "M2147.488 800.309c-7.035 1.516-16.025 3.544-29.556 3.544-14.010 0-34.011-2.028-49
Action.c(285):     .544-19.057-15.014-16.962-15.014-34.517-14.535-56.539l1.017-135.66h-32.043l0.027-42.33 33.
Action.c(285):     027-0.213v-46.565l58.055-18v64.565h55.555v42.543h-56.559l-0.984 108.125c0 27.030 0 37.562 
Action.c(285):     5.984 46.565 4.522 6.476 14.037 13.498 30.547 13.498 11.025 0 22.508-3.045 33.041-6.503l-3
Action.c(285):     4.031 46.027z",\n
Action.c(285):             "M2005.504 797.776h-58.548v-125.161c-0.505-39.025-0.505-58.534-17.009-72.591-6.51-
Action.c(285):     5.492-17.534-10.533-34.078-10.533-16.005 0-29.756 4.315-46.133 15.287v192.997h-59.558v-247
Action.c(285):     .043h59.558v46.279l-13.871-28.253c0 0 21.597-11.158 34.158-15.599 10.479-3.71 31.365-8.664
Action.c(285):      49.391-8.664 15.047 0 41.572 1.995 62.065 20.48 23.047 21.078 23.532 46.532 24.024 68.056
Action.c(285):     v164.744z",\n
Action.c(285):             "M2219.533 570.016h6.629c4.202 0 7.348-0.632 7.348-5.193 0-4.043-4.302-4.668-7.713
Action.c(285):     -4.668h-6.264v9.861zM2212.093 554.336h14.163c9.409 0 14.695 2.952 14.695 11.104 0 6.909-4.
Action.c(285):     295 9.588-9.861 10.034l10.041 16.397h-7.8l-9.136-16.038h-4.661v16.038h-7.441v-37.536zM2225
Action.c(285):     .451 599.579c13.877 0 25.261-11.104 25.261-26.431 0-15.234-11.384-26.252-25.261-26.252-14.
Action.c(285):     070 0-25.274 11.018-25.274 26.252 0 15.327 11.204 26.431 25.274 26.431zM2225.451 539.728c1
Action.c(285):     8.179 0 34.41 13.079 34.41 33.42 0 20.433-16.231 33.606-34.41 33.606-18.193 0-34.417-13.17
Action.c(285):     2-34.417-33.606 0-20.34 16.224-33.42 34.417-33.42z",\n
Action.c(285):             "M889.464 640.406c-1.416-0.153-2.859-0.246-4.329-0.246h-243.845l295.623-295.544c0.
Action.c(285):     027-0.013 0.040-0.040 0.066-0.040 9.662-9.648 14.988-22.481 14.988-36.139 0.013-13.638-5.3
Action.c(285):     13-26.478-14.974-36.126-5.22-5.173-11.171-9.017-17.82-11.55-0.638-0.246-1.27-0.446-1.902-0
Action.c(285):     .658-88.197-30.281-187.665-7.341-253.553 58.587-4.189 4.169-8.179 8.498-12.009 12.926l-0.0
Action.c(285):     13-277.398v-0.12c-0.013-29.762-24.263-53.973-54.026-53.973-7.587 0-14.921 1.543-21.856 4.5
Action.c(285):     95-0.625 0.299-1.237 0.598-1.849 0.911-0.166 0.086-0.339 0.173-0.519 0.259-0.153 0.066-0.2
Action.c(285):     99 0.146-0.439 0.233-105.465 51.872-173.535 161.041-173.535 278.641 0 16.118 1.33 32.070 3
Action.c(285):     .81 47.742l-205.392-205.392c-0.033-0.027-0.053-0.066-0.086-0.093-22.674-22.648-59.538-22.6
Action.c(285):     48-82.199 0.027-5.752 5.725-10.167 12.507-13.099 20.101-0.286 0.745-0.519 1.47-0.751 2.221
Action.c(285):      0.093-0.286 0.153-0.559 0.259-0.858-24.35 70.264-28.752 145.82-12.753 218.558 16.45 74.75
Action.c(285):     2 53.9 143.008 108.245 197.373 31.026 30.999 66.587 56.506 105.286 75.756h-239.317c-35.002
Action.c(285):      0-63.475 28.466-63.475 63.468 0 8.897 1.809 17.501 5.393 25.62 0.299 0.705 0.658 1.363 1.
Action.c(285):     011 2.055-0.12-0.246-0.266-0.459-0.379-0.692 42.024 86.601 107.188 159.804 188.436 211.755
Action.c(285):      83.522 53.374 180.271 81.594 279.825 81.594 99.527 0 196.269-28.207 279.785-81.594 81.262
Action.c(285):     -51.925 146.432-125.141 188.443-211.729-0.412 0.831-0.858 1.662-1.31 2.494 0.725-1.283 1.4
Action.c(285):     03-2.633 1.988-3.963 3.584-8.152 5.413-16.75 5.413-25.553 0-33.519-26.152-61.001-59.139-63
Action.c(285):     .249zM916.892 259.97c0.126 0.047 0.253 0.093 0.379 0.133 0.219 0.073 0.446 0.126 0.672 0.2
Action.c(285):     06-0.352-0.133-0.718-0.206-1.051-0.339z",\n
Action.c(285):             "M43.68 712.391c-1.177-2.66-1.842-5.612-1.842-8.724 0-11.949 9.688-21.61 21.637-21
Action.c(285):     .61l821.58-0.027c11.975 0 21.69 9.662 21.69 21.624 0 3.079-0.685 6.038-1.855 8.684l-0.027 
Action.c(285):     0.053c-77.505 159.678-241.192 269.758-430.579 269.758-189.407 0-353.114-110.093-430.605-26
Action.c(285):     9.758z",\n
Action.c(285):             "M141.551 162.244c0.791-2.055 1.995-3.976 3.644-5.612 6.377-6.377 16.67-6.363 23.0
Action.c(285):     20 0l0.033 0.027 437.029 437.075c6.35 6.35 6.377 16.657 0.027 23.020-1.622 1.649-3.584 2.8
Action.c(285):     46-5.605 3.637l-0.027 0.013c-126.158 43.726-271.806 15.207-372.57-85.57-100.778-100.738-12
Action.c(285):     9.297-246.412-85.551-372.59z",\n
Action.c(285):             "M592.763 43.021c1.489-0.685 3.165-1.051 4.907-1.051 6.729 0 12.168 5.452 12.182 1
Action.c(285):     2.155h-0.013l0.027 461.319-0.013-0.040c0 6.676-5.439 12.155-12.182 12.155-1.729 0-3.391-0.
Action.c(285):     386-4.894-1.064h-0.013c-89.653-43.507-151.426-135.427-151.426-241.73 0-106.376 61.799-198.
Action.c(285):     264 151.426-241.744z",\n
Action.c(285):             "M904.239 299.839c1.144 0.446 2.247 1.13 3.185 2.081 3.597 3.597 3.584 9.415 0 13.
Action.c(285):     019h-0.027l-247.416 247.442c-3.624 3.584-9.442 3.597-13.026 0.027-0.938-0.951-1.609-2.055-
Action.c(285):     2.055-3.198l-0.013-0.040c-24.775-71.414-8.611-153.853 48.434-210.911 57.012-57.031 139.49-
Action.c(285):     73.156 210.917-48.421z"\n
Action.c(285):           ],\n
Action.c(285):           "attrs": [\n
Action.c(285):             {\n
Action.c(285):               "fill": "rgb(106, 34, 106)"\n
Action.c(285):             },\n
Action.c(285):             {\n
Action.c(285):               "fill": "rgb(106, 34, 106)"\n
Action.c(285):             },\n
Action.c(285):             {\n
Action.c(285):               "fill": "rgb(106, 34, 106)"\n
Action.c(285):             },\n
Action.c(285):             {\n
Action.c(285):               "fill": "rgb(106, 34, 106)"\n
Action.c(285):             },\n
Action.c(285):             {\n
Action.c(285):               "fill": "rgb(106, 34, 106)"\n
Action.c(285):             },\n
Action.c(285):             {\n
Action.c(285):               "fill": "rgb(106, 34, 106)"\n
Action.c(285):             },\n
Action.c(285):             {\n
Action.c(285):               "fill": "rgb(255, 255, 254)"\n
Action.c(285):             },\n
Action.c(285):             {\n
Action.c(285):               "fill": "rgb(242, 178, 41)"\n
Action.c(285):             },\n
Action.c(285):             {\n
Action.c(285):               "fill": "rgb(218, 50, 42)"\n
Action.c(285):             },\n
Action.c(285):             {\n
Action.c(285):               "fill": "rgb(106, 34, 106)"\n
Action.c(285):             },\n
Action.c(285):             {\n
Action.c(285):               "fill": "rgb(132, 191, 65)"\n
Action.c(285):             }\n
Action.c(285):           ],\n
Action.c(285):           "width": 2261,\n
Action.c(285):           "isMulticolor": true,\n
Action.c(285):           "grid": 32,\n
Action.c(285):           "tags": [\n
Action.c(285):             "giant-landover-logo"\n
Action.c(285):           ],\n
Action.c(285):           "defaultCode": 59665\n
Action.c(285):         },\n
Action.c(285):         {\n
Action.c(285):           "paths": [\n
Action.c(285):             "M1073.318 736.003c25.208 17.089 54.525 29.27 85.138 29.27 44.597 0 61.733-27.475 
Action.c(285):     61.733-49.125 0-31.511-27.488-42.35-49.591-51.366l-20.261-8.132c-18.904-8.538-40.102-17.98
Action.c(285):     -55.881-36.498-8.086-9.429-19.356-26.983-19.356-52.676 0-47.716 39.657-92.333 113.079-92.3
Action.c(285):     33 40.096 0 68.030 12.168 78.402 16.623v53.58c-10.373-8.066-35.162-26.983-74.792-26.983-40
Action.c(285):     .534 0-55.416 24.31-55.416 44.165 0 28.778 28.852 41.406 52.231 50.874l22.561 9.489c18.472
Action.c(285):      8.544 39.211 18.040 53.634 36.478 9.874 12.168 17.993 30.647 17.993 52.683 0 53.66-45.049
Action.c(285):      96.901-119.835 96.901-20.261 0-52.251-3.172-89.64-18v-54.95z",\n
Action.c(285):             "M1408.372 801.639c-6.297 1.423-14.396 3.205-26.571 3.205-12.607 0-30.654-1.782-44
Action.c(285):     .604-17.129-13.538-15.333-13.538-31.112-13.066-50.947l0.938-122.082h-28.871l-0.033-38.327h
Action.c(285):     29.796v-41.844l52.251-16.218v58.062h49.983v38.327h-50.914l-0.864 97.34c0 24.297 0 33.805 5
Action.c(285):     .386 41.904 4.063 5.818 12.62 12.175 27.522 12.175 9.908 0 20.221-2.74 29.689-5.858l-30.64
Action.c(285):      41.392z",\n
Action.c(285):             "M1557.95 609.307c-17.986 0.432-32.416 8.092-42.323 25.208-9.921 16.185-12.168 35.
Action.c(285):     162-12.168 54.099 0 17.568 2.247 38.247 12.647 54.432 10.34 16.271 26.185 23.505 42.33 23.
Action.c(285):     505 37.403 0 54.465-37.888 54.465-79.307 0-41.026-15.287-77.937-54.026-77.937h-0.924zM1557
Action.c(285):     .551 804.844c-73.003 0-110.412-50.914-110.412-114.475 0-66.66 42.37-118.904 113.086-118.90
Action.c(285):     4 64.406 0 108.584 45.023 108.584 114.848 0 65.789-37.855 118.531-111.257 118.531z",\n
Action.c(285):             "M2062.835 604.453c-1.583-17.86-14.742-27.588-30.115-26.212-18.153 1.589-28.366 17
Action.c(285):     .614-26.87 34.351 1.243 13.924 14.429 24.676 25.075 33.925 31.731-11.543 33.034-28.845 31.
Action.c(285):     91-42.064zM2016.322 686.911c-13.984 5.479-30.274 20.3-28.2 43.646 1.735 19.908 18.685 44.7
Action.c(285):     97 57.464 41.392 15.134-1.297 31.013-10.060 47.656-23.1l-76.92-61.939zM2135.904 782.961l-4
Action.c(285):     3.939-34.198c0 0 34.63 12.667 27.854 19.815-6.849 7.201-12.893 14.063-27.176 22.854-20.812
Action.c(285):      12.853-36.924 15.52-56.287 15.819-51.513 0.918-89.354-24.157-93.118-67.458-1.543-17.428 2
Action.c(285):     .959-34.424 11.956-47.842 11.291-15.779 26.405-23.791 36.824-29.31-6.922-6.756-25.886-24.9
Action.c(285):     28-27.794-46.891-3.252-36.665 23.612-64.18 65.489-67.857 39.065-3.458 70.317 19.143 73.309
Action.c(285):      52.962 1.184 13.625-2.454 28.067-10.659 40.009-10.579 15.413-19.024 22.448-31.83 28.838l1
Action.c(285):     01.017 80.743-25.647 32.515z",\n
Action.c(285):             "M2173.267 734.102c25.241 17.109 54.558 29.264 85.158 29.264 44.624 0 61.726-27.48
Action.c(285):     2 61.726-49.105 0-31.545-27.468-42.376-49.571-51.36l-20.261-8.119c-18.917-8.564-40.076-18.
Action.c(285):     033-55.868-36.432-8.119-9.482-19.39-27.129-19.39-52.756 0-47.729 39.677-92.326 113.119-92.
Action.c(285):     326 40.116 0 67.983 12.142 78.376 16.623v53.614c-10.393-8.119-35.142-27.003-74.805-27.003-
Action.c(285):     40.534 0-55.389 24.317-55.389 44.118 0 28.818 28.805 41.479 52.244 50.947l22.508 9.442c18.
Action.c(285):     472 8.531 39.271 18.013 53.654 36.512 9.888 12.155 18.033 30.64 18.033 52.663 0 53.627-45.
Action.c(285):     089 96.901-119.894 96.901-20.221 0-52.197-3.172-89.64-18.040v-54.944z",\n
Action.c(285):             "M2603.148 799.418h-52.689v-112.64c-0.446-35.135-0.446-52.689-15.307-65.337-5.865-
Action.c(285):     4.954-15.779-9.482-30.667-9.482-14.402 0-26.777 3.89-41.525 13.758v173.701h-53.6v-318.085h
Action.c(285):     53.6v137.389l-12.474-25.42c0 0 19.436-10.047 30.733-14.043 9.429-3.338 28.233-7.793 44.444
Action.c(285):     -7.793 13.551 0 37.423 1.789 55.861 18.439 20.753 18.964 21.178 41.871 21.624 61.234v148.2
Action.c(285):     81z",\n
Action.c(285):             "M2744.912 609.307c-18.013 0.432-32.442 8.092-42.323 25.208-9.894 16.185-12.128 35
Action.c(285):     .162-12.128 54.099 0 17.568 2.234 38.247 12.541 54.432 10.393 16.271 26.185 23.505 42.343 
Action.c(285):     23.505 37.409 0 54.565-37.888 54.565-79.307 0-41.026-15.36-77.937-54.046-77.937h-0.951zM27
Action.c(285):     44.46 804.844c-72.95 0-110.393-50.914-110.393-114.475 0-66.66 42.363-118.904 113.125-118.9
Action.c(285):     04 64.432 0 108.531 45.023 108.531 114.848 0 65.789-37.802 118.531-111.264 118.531z",\n
Action.c(285):             "M2941.932 750.772c5.366 3.584 20.294 13.518 43.68 13.518 43.234 0 64.446-35.627 6
Action.c(285):     4.446-79.333 0-22.954-6.29-41-15.32-52.271-8.551-10.792-24.33-22.063-49.125-22.063-15.294 
Action.c(285):     0-30.168 4.063-43.68 10.818v129.33zM2940.396 587.596c5.732-2.819 22.255-8.87 27.116-10.666
Action.c(285):      3.956-1.43 17.634-5.466 34.789-5.466 65.337 0 103.158 45.455 103.158 112.155 0 72.983-44.
Action.c(285):     584 121.224-108.118 121.224-26.558 0-43.713-8.584-55.409-14.462v103.198h-53.148v-316.762h5
Action.c(285):     3.148v37.349c0 0-7.261-23.791-1.536-26.571z",\n
Action.c(285):             "M1755.056 750.772c5.399 3.584 20.214 13.518 43.666 13.518 43.247 0 64.426-35.627 
Action.c(285):     64.426-79.333 0-22.954-6.31-41-15.28-52.271-8.598-10.792-24.363-22.063-49.145-22.063-15.29
Action.c(285):     4 0-30.148 4.063-43.666 10.818v129.33zM1753.494 587.596c5.758-2.819 22.242-8.87 27.116-10.
Action.c(285):     666 3.943-1.43 17.667-5.466 34.803-5.466 65.323 0 103.171 45.455 103.171 112.155 0 72.983-
Action.c(285):     44.61 121.224-108.118 121.224-26.577 0-43.693-8.584-55.409-14.462v103.198h-53.195v-316.762
Action.c(285):     h53.195v37.349c0 0-7.288-23.791-1.563-26.571z",\n
Action.c(285):             "M3140.768 592.357h6.596c4.189 0 7.308-0.618 7.308-5.173 0-4.010-4.269-4.635-7.653
Action.c(285):     -4.635h-6.25v9.808zM3133.374 576.758h14.077c9.362 0 14.615 2.946 14.615 11.045 0 6.869-4.2
Action.c(285):     69 9.542-9.801 9.987l9.987 16.318h-7.753l-9.083-15.952h-4.648v15.952h-7.394v-37.349zM3146.
Action.c(285):     652 621.767c13.817 0 25.128-11.051 25.128-26.292 0-15.154-11.311-26.119-25.128-26.119-13.9
Action.c(285):     84 0-25.121 10.965-25.121 26.119 0 15.24 11.138 26.292 25.121 26.292zM3146.652 562.229c18.
Action.c(285):     1 0 34.231 13.019 34.231 33.247 0 20.327-16.131 33.433-34.231 33.433s-34.224-13.106-34.224
Action.c(285):     -33.433c0-20.227 16.125-33.247 34.224-33.247z",\n
Action.c(285):             "M916.892 259.976c0.060 0.020 0
Action.c(285): t=47745ms: 12280-byte ENCODED response body received for "https://stage.peapod.com/shop/images/icons/PeapodIcons.json" (RelFrameId=1, Internal ID=25)
Action.c(285): t=47746ms: 12288-byte DECODED response body for "https://stage.peapod.com/shop/images/icons/PeapodIcons.json" (RelFrameId=1, Internal ID=25)
Action.c(285):     .12 0.040 0.18 0.060 0.286 0.106 0.585 0.173 0.878 0.273-0.352-0.133-0.718-0.199-1.057-0.3
Action.c(285):     32zM889.47 640.406c-1.416-0.146-2.866-0.239-4.329-0.239h-243.852l295.623-295.544c0.027-0.0
Action.c(285):     13 0.040-0.040 0.073-0.040 9.662-9.655 14.988-22.481 14.988-36.139 0.013-13.644-5.319-26.4
Action.c(285):     84-14.974-36.133-5.22-5.173-11.178-9.017-17.827-11.55-0.698-0.273-1.396-0.492-2.101-0.725-
Action.c(285):     88.157-30.168-187.512-7.221-253.354 58.661-4.189 4.169-8.179 8.498-12.009 12.926l-0.013-27
Action.c(285):     7.404v-0.113c-0.013-29.769-24.257-53.979-54.026-53.979-7.587 0-14.928 1.549-21.863 4.601-0
Action.c(285):     .559 0.266-1.117 0.545-1.676 0.825-0.219 0.113-0.446 0.226-0.678 0.339-0.166 0.073-0.306 0
Action.c(285):     .146-0.452 0.233-105.465 51.878-173.528 161.047-173.528 278.648 0 16.111 1.33 32.070 3.803
Action.c(285):      47.742l-205.385-205.398c-0.033-0.027-0.053-0.066-0.086-0.086-22.674-22.648-59.538-22.648-
Action.c(285):     82.199 0.020-5.752 5.732-10.167 12.514-13.099 20.101-0.286 0.745-0.519 1.47-0.751 2.221 0.
Action.c(285):     093-0.286 0.153-0.559 0.259-0.858-24.35 70.264-28.752 145.82-12.753 218.558 16.45 74.759 5
Action.c(285):     3.9 143.014 108.245 197.373 31.026 31.006 66.587 56.506 105.286 75.763h-239.317c-35.002 0-
Action.c(285):     63.475 28.459-63.475 63.461 0 8.903 1.809 17.501 5.393 25.62 0.299 0.711 0.658 1.37 1.011 
Action.c(285):     2.061-0.12-0.246-0.266-0.459-0.379-0.698 42.024 86.601 107.188 159.81 188.436 211.762 83.5
Action.c(285):     22 53.374 180.271 81.588 279.818 81.588 99.541 0 196.282-28.2 279.791-81.588 81.268-51.925
Action.c(285):      146.432-125.141 188.443-211.729-0.406 0.831-0.851 1.662-1.31 2.487 0.725-1.277 1.403-2.62
Action.c(285):     6 1.995-3.963 3.577-8.152 5.413-16.743 5.413-25.553 0-33.519-26.159-60.994-59.139-63.249zM
Action.c(285):     573.965 5.632c0.060-0.027 0.113-0.053 0.166-0.080 0.12-0.060 0.239-0.12 0.359-0.18-0.166 0
Action.c(285):     .066-0.339 0.166-0.525 0.259z",\n
Action.c(285):             "M43.68 712.391c-1.177-2.653-1.842-5.612-1.842-8.724 0-11.942 9.688-21.604 21.637-
Action.c(285):     21.604l821.587-0.027c11.969 0 21.684 9.662 21.684 21.617 0 3.085-0.685 6.044-1.855 8.691l-
Action.c(285):     0.027 0.047c-77.505 159.684-241.185 269.764-430.585 269.764s-353.107-110.093-430.599-269.7
Action.c(285):     64z",\n
Action.c(285):             "M141.551 162.244c0.791-2.055 1.995-3.976 3.644-5.612 6.377-6.377 16.67-6.363 23.0
Action.c(285):     20 0l0.033 0.027 437.029 437.075c6.35 6.35 6.383 16.663 0.033 23.027-1.629 1.649-3.584 2.8
Action.c(285):     39-5.619 3.637l-0.027 0.013c-126.145 43.719-271.799 15.207-372.563-85.57-100.778-100.744-1
Action.c(285):     29.297-246.418-85.551-372.596z",\n
Action.c(285):             "M592.763 43.021c1.496-0.685 3.165-1.051 4.907-1.051 6.729 0 12.168 5.452 12.175 1
Action.c(285):     2.155h-0.007l0.027 461.325-0.020-0.040c0 6.669-5.433 12.148-12.168 12.148-1.742 0-3.391-0.
Action.c(285):     379-4.907-1.057-89.653-43.507-151.432-135.427-151.432-241.73 0-106.383 61.806-198.264 151.
Action.c(285):     426-241.75z",\n
Action.c(285):             "M904.239 299.839c1.15 0.452 2.247 1.13 3.192 2.081 3.597 3.604 3.584 9.415 0 13.0
Action.c(285):     26h-0.027l-247.416 247.442c-3.624 3.584-9.442 3.597-13.026 0.020-0.938-0.944-1.609-2.055-2
Action.c(285):     .055-3.192l-0.013-0.040c-24.782-71.421-8.611-153.853 48.434-210.911 57.012-57.038 139.483-
Action.c(285):     73.156 210.911-48.427z"\n
Action.c(285):           ],\n
Action.c(285):           "attrs": [\n
Action.c(285):             {\n
Action.c(285):               "fill": "rgb(106, 34, 106)"\n
Action.c(285):             },\n
Action.c(285):             {\n
Action.c(285):               "fill": "rgb(106, 34, 106)"\n
Action.c(285):             },\n
Action.c(285):             {\n
Action.c(285):               "fill": "rgb(106, 34, 106)"\n
Action.c(285):             },\n
Action.c(285):             {\n
Action.c(285):               "fill": "rgb(106, 34, 106)"\n
Action.c(285):             },\n
Action.c(285):             {\n
Action.c(285):               "fill": "rgb(106, 34, 106)"\n
Action.c(285):             },\n
Action.c(285):             {\n
Action.c(285):               "fill": "rgb(106, 34, 106)"\n
Action.c(285):             },\n
Action.c(285):             {\n
Action.c(285):               "fill": "rgb(106, 34, 106)"\n
Action.c(285):             },\n
Action.c(285):             {\n
Action.c(285):               "fill": "rgb(106, 34, 106)"\n
Action.c(285):             },\n
Action.c(285):             {\n
Action.c(285):               "fill": "rgb(106, 34, 106)"\n
Action.c(285):             },\n
Action.c(285):             {\n
Action.c(285):               "fill": "rgb(106, 34, 106)"\n
Action.c(285):             },\n
Action.c(285):             {\n
Action.c(285):               "fill": "rgb(255, 255, 254)"\n
Action.c(285):             },\n
Action.c(285):             {\n
Action.c(285):               "fill": "rgb(242, 178, 41)"\n
Action.c(285):             },\n
Action.c(285):             {\n
Action.c(285):               "fill": "rgb(218, 50, 42)"\n
Action.c(285):             },\n
Action.c(285):             {\n
Action.c(285):               "fill": "rgb(106, 34, 106)"\n
Action.c(285):             },\n
Action.c(285):             {\n
Action.c(285):               "fill": "rgb(132, 191, 65)"\n
Action.c(285):             }\n
Action.c(285):           ],\n
Action.c(285):           "width": 3185,\n
Action.c(285):           "isMulticolor": true,\n
Action.c(285):           "grid": 32,\n
Action.c(285):           "tags": [\n
Action.c(285):             "sns-logo"\n
Action.c(285):           ],\n
Action.c(285):           "defaultCode": 59676\n
Action.c(285):         },\n
Action.c(285):         {\n
Action.c(285):           "paths": [\n
Action.c(285):             "M1494.954 687.178c-37.317 19.288-78.539 29.622-120.21 29.622-103.111 0-171.544-66
Action.c(285):     .91-171.544-164.819 0-92.94 68.882-167.981 179.866-167.981 33.348 0 63.625 6.33 95.225 17.
Action.c(285):     099v54.798c-15.369-8.985-46.939-27.378-91.285-27.378-71.493 0-123.713 50.288-123.713 122.5
Action.c(285):     91 0 68.264 45.616 123.050 117.145 123.050 32.468 0 50.914-9.438 60.111-14.39l1.311-72.721
Action.c(285):     h-79.402l25.894-43.57h109.247l-2.646 143.699z",\n
Action.c(285):             "M1538.449 716.8h71.893v-228.778h-71.893v228.778zM1612.8 411.734c0 16.651-17.792 2
Action.c(285):     7.758-38.735 27.758-20.233 0-38.065-11.549-38.065-27.758 0-16.16 17.832-27.734 38.065-27.7
Action.c(285):     34 20.274 0 38.735 10.677 38.735 27.734z",\n
Action.c(285):             "M1664.564 639.886c0-13.422 7.806-26.443 26.087-31.885 5.229-1.682 14.358-3.358 34
Action.c(285):     .367-3.358 4.362 0 9.141 0.434 13.913 0.869v54.496c-7.835 3.353-22.615 9.618-38.255 9.618-
Action.c(285):     26.994 0-36.112-15.087-36.112-29.74zM1792 698.982c-2.617-9.228-3.484-12.147-3.484-54.084v-
Action.c(285):     83.429c-0.428-17.633-0.428-38.584-18.246-55.777-18.714-17.983-45.685-19.292-61.349-19.292-
Action.c(285):     20.003 0-40.468 4.21-52.619 6.739l-26.532 43.591c18.709-7.14 39.994-14.681 63.932-14.681 3
Action.c(285):     8.706 0 45.229 19.71 45.229 51.154-11.319-1.264-16.964-1.682-27.381-1.682-19.587 0-40.046 
Action.c(285):     2.946-56.548 10.047-22.626 9.245-42.201 28.977-42.201 59.948 0 26.421 13.913 40.233 20.875
Action.c(285):      46.109 11.746 9.674 29.149 16.374 54.797 16.374 12.099 0 30.056-2.484 52.838-9.501 0.329 
Action.c(285):     1.504 0.653 3.058 1.115 4.483h49.574z",\n
Action.c(285):             "M2158.606 700.865c-6.242 1.341-14.218 3.135-26.224 3.135-12.43 0-30.176-1.794-43.
Action.c(285):     958-16.856-13.321-15.004-13.321-30.531-12.897-50.010l0.903-119.994h-28.43l0.024-37.442 29.
Action.c(285):     303-0.188v-41.188l51.509-15.921v57.109h49.291v37.63h-50.182l-0.873 95.639c0 23.908 0 33.22
Action.c(285):     5 5.31 41.188 4.012 5.729 12.454 11.939 27.103 11.939 9.782 0 19.97-2.694 29.315-5.752l-30
Action.c(285):     .194 40.712z",\n
Action.c(285):             "M2009.6 704h-48.725v-107.529c-0.421-33.527-0.421-50.288-14.155-62.365-5.418-4.719
Action.c(285):     -14.593-9.049-28.361-9.049-13.32 0-24.764 3.708-38.393 13.133v165.809h-49.566v-212.242h49.
Action.c(285):     566v39.76l-11.543-24.273c0 0 17.974-9.586 28.427-13.402 8.721-3.188 26.103-7.444 41.105-7.
Action.c(285):     444 12.523 0 34.597 1.714 51.652 17.595 19.18 18.109 19.584 39.977 19.993 58.469v141.536z"
Action.c(285):     ,\n
Action.c(285):             "M2216.37 505.889h5.855c3.712 0 6.49-0.561 6.49-4.609 0-3.588-3.8-4.143-6.813-4.14
Action.c(285):     3h-5.532v8.752zM2209.798 491.974h12.509c8.31 0 12.979 2.62 12.979 9.855 0 6.131-3.794 8.51
Action.c(285):     -8.71 8.905l8.868 14.553h-6.889l-8.069-14.234h-4.117v14.234h-6.572v-33.313zM2221.597 532.1
Action.c(285):     26c12.257 0 22.311-9.855 22.311-23.458 0-13.52-10.054-23.298-22.311-23.298-12.427 0-22.323
Action.c(285):      9.778-22.323 23.298 0 13.602 9.896 23.458 22.323 23.458zM2221.597 479.008c16.057 0 30.392
Action.c(285):      11.608 30.392 29.66 0 18.135-14.336 29.825-30.392 29.825-16.068 0-30.398-11.69-30.398-29.
Action.c(285):     825 0-18.052 14.33-29.66 30.398-29.66z",\n
Action.c(285):             "M1041.606 568.36c-1.251-0.136-2.525-0.218-3.823-0.218h-215.372l261.105-262.295c0.
Action.c(285):     023-0.012 0.035-0.035 0.059-0.035 8.533-8.563 13.238-19.952 13.238-32.074 0.012-12.104-4.6
Action.c(285):     92-23.499-13.226-32.062-4.61-4.591-9.867-8.002-15.739-10.251-0.564-0.218-1.122-0.395-1.68-
Action.c(285):     0.584-77.899-26.875-165.752-6.515-223.947 51.996-3.7 3.7-7.224 7.542-10.607 11.472l-0.012-
Action.c(285):     246.19v-0.106c-0.012-26.414-21.43-47.901-47.718-47.901-6.701 0-13.179 1.369-19.304 4.078-0
Action.c(285):     .552 0.266-1.092 0.531-1.633 0.808-0.147 0.077-0.3 0.153-0.458 0.23-0.135 0.059-0.264 0.13
Action.c(285):     -0.388 0.207-93.151 46.036-153.272 142.924-153.272 247.294 0 14.305 1.175 28.462 3.365 42.
Action.c(285):     371l-181.409-182.285c-0.029-0.024-0.047-0.059-0.076-0.083-20.027-20.1-52.586-20.1-72.601 0
Action.c(285):     .024-5.080 5.081-8.98 11.1-11.57 17.84-0.253 0.661-0.458 1.304-0.664 1.971 0.082-0.254 0.1
Action.c(285):     35-0.496 0.229-0.761-21.507 62.359-25.395 129.415-11.264 193.97 14.53 66.342 47.606 126.91
Action.c(285):     9 95.606 175.168 27.403 27.512 58.812 50.149 92.992 67.233h-211.373c-30.915 0-56.063 25.26
Action.c(285):     3-56.063 56.328 0 7.896 1.597 15.532 4.763 22.738 0.264 0.626 0.581 1.21 0.893 1.824-0.106
Action.c(285):     -0.218-0.235-0.407-0.335-0.614 37.117 76.859 94.672 141.826 166.433 187.933 73.77 47.37 15
Action.c(285):     9.221 72.415 247.151 72.415 87.906 0 173.352-25.033 247.116-72.415 71.773-46.083 129.334-1
Action.c(285):     11.062 166.439-187.909-0.364 0.738-0.758 1.475-1.157 2.213 0.64-1.139 1.239-2.337 1.756-3.
Action.c(285):     517 3.166-7.235 4.781-14.865 4.781-22.679 0-29.748-23.098-54.139-52.234-56.133zM1065.832 2
Action.c(285):     30.723c0.112 0.041 0.223 0.083 0.335 0.118 0.194 0.065 0.393 0.112 0.593 0.183-0.311-0.118
Action.c(285):     -0.634-0.183-0.928-0.301z",\n
Action.c(285):             "M296.008 642.899c-1.028-2.496-1.608-5.266-1.608-8.185 0-11.211 8.459-20.276 18.89
Action.c(285):     2-20.276l717.369-0.025c10.456 0 18.939 9.065 18.939 20.289 0 2.889-0.598 5.665-1.62 8.148l
Action.c(285):     -0.023 0.050c-67.674 149.818-210.598 253.101-375.963 253.101-165.382 0-308.324-103.296-375
Action.c(285):     .986-253.101z",\n
Action.c(285):             "M388.379 124.458c0.684-1.831 1.725-3.543 3.152-5.001 5.515-5.682 14.418-5.67 19.9
Action.c(285):     11 0l0.029 0.024 377.999 389.467c5.492 5.658 5.515 14.842 0.023 20.513-1.403 1.469-3.1 2.5
Action.c(285):     36-4.848 3.241l-0.023 0.012c-109.118 38.963-235.093 13.551-322.247-76.25-87.166-89.765-111
Action.c(285):     .833-219.572-73.995-332.006z",\n
Action.c(285):             "M802.314 39.314c1.471-0.596 3.125-0.914 4.845-0.914 6.644 0 12.015 4.743 12.028 1
Action.c(285):     0.573h-0.013l0.026 401.288-0.013-0.035c0 5.807-5.37 10.573-12.028 10.573-1.707 0-3.348-0.3
Action.c(285):     35-4.832-0.925h-0.013c-88.521-37.845-149.514-117.804-149.514-210.275 0-92.534 61.019-172.4
Action.c(285):     64 149.514-210.286z",\n
Action.c(285):             "M1044.429 278.678c1.006 0.392 1.977 0.994 2.802 1.831 3.164 3.164 3.153 8.282 0 1
Action.c(285):     1.453h-0.023l-217.637 217.667c-3.188 3.153-8.306 3.164-11.458 0.023-0.825-0.836-1.415-1.80
Action.c(285):     7-1.807-2.813l-0.012-0.035c-21.794-62.82-7.575-135.339 42.604-185.531 50.15-50.169 122.701
Action.c(285):     -64.353 185.532-42.594z",\n
Action.c(285):             "M2661.286 598.932c4.783-1.040 8.686-3.927 11.123-7.762 2.413-3.794 3.386-8.51 2.3
Action.c(285):     54-13.253-1.040-4.767-3.91-8.652-7.721-11.081-3.802-2.438-8.535-3.427-13.286-2.388-19.751 
Action.c(285):     4.326-40.025-1.589-54.235-15.799-11.115-11.115-17.23-25.882-17.229-41.589l0-99.834c-0-15.7
Action.c(285):     24 6.123-30.5 17.229-41.606 22.937-22.937 60.258-22.937 83.195-0 11.115 11.115 17.23 25.88
Action.c(285):     2 17.229 41.589l0.008 47.363c-0 4.991 2.071 9.493 5.391 12.712 3.178 3.062 7.488 4.942 12.
Action.c(285):     255 4.934 4.876 0 9.293-1.972 12.479-5.158 3.195-3.195 5.175-7.604 5.158-12.479l-0.008-47.
Action.c(285):     363c0.017-25.142-9.775-48.778-27.553-66.557-36.697-36.697-96.415-36.697-133.112-0-17.779 1
Action.c(285):     7.779-27.571 41.414-27.562 66.564v99.834c-0.017 25.124 9.784 48.769 27.562 66.548 22.754 2
Action.c(285):     2.754 55.166 32.221 86.722 25.325zM2707.675 739.996c17.779-17.779 27.571-41.414 27.562-66.
Action.c(285):     564l0-99.834c0.017-25.125-9.784-48.769-27.554-66.539-22.754-22.754-55.175-32.229-86.73-25.
Action.c(285):     333-4.775 1.049-8.677 3.935-11.115 7.77-2.421 3.785-3.394 8.502-2.363 13.245 1.048 4.775 3
Action.c(285):     .918 8.661 7.729 11.090 3.802 2.438 8.536 3.428 13.278 2.379 19.751-4.31 40.034 1.597 54.2
Action.c(285):     43 15.807 11.115 11.115 17.23 25.882 17.23 41.589l0 99.834c-0.009 15.716-6.132 30.491-17.2
Action.c(285):     38 41.598-22.937 22.937-60.258 22.937-83.186 0.008-11.115-11.115-17.23-25.882-17.23-41.589
Action.c(285):     v-47.355c0-4.991-2.071-9.493-5.391-12.712-3.178-3.062-7.488-4.942-12.255-4.933-4.876 0-9.2
Action.c(285):     84 1.98-12.479 5.175s-5.175 7.604-5.166 12.471l0.008 47.363c-0.025 25.117 9.775 48.761 27.
Action.c(285):     554 66.539 36.689 36.689 96.406 36.689 133.103-0.008z",\n
Action.c(285):             "M3284.093 551.036c-20.764 0-36.496-5.801-36.496-20.030v-115.478c0-20.076 5.081-25
Action.c(285):     .862 32.534-25.862 34.759 0 63.949 33.236 63.949 79.112 0 42.716-25.083 82.257-60.004 82.2
Action.c(285):     57h0.016zM3288.038 374.415c-30.862 0-53.851 1.603-69.582 1.603h-12.923c-33.103 0-51.010-1.
Action.c(285):     603-54.386-1.603-8.962 0-13.507 2.595-13.507 7.328 0 9.511 11.251 6.336 29.239 9.511 15.13
Action.c(285):     1 2.611 16.803 7.359 16.803 24.259v237.871c0 25.343 0 32.671-20.764 36.411-14.579 2.595-26
Action.c(285):     .917-1.038-26.917 8.977 0 5.252 5.049 8.427 14.595 8.427 9.53 0 31.398-3.725 63.949-3.725 
Action.c(285):     35.343 0 57.195 3.725 66.157 3.725 9.562 0 14.611-3.175 14.611-8.427 0-10-12.355-6.382-26.
Action.c(285):     316-8.977-21.381-4.214-21.381-11.618-21.381-36.946v-79.204c0-6.916 1.721-11.175 6.721-10.7
Action.c(285):     33 3.831 0.351 23.118 12.717 64.338 6.305 49.289-7.664 91.613-45.587 91.613-97.799 0-63.26
Action.c(285):     5-41.48-97.020-122.231-97.020l-0.016 0.015z",\n
Action.c(285):             "M3474.707 559.502l1.43-9.014c6.978-29.148 15.62-63.497 64.607-63.497 38.917 0 43.
Action.c(285):     579 30.058 43.579 49.873 0 31.286-15.651 28.638-58.049 28.638h-43.564c-5.315 0-8.020-1.627
Action.c(285):     -8.020-4.419v-1.611l0.016 0.032zM3477.411 582.619h143.435c16.132 0 22.582-2.218 22.582-12.
Action.c(285):     109 0-45.182-37.145-99.043-103.198-99.043-77.289 0-129.945 52.92-129.945 131.797 0 79.308 
Action.c(285):     48.351 131.67 122.407 131.67 38.699 0 67.731-12.652 91.899-34.732 11.796-10.434 17.236-19.
Action.c(285):     257 17.236-24.777 0-4.371-1.616-6.079-5.44-6.079-4.258 0-26.825 32.036-76.777 32.036-56.86
Action.c(285):     8 0-89.738-48.804-89.738-105.218v-4.675c0-7.77 1.057-8.823
Action.c(285): t=47778ms: 12288-byte DECODED response body for "https://stage.peapod.com/shop/images/icons/PeapodIcons.json" (RelFrameId=1, Internal ID=25)
Action.c(285):      7.538-8.823v-0.048z",\n
Action.c(285):             "M3787.404 651.012c0 27.563-23.183 48.556-45.893 48.556-24.969 0-30.097-20.625-30.
Action.c(285):     097-43.871 0-23.774 18.543-48.875 43.863-59.348l22.115-8.857c3.129-1.663 5.8-2.206 6.822-2
Action.c(285):     .206 1.603 0 3.19 2.206 3.19 6.667v59.060zM3890.27 695.763c0-5.020-2.686-8.33-7.402-8.33-7
Action.c(285):     .89 0-15.827 12.135-25.854 12.135-13.171 0-16.3-12.71-16.3-36.437v-128.128c0-45.87-10.577-
Action.c(285):     63.536-63.811-63.536-70.678 0-119.761 44.191-119.761 77.366 0 5.5 5.311 9.913 12.698 9.913
Action.c(285):      25.839 0 34.263-13.814 44.779-33.703 12.164-23.231 23.259-36.405 45.923-36.405 21.626 0 2
Action.c(285):     6.358 12.679 26.358 44.127v23.79c0 7.738-0.534 10.52-7.387 13.222l-16.865 7.195c-67.55 27.
Action.c(285):     627-104.423 51.897-104.423 98.342 0 27.036 12.774 59.619 46.412 59.619 23.717 0 43.222-12.
Action.c(285):     726 65.886-28.699l14.239-9.993h3.678c9.493 24.382 25.366 38.691 44.886 38.691 25.808 0 56.
Action.c(285):     958-28.699 56.958-39.203l-0.015 0.032z",\n
Action.c(285):             "M4035.24 706.941c-35.454 0-55.074-17.254-55.074-50.638v-100.277c0-36.083 17.396-5
Action.c(285):     3.352 55.074-53.352 53.386 0 89.85 38.828 89.85 100.792 0 60.887-36.464 103.475-89.85 103.
Action.c(285):     475zM4070.631 466.030c-29.461 0-52.85 9.688-76.302 30.763l-7.097 6.427c-2.129 2.153-3.817 
Action.c(285):     2.699-4.889 2.699-1.64 0-2.792-1.076-2.792-3.744v-26.458c0-7.55-2.145-11.326-7.003-11.326-
Action.c(285):     6.009 0-18.516 15.101-47.992 29.64-17.979 9.188-31.007 9.688-31.007 18.299 0 8.642 10.898 
Action.c(285):     5.429 19.052 8.658 8.706 3.791 10.93 9.75 10.93 24.274v243.672c0 14.492-2.792 19.297-14.21
Action.c(285):      23.088-14.715 4.867-25.55 0-25.55 11.903 0 4.82 3.769 8.081 11.403 8.081 9.274 0 28.893-3
Action.c(285):     .822 56.635-3.822 23.421 0 44.144 3.822 61.587 3.822 9.258 0 13.69-3.822 13.69-8.081 0-11.
Action.c(285):     903-12.57-7.036-30.565-11.903-13.595-3.791-16.323-8.065-16.323-23.088v-76.612l3.832-1.607c
Action.c(285):     18.5 8.096 37.583 12.355 58.812 12.355 82.264 0 138.946-57.096 138.946-135.205 0-71.713-48
Action.c(285):     .45-121.836-111.125-121.836h-0.032z",\n
Action.c(285):             "M4692.404 631.086c0 36.757-2.773 51.959-42.006 51.959-59.224 0-95.294-37.274-95.2
Action.c(285):     94-98.674 0-67.784 37.691-112.401 84.496-112.401 46.322 0 52.804 25.706 52.804 78.775v80.3
Action.c(285):     4zM4775.825 661.018c-3.786 0-10.751 9.987-20.442 9.987-5.407 0-8.632-6.826-8.632-21.024v-2
Action.c(285):     71.485c0-13.681 2.213-25.751 2.213-35.709 0-6.856-2.213-9.987-8.149-9.987-4.316 0-18.853 1
Action.c(285):     0.459-48.987 18.88-18.837 5.26-30.632 5.777-30.632 13.666 0 5.214 9.13 4.758 19.897 9.455 
Action.c(285):     9.084 4.18 10.252 7.403 10.252 20.461v61.977c0 5.245-2.228 7.92-4.924 7.92h-1.574l-8.616-2
Action.c(285):     .675c-10.237-3.132-26.41-5.777-45.232-5.777-78.030 0-137.285 55.653-137.285 129.214 0 71.4
Action.c(285):     32 52.726 121.278 123.308 121.278 45.185 0 69.382-23.623 73.137-23.623 5.438 0 6.482 22.60
Action.c(285):     5 16.189 22.605 5.407 0 24.229-11.021 58.694-20.461 10.221-2.691 16.672-3.709 16.672-15.79
Action.c(285):     4 0-5.245-3.21-8.939-5.921-8.939l0.031 0.030z",\n
Action.c(285):             "M4835.871 358.885h-8.892v-9.152h9.877c2.307 0 3.979 0.438 5.055 1.279 1.063 0.83 
Action.c(285):     1.607 1.913 1.607 3.216 0 0.899-0.272 1.741-0.843 2.49-0.557 0.795-1.348 1.303-2.385 1.637
Action.c(285):     -1.089 0.369-2.567 0.542-4.433 0.542l0.013-0.012zM4841.51 363.127c-0.57-0.45-1.374-0.899-2
Action.c(285):     .502-1.395 3.046-0.346 5.185-1.187 6.637-2.559 1.465-1.326 2.139-2.985 2.139-4.956 0-1.533
Action.c(285):     -0.415-2.916-1.27-4.184-0.868-1.279-2.035-2.156-3.487-2.64-1.413-0.496-3.578-0.726-6.352-0
Action.c(285):     .726h-13.818v27.733h4.122v-12.368h4.809c1.024 0 1.841 0.069 2.281 0.161 0.687 0.138 1.296 
Action.c(285):     0.38 1.893 0.749 0.609 0.323 1.309 0.922 2.074 1.81 0.778 0.865 1.789 2.167 2.994 3.815l4.
Action.c(285):     148 5.833h5.107l-5.366-7.562c-1.076-1.51-2.23-2.743-3.409-3.735v0.023z",\n
Action.c(285):             "M4836.61 383.751c-12.652 0-22.988-10.424-22.988-23.217 0-12.819 10.348-23.204 22.
Action.c(285):     988-23.204 12.652 0 22.949 10.398 22.949 23.204 0 12.793-10.297 23.217-22.949 23.217zM4836
Action.c(285):     .61 332.8c-15.149 0-27.467 12.429-27.467 27.733s12.318 27.733 27.467 27.733c15.124 0 27.39
Action.c(285):     -12.429 27.39-27.733s-12.279-27.733-27.39-27.733z",\n
Action.c(285):             "M4480 596.251c0 76.624-61.411 138.683-137.167 138.683s-137.119-62.042-137.119-138
Action.c(285):     .683c0-76.561 61.348-138.651 137.119-138.651 75.755 0 137.167 62.090 137.167 138.651z"\n
Action.c(285):           ],\n
Action.c(285):           "attrs": [\n
Action.c(285):             {\n
Action.c(285):               "fill": "rgb(106, 34, 106)"\n
Action.c(285):             },\n
Action.c(285):             {\n
Action.c(285):               "fill": "rgb(106, 34, 106)"\n
Action.c(285):             },\n
Action.c(285):             {\n
Action.c(285):               "fill": "rgb(106, 34, 106)"\n
Action.c(285):             },\n
Action.c(285):             {\n
Action.c(285):               "fill": "rgb(106, 34, 106)"\n
Action.c(285):             },\n
Action.c(285):             {\n
Action.c(285):               "fill": "rgb(106, 34, 106)"\n
Action.c(285):             },\n
Action.c(285):             {\n
Action.c(285):               "fill": "rgb(106, 34, 106)"\n
Action.c(285):             },\n
Action.c(285):             {\n
Action.c(285):               "fill": "rgb(255, 255, 254)"\n
Action.c(285):             },\n
Action.c(285):             {\n
Action.c(285):               "fill": "rgb(242, 178, 41)"\n
Action.c(285):             },\n
Action.c(285):             {\n
Action.c(285):               "fill": "rgb(218, 50, 42)"\n
Action.c(285):             },\n
Action.c(285):             {\n
Action.c(285):               "fill": "rgb(106, 34, 106)"\n
Action.c(285):             },\n
Action.c(285):             {\n
Action.c(285):               "fill": "rgb(132, 191, 65)"\n
Action.c(285):             },\n
Action.c(285):             {\n
Action.c(285):               "fill": "rgb(189, 189, 189)"\n
Action.c(285):             },\n
Action.c(285):             {\n
Action.c(285):               "fill": "rgb(51, 51, 51)"\n
Action.c(285):             },\n
Action.c(285):             {\n
Action.c(285):               "fill": "rgb(51, 51, 51)"\n
Action.c(285):             },\n
Action.c(285):             {\n
Action.c(285):               "fill": "rgb(54, 54, 54)"\n
Action.c(285):             },\n
Action.c(285):             {\n
Action.c(285):               "fill": "rgb(51, 51, 51)"\n
Action.c(285):             },\n
Action.c(285):             {\n
Action.c(285):               "fill": "rgb(51, 51, 51)"\n
Action.c(285):             },\n
Action.c(285):             {\n
Action.c(285):               "fill": "rgb(54, 54, 54)"\n
Action.c(285):             },\n
Action.c(285):             {\n
Action.c(285):               "fill": "rgb(51, 51, 51)"\n
Action.c(285):             },\n
Action.c(285):             {\n
Action.c(285):               "fill": "rgb(94, 160, 0)"\n
Action.c(285):             }\n
Action.c(285):           ],\n
Action.c(285):           "width": 5005,\n
Action.c(285):           "isMulticolor": true,\n
Action.c(285):           "grid": 32,\n
Action.c(285):           "tags": [\n
Action.c(285):             "peapod-giant-landover-link-logo"\n
Action.c(285):           ],\n
Action.c(285):           "defaultCode": 59691\n
Action.c(285):         },\n
Action.c(285):         {\n
Action.c(285):           "paths": [\n
Action.c(285):             "M692.288 504.455l42.084-0.063v42.133l-42.084-42.070zM543.995 579.239h-76.432c-2.6
Action.c(285):     27-10.589-1.493-25.691 3.086-38.54 8.429-18.22 27.151-35.967 38.162-35.967l35.184-0.054v74
Action.c(285):     .561zM2171.673 369.747l-56.199-59.030h-481.532l-0.036 128.006-37.064-56.189-1.457-1.224c-9
Action.c(285):     .329-7.837-18.181-16.63-26.746-25.145-16.634-16.531-33.835-33.626-56.676-46.118-11.335-5.8
Action.c(285):     08-25.729-8.998-40.537-8.998-18.37 0-35.13 4.79-47.311 13.511-24.074 13.493-43.461 44.661-
Action.c(285):     46.241 74.552-1.727 18.488-1.898 28.443-1.277 34.171v197.009l-109.16-226.729-56.811-58.771
Action.c(285):     c-18.253-21.214-45.458-33.867-72.869-33.867-14.385 0-28.41 3.592-40.609 10.383-31.694 14.3
Action.c(285):     96-44.171 43.544-55.183 69.271-4.237 9.883-8.232 19.221-13.143 27.773l-87.012 195.302 0.06
Action.c(285):     3-231.733-60.599-61.693h-146.899v55.536l-52.601-52.596h-226.678c-50.154 0.188-80.381 15.89
Action.c(285):     7-112.885 41.185-59.114 45.993-86.742 132.197-67.175 209.617 18.766 74.284 82.756 129.963 
Action.c(285):     110.078 153.732l2.438 2.127c27.034 23.582 89.045 47.834 113.883 48.048l236.574-0.232-0.036
Action.c(285):     -52.57 52.988 52.587 150.588 0.045v-9.686l11.092 9.847 134.799-0.161c5.641-0.009 16.859-0.
Action.c(285):     018 18.712-10.044 1.475-3.467 5.83-13.064 10.912-24.127l34.564 34.323h286.062l-0.144-1.617
Action.c(285):     h132.227v-136.057l48.463 72.702 40.483 50.595c7.125 8.909 11.623 14.521 17.48 14.521 0.9 0
Action.c(285):      1.826-0.125 2.798-0.402 18.226-0.063 134.116 0.063 134.116 0.063l13.188 0.009-0.162-266.5
Action.c(285):     39h32.072v209.59l55.471 56.984 146.108-0.098-0.009-264.331 111.895 0.17v-133.698z",\n
Action.c(285):             "M2137.6 729.609c0 21.199-17.192 38.391-38.391 38.391-21.208 0-38.409-17.192-38.40
Action.c(285):     9-38.391 0-21.218 17.201-38.409 38.409-38.409 21.199 0 38.391 17.192 38.391 38.409z",\n
Action.c(285):             "M2099.208 699.814c-16.426 0-29.779 13.362-29.779 29.79 0 16.42 13.353 29.774 29.7
Action.c(285):     79 29.774 16.418 0 29.77-13.354 29.77-29.774 0-16.428-13.353-29.79-29.77-29.79zM2099.208 7
Action.c(285):     68c-21.182 0-38.408-17.228-38.408-38.396 0-21.185 17.226-38.404 38.408-38.404 21.166 0 38.
Action.c(285):     392 17.219 38.392 38.404 0 21.168-17.226 38.396-38.392 38.396z",\n
Action.c(285):             "M2099.005 720.9v-11.412h7.513c3.839 0 7.932 0.839 7.932 5.429 0 5.66-4.166 5.982-
Action.c(285):     8.85 5.982h-6.595zM2099.005 725.657h6.34l9.605 16.002h6.185l-10.351-16.26c5.348-0.664 9.42
Action.c(285):     4-3.54 9.424-10.158 0-7.273-4.248-10.472-12.844-10.472h-13.872v36.89h5.512v-16.002zM2105.7
Action.c(285):      755.2c17.192 0 31.9-13.541 31.9-32.069 0-18.362-14.708-31.931-31.9-31.931-17.401 0-32.1 1
Action.c(285):     3.569-32.1 31.931 0 18.528 14.699 32.069 32.1 32.069zM2079.958 723.131c0-15.163 11.27-26.5
Action.c(285):     75 25.742-26.575 14.272 0 25.533 11.412 25.533 26.575 0 15.403-11.261 26.741-25.533 26.741
Action.c(285):     -14.472 0-25.742-11.338-25.742-26.741z",\n
Action.c(285):             "M1185.53 586.899l-12.463-24.841-11.137 24.841h23.601zM1200.6 351.282l55.391 56.03
Action.c(285):     6 132.751 269.685v-248.108c-0.045 0-1.066-7.964 1.228-32.083 2.276-23.971 18.431-51.58 40.
Action.c(285):     069-63.043 19.336-14.005 53.428-14.327 74.404-3.821 32.122 17.19 53.097 45.209 80.631 67.8
Action.c(285):     13l59.933 88.877 0.045-154.618h460.831l48.509 49.83v112.395l-111.436-0.165v257.508l-126.85
Action.c(285):     6 0.078-47.685-47.916v-211.742h-58.177l0.17 259.614c0 0-136.228-0.113-136.183-0.035 0.009 
Action.c(285):     0.035-46.986-57.351-46.986-57.351l-72.325-106.11v162.112h-116.686l-21.629-18.792c0.332 6.6
Action.c(285):     85 4.91 13.056 5.564 20.376h-265.153l-43.922-42.667c0 0-20.16 42.51-19.667 42.51s-135.036 
Action.c(285):     0.157-135.036 0.157l-29.165-25.311v25.155l-131.434-0.044-48.68-47.237v-372.845h127.671l52.
Action.c(285):     765 52.537-0.081 280.895 111.194-244.286c18.682-31.831 24.577-72.905 62.604-89.468 32.122-
Action.c(285):     17.826 73.741-6.998 97.341 20.063z",\n
Action.c(285):             "M727.315 382.486v112.708l-215.999 0.322c-19.255-0.078-41.297 23.884-50.149 42.98-
Action.c(285):     5.564 14.971-7.858 35.66-1.962 50.631 0 0 1.676 4.491 4.256 4.456h96.042v-84.385h117.331l4
Action.c(285):     9.495 48.403 0.161 194.021-222.387 0.209c-20.232-0.165-79.314-21.821-104.877-43.624-25.572
Action.c(285):     -21.812-89.743-74.706-108.004-145.348-19.99-77.379 12.499-153.173 62.281-191.044 33.268-25
Action.c(285):     .311 60.31-37.253 104.384-37.41h220.264l49.164 48.081z",\n
Action.c(285):             "M1197.607 367.494l14.393 30.203 144.538 316.438c0.983 2.035-0.858 2.245-4.577 2.3
Action.c(285):     27h-235.456v-103.475h81.102l-61.479-147.11-98.436 250.922h-116.092c0 0 140.381-332.544 154
Action.c(285):     .515-351.815 15.296-23.277 45.95-36.554 72.77-30.878 19.614 4.006 38.915 16.023 48.722 33.
Action.c(285):     388z",\n
Action.c(285):             "M1532.406 369.367l118.564 181.761 0.036-208.256h448.194v104.962h-112.35v268.966h-
Action.c(285):     112.833l-0.161-272.651h-120.683c0.322 89.881 0.322 272.321 0.322 272.321h-119.7l-135.936-2
Action.c(285):     11.245 0.045 211.245h-102.694l-0.009-295.461c0.009-18.409 7.77-53.192 29.272-71.647 16.496
Action.c(285):     -14.164 44.722-23.057 73.261-10.69 12.759 6.042 27.475 17.611 34.672 30.694z",\n
Action.c(285):             "M678.4 447.539h-207.008c-26.659 0-61.14 37.809-65.79 72.953-4.478 30.92 23.135 95
Action.c(285):     .788 59.813 95.833h106.828v-87.874h104.83v188.348l-226.946-0.335c-62.802-5.629-125.267-60.
Action.c(285):     68-145.532-124.351-21.264-65.321-10.637-143.904 44.853-198.954 39.876-37.8 79.079-48.986 1
Action.c(285):     28.592-47.418h200.195l0.163 101.798z",\n
Action.c(285):             "M755.2 704h115.2v-371.2h-115.2z",\n
Action.c(285):             "M2661.286 598.932c4.783-1.040 8.686-3.927 11.123-7.762 2.413-3.794 3.386-8.51 2.3
Action.c(285):     54-13.253-1.040-4.767-3.91-8.652-7.721-11.081-3.802-2.438-8.535-3.427-13.286-2.388-19.751 
Action.c(285):     4.326-40.025-1.589-54.235-15.799-11.115-11.115-17.23-25.882-17.229-41.589l0-99.834c-0-15.7
Action.c(285):     24 6.123-30.5 17.229-41.606 22.937-22.937 60.258-22.937 83.195-0 11.115 11.115 17.23 25.88
Action.c(285):     2 17.229 41.589l0.008 47.363c-0 4.991 2.071 9.493 5.391 12.712 3.178 3.062 7.488 4.942 12.
Action.c(285):     255 4.934 4.876 0 9.293-1.972 12.479-5.158 3.195-3.195 5.175-7.604 5.158-12.479l-0.008-47.
Action.c(285):     363c0.017-25.142-9.775-48.778-27.553-66.557-36.697-36.697-96.415-36.697-133.112-0-17.779 1
Action.c(285):     7.779-27.571 41.414-27.562 66.564v99.834c-0.017 25.124 9.784 48.769 27.562 66.548 22.754 2
Action.c(285):     2.754 55.166 32.221 86.722 25.325zM2707.675 739.996c17.779-17.779 27.571-41.414 27.562-66.
Action.c(285):     564l0-99.834c0.017-25.125-9.784-48.769-27.554-66.539-22.754-22.754-55.175-32.229-86.73-25.
Action.c(285):     333-4.775 1.049-8.677 3.935-11.115 7.77-2.421 3.785-3.394 8.502-2.363 13.245 1.048 4.775 3
Action.c(285):     .918 8.661 7.729 11.090 3.802 2.438 8.536 3.428 13.278 2.379 19.751-4.31 40.034 1.597 54.2
Action.c(285):     43 15.807 11.115 11.115 17.23 25.882 17.23 41.589l0 99.834c-0.009 15.716-6.132 30.491-17.2
Action.c(285):     38 41.598-22.937 22.937-60.258 22.937-83.186 0.008-11.115-11.115-17.23-25.882-17.23-41.589
Action.c(285):     v-47.355c0-4.991-2.071-9.493-5.391-12.712-3.178-3.062-7.488-4.942-12.255-4.933-4.876 0-9.2
Action.c(285):     84 1.98-12.479 5.175s-5.175 7.604-5.166 12.471l0.008 47.363c-0.025 25.117 9.775 48.761 27.
Action.c(285):     554 66.539 36.689 36.689 96.406 36.689 133.103-0.008z",\n
Action.c(285):             "M3258.493 551.036c-20.764 0-36.496-5.801-36.496-20.030v-115.478c0-20.076 5.081-25
Action.c(285):     .862 32.534-25.862 34.759 0 63.949 33.236 63.949 79.112 0 42.716-25.083 82.257-60.004 82.2
Action.c(285):     57h0.016zM3262.438 374.415c-30.862 0-53.851 1.603-69.582 1.603h-12.923c-33.103 0-51.010-1.
Action.c(285):     603-54.386-1.603-8.962 0-13.507 2.595-13.507 7.328 0 9.511 11.251 6.336 29.239 9.511 15.13
Action.c(285):     1 2.611 16.803 7.359 16.803 24.259v237.871c0 25.343 0 32.671-20.764 36.411-14.579 2.595-26
Action.c(285):     .917-1.038-26.917 8.977 0 5.252 5.049 8.427 14.595 8.427 9.53 0 31.398-3.725 63.949-3.725 
Action.c(285):     35.343 0 57.195 3.725 66.157 3.725 9.562 0 14.611-3.175 14.611-8.427 0-10-12.355-6.382-26.
Action.c(285):     316-8.977-21.381-4.214-21.381-11.618-21.381-36.946v-79.204c0-6.916 1.721-11.175 6.721-10.7
Action.c(285):     33 3.831 0.351 23.118 12.717 64.338 6.305 
Action.c(285): t=47813ms: 12288-byte DECODED response body for "https://stage.peapod.com/shop/images/icons/PeapodIcons.json" (RelFrameId=1, Internal ID=25)
Action.c(285):     49.289-7.664 91.613-45.587 91.613-97.799 0-63.265-41.48-97.020-122.231-97.020l-0.016 0.015
Action.c(285):     z",\n
Action.c(285):             "M3449.107 559.502l1.43-9.014c6.978-29.148 15.62-63.497 64.607-63.497 38.917 0 43.
Action.c(285):     579 30.058 43.579 49.873 0 31.286-15.651 28.638-58.049 28.638h-43.564c-5.315 0-8.020-1.627
Action.c(285):     -8.020-4.419v-1.611l0.016 0.032zM3451.811 582.619h143.435c16.132 0 22.582-2.218 22.582-12.
Action.c(285):     109 0-45.182-37.145-99.043-103.198-99.043-77.289 0-129.945 52.92-129.945 131.797 0 79.308 
Action.c(285):     48.351 131.67 122.407 131.67 38.699 0 67.731-12.652 91.899-34.732 11.796-10.434 17.236-19.
Action.c(285):     257 17.236-24.777 0-4.371-1.616-6.079-5.44-6.079-4.258 0-26.825 32.036-76.777 32.036-56.86
Action.c(285):     8 0-89.738-48.804-89.738-105.218v-4.675c0-7.77 1.057-8.823 7.538-8.823v-0.048z",\n
Action.c(285):             "M3761.804 651.012c0 27.563-23.183 48.556-45.893 48.556-24.969 0-30.097-20.625-30.
Action.c(285):     097-43.871 0-23.774 18.543-48.875 43.863-59.348l22.115-8.857c3.129-1.663 5.8-2.206 6.822-2
Action.c(285):     .206 1.603 0 3.19 2.206 3.19 6.667v59.060zM3864.67 695.763c0-5.020-2.686-8.33-7.402-8.33-7
Action.c(285):     .89 0-15.827 12.135-25.854 12.135-13.171 0-16.3-12.71-16.3-36.437v-128.128c0-45.87-10.577-
Action.c(285):     63.536-63.811-63.536-70.678 0-119.761 44.191-119.761 77.366 0 5.5 5.311 9.913 12.698 9.913
Action.c(285):      25.839 0 34.263-13.814 44.779-33.703 12.164-23.231 23.259-36.405 45.923-36.405 21.626 0 2
Action.c(285):     6.358 12.679 26.358 44.127v23.79c0 7.738-0.534 10.52-7.387 13.222l-16.865 7.195c-67.55 27.
Action.c(285):     627-104.423 51.897-104.423 98.342 0 27.036 12.774 59.619 46.412 59.619 23.717 0 43.222-12.
Action.c(285):     726 65.886-28.699l14.239-9.993h3.678c9.493 24.382 25.366 38.691 44.886 38.691 25.808 0 56.
Action.c(285):     958-28.699 56.958-39.203l-0.015 0.032z",\n
Action.c(285):             "M4009.64 706.941c-35.454 0-55.074-17.254-55.074-50.638v-100.277c0-36.083 17.396-5
Action.c(285):     3.352 55.074-53.352 53.386 0 89.85 38.828 89.85 100.792 0 60.887-36.464 103.475-89.85 103.
Action.c(285):     475zM4045.031 466.030c-29.461 0-52.85 9.688-76.302 30.763l-7.097 6.427c-2.129 2.153-3.817 
Action.c(285):     2.699-4.889 2.699-1.64 0-2.792-1.076-2.792-3.744v-26.458c0-7.55-2.145-11.326-7.003-11.326-
Action.c(285):     6.009 0-18.516 15.101-47.992 29.64-17.979 9.188-31.007 9.688-31.007 18.299 0 8.642 10.898 
Action.c(285):     5.429 19.052 8.658 8.706 3.791 10.93 9.75 10.93 24.274v243.672c0 14.492-2.792 19.297-14.21
Action.c(285):      23.088-14.715 4.867-25.55 0-25.55 11.903 0 4.82 3.769 8.081 11.403 8.081 9.274 0 28.893-3
Action.c(285):     .822 56.635-3.822 23.421 0 44.144 3.822 61.587 3.822 9.258 0 13.69-3.822 13.69-8.081 0-11.
Action.c(285):     903-12.57-7.036-30.565-11.903-13.595-3.791-16.323-8.065-16.323-23.088v-76.612l3.832-1.607c
Action.c(285):     18.5 8.096 37.583 12.355 58.812 12.355 82.264 0 138.946-57.096 138.946-135.205 0-71.713-48
Action.c(285):     .45-121.836-111.125-121.836h-0.032z",\n
Action.c(285):             "M4666.804 631.086c0 36.757-2.773 51.959-42.006 51.959-59.224 0-95.294-37.274-95.2
Action.c(285):     94-98.674 0-67.784 37.691-112.401 84.496-112.401 46.322 0 52.804 25.706 52.804 78.775v80.3
Action.c(285):     4zM4750.225 661.018c-3.786 0-10.751 9.987-20.442 9.987-5.407 0-8.632-6.826-8.632-21.024v-2
Action.c(285):     71.485c0-13.681 2.213-25.751 2.213-35.709 0-6.856-2.213-9.987-8.149-9.987-4.316 0-18.853 1
Action.c(285):     0.459-48.987 18.88-18.837 5.26-30.632 5.777-30.632 13.666 0 5.214 9.13 4.758 19.897 9.455 
Action.c(285):     9.084 4.18 10.252 7.403 10.252 20.461v61.977c0 5.245-2.228 7.92-4.924 7.92h-1.574l-8.616-2
Action.c(285):     .675c-10.237-3.132-26.41-5.777-45.232-5.777-78.030 0-137.285 55.653-137.285 129.214 0 71.4
Action.c(285):     32 52.726 121.278 123.308 121.278 45.185 0 69.382-23.623 73.137-23.623 5.438 0 6.482 22.60
Action.c(285):     5 16.189 22.605 5.407 0 24.229-11.021 58.694-20.461 10.221-2.691 16.672-3.709 16.672-15.79
Action.c(285):     4 0-5.245-3.21-8.939-5.921-8.939l0.031 0.030z",\n
Action.c(285):             "M4810.271 358.885h-8.892v-9.152h9.877c2.307 0 3.979 0.438 5.055 1.279 1.063 0.83 
Action.c(285):     1.607 1.913 1.607 3.216 0 0.899-0.272 1.741-0.843 2.49-0.557 0.795-1.348 1.303-2.385 1.637
Action.c(285):     -1.089 0.369-2.567 0.542-4.433 0.542l0.013-0.012zM4815.91 363.127c-0.57-0.45-1.374-0.899-2
Action.c(285):     .502-1.395 3.046-0.346 5.185-1.187 6.637-2.559 1.465-1.326 2.139-2.985 2.139-4.956 0-1.533
Action.c(285):     -0.415-2.916-1.27-4.184-0.868-1.279-2.035-2.156-3.487-2.64-1.413-0.496-3.578-0.726-6.352-0
Action.c(285):     .726h-13.818v27.733h4.122v-12.368h4.809c1.024 0 1.841 0.069 2.281 0.161 0.687 0.138 1.296 
Action.c(285):     0.38 1.893 0.749 0.609 0.323 1.309 0.922 2.074 1.81 0.778 0.865 1.789 2.167 2.994 3.815l4.
Action.c(285):     148 5.833h5.107l-5.366-7.562c-1.076-1.51-2.23-2.743-3.409-3.735v0.023z",\n
Action.c(285):             "M4811.010 383.751c-12.652 0-22.988-10.424-22.988-23.217 0-12.819 10.348-23.204 22
Action.c(285):     .988-23.204 12.652 0 22.949 10.398 22.949 23.204 0 12.793-10.297 23.217-22.949 23.217zM481
Action.c(285):     1.010 332.8c-15.149 0-27.467 12.429-27.467 27.733s12.318 27.733 27.467 27.733c15.124 0 27.
Action.c(285):     39-12.429 27.39-27.733s-12.279-27.733-27.39-27.733z",\n
Action.c(285):             "M4454.4 596.251c0 76.624-61.411 138.683-137.167 138.683s-137.119-62.042-137.119-1
Action.c(285):     38.683c0-76.561 61.348-138.651 137.119-138.651 75.755 0 137.167 62.090 137.167 138.651z"\n
Action.c(285):           ],\n
Action.c(285):           "attrs": [\n
Action.c(285):             {\n
Action.c(285):               "fill": "rgb(255, 255, 254)"\n
Action.c(285):             },\n
Action.c(285):             {\n
Action.c(285):               "fill": "rgb(255, 255, 254)"\n
Action.c(285):             },\n
Action.c(285):             {\n
Action.c(285):               "fill": "rgb(255, 255, 254)"\n
Action.c(285):             },\n
Action.c(285):             {\n
Action.c(285):               "fill": "rgb(26, 25, 25)"\n
Action.c(285):             },\n
Action.c(285):             {\n
Action.c(285):               "fill": "rgb(26, 25, 25)"\n
Action.c(285):             },\n
Action.c(285):             {\n
Action.c(285):               "fill": "rgb(26, 25, 25)"\n
Action.c(285):             },\n
Action.c(285):             {\n
Action.c(285):               "fill": "rgb(215, 35, 49)"\n
Action.c(285):             },\n
Action.c(285):             {\n
Action.c(285):               "fill": "rgb(215, 35, 49)"\n
Action.c(285):             },\n
Action.c(285):             {\n
Action.c(285):               "fill": "rgb(215, 35, 49)"\n
Action.c(285):             },\n
Action.c(285):             {\n
Action.c(285):               "fill": "rgb(215, 35, 49)"\n
Action.c(285):             },\n
Action.c(285):             {\n
Action.c(285):               "fill": "rgb(189, 189, 189)"\n
Action.c(285):             },\n
Action.c(285):             {\n
Action.c(285):               "fill": "rgb(51, 51, 51)"\n
Action.c(285):             },\n
Action.c(285):             {\n
Action.c(285):               "fill": "rgb(51, 51, 51)"\n
Action.c(285):             },\n
Action.c(285):             {\n
Action.c(285):               "fill": "rgb(54, 54, 54)"\n
Action.c(285):             },\n
Action.c(285):             {\n
Action.c(285):               "fill": "rgb(51, 51, 51)"\n
Action.c(285):             },\n
Action.c(285):             {\n
Action.c(285):               "fill": "rgb(51, 51, 51)"\n
Action.c(285):             },\n
Action.c(285):             {\n
Action.c(285):               "fill": "rgb(54, 54, 54)"\n
Action.c(285):             },\n
Action.c(285):             {\n
Action.c(285):               "fill": "rgb(51, 51, 51)"\n
Action.c(285):             },\n
Action.c(285):             {\n
Action.c(285):               "fill": "rgb(94, 160, 0)"\n
Action.c(285):             }\n
Action.c(285):           ],\n
Action.c(285):           "width": 5005,\n
Action.c(285):           "isMulticolor": true,\n
Action.c(285):           "grid": 32,\n
Action.c(285):           "tags": [\n
Action.c(285):             "peapod-giant-carlisle-link-logo"\n
Action.c(285):           ],\n
Action.c(285):           "defaultCode": 59711\n
Action.c(285):         },\n
Action.c(285):         {\n
Action.c(285):           "paths": [\n
Action.c(285):             "M857.6 635.254c18.484 13.105 39.981 22.448 62.429 22.448 32.701 0 45.266-21.071 4
Action.c(285):     5.266-37.674 0-24.166-20.156-32.478-36.363-39.393l-14.856-6.237c-13.862-6.548-29.406-13.78
Action.c(285):     9-40.976-27.991-5.929-7.231-14.193-20.693-14.193-40.397 0-36.593 29.079-70.81 82.917-70.81
Action.c(285):      29.401 0 49.884 9.332 57.49 12.748v41.091c-7.606-6.186-25.783-20.693-54.842-20.693-29.722
Action.c(285):      0-40.634 18.643-40.634 33.87 0 22.070 21.156 31.754 38.299 39.015l16.543 7.277c13.545 6.5
Action.c(285):     53 28.752 13.835 39.328 27.975 7.24 9.332 13.194 23.503 13.194 40.403 0 41.152-33.033 74.3
Action.c(285):     14-87.87 74.314-14.856 0-38.313-2.432-65.73-13.804v-42.141z",\n
Action.c(285):             "M1114.49 675.966c-5.078 1.081-11.61 2.434-21.428 2.434-10.167 0-24.721-1.353-35.9
Action.c(285):     71-13.007-10.918-11.644-10.918-23.626-10.537-38.689l0.756-92.707h-23.283l-0.027-29.105h24.
Action.c(285):     029v-31.776l42.138-12.316v44.092h40.309v29.105h-41.060l-0.697 73.919c0 18.451 0 25.671 4.3
Action.c(285):     44 31.821 3.276 4.418 10.178 9.246 22.195 9.246 7.99 0 16.307-2.080 23.943-4.449l-24.71 31
Action.c(285):     .433z",\n
Action.c(285):             "M1222.383 528.257c-13.502 0.332-24.333 6.214-31.771 19.356-7.447 12.427-9.134 26.
Action.c(285):     999-9.134 41.54 0 13.489 1.687 29.368 9.494 41.795 7.762 12.494 19.656 18.049 31.776 18.04
Action.c(285):     9 28.077 0 40.885-29.092 40.885-60.896 0-31.502-11.475-59.844-40.556-59.844h-0.694zM1222.0
Action.c(285):     83 678.4c-54.801 0-82.883-39.094-82.883-87.9 0-51.185 31.806-91.3 84.89-91.3 48.347 0 81.5
Action.c(285):     1 34.571 81.51 88.186 0 50.516-28.416 91.014-83.517 91.014z",\n
Action.c(285):             "M1588.86 518.472c-1.205-14.083-11.221-21.754-22.923-20.668-13.817 1.253-21.592 13
Action.c(285):     .889-20.453 27.086 0.946 10.979 10.983 19.457 19.086 26.75 24.153-9.102 25.145-22.744 24.2
Action.c(285):     89-33.168zM1553.456 583.492c-10.644 4.32-23.044 16.007-21.465 34.416 1.321 15.698 14.222 3
Action.c(285):     5.323 43.74 32.638 11.52-1.022 23.606-7.933 36.274-18.214l-58.549-48.839zM1644.479 659.228
Action.c(285):     l-33.445-26.965c0 0 26.359 9.988 21.202 15.624-5.213 5.678-9.814 11.089-20.686 18.020-15.8
Action.c(285):     42 10.135-28.105 12.237-42.844 12.473-39.21 0.724-68.014-19.048-70.879-53.191-1.174-13.742
Action.c(285):      2.252-27.143 9.1-37.724 8.594-12.442 20.098-18.76 28.030-23.111-5.269-5.327-19.704-19.656
Action.c(285):     -21.156-36.974-2.475-28.91 17.973-50.606 49.849-53.506 29.735-2.726 53.523 15.095 55.801 4
Action.c(285):     1.761 0.901 10.743-1.868 22.131-8.113 31.548-8.053 12.153-14.48 17.701-24.228 22.739l76.89
Action.c(285):     1 63.667-19.521 25.639z",\n
Action.c(285):             "M1676.8 635.23c18.503 13.12 39.994 22.442 62.426 22.442 32.712 0 45.248-21.075 45
Action.c(285):     .248-37.658 0-24.191-20.136-32.498-36.338-39.387l-14.852-6.226c-13.867-6.568-29.378-13.829
Action.c(285):     -40.954-27.939-5.952-7.272-14.214-20.805-14.214-40.458 0-36.603 29.085-70.804 82.922-70.80
Action.c(285):     4 29.407 0 49.835 9.311 57.454 12.748v41.116c-7.619-6.226-25.761-20.708-54.836-20.708-29.7
Action.c(285):     14 0-40.603 18.648-40.603 33.834 0 22.1 21.116 31.809 38.298 39.071l16.5 7.241c13.541 6.54
Action.c(285):     2 28.788 13.814 39.331 28 7.248 9.322 13.219 23.498 13.219 40.386 0 41.126-33.053 74.312-8
Action.c(285):     7.889 74.312-14.823 0-38.264-2.432-65.711-13.834v-42.135z",\n
Action.c(285):             "M1996.8 678.4h-38.282v-86.122c-0.324-26.863-0.324-40.285-11.121-49.955-4.261-3.78
Action.c(285):     8-11.464-7.25-22.281-7.25-10.464 0-19.455 2.974-30.171 10.519v132.808h-38.944v-243.2h38.94
Action.c(285):     4v105.044l-9.063-19.436c0 0 14.122-7.682 22.33-10.737 6.851-2.552 20.513-5.958 32.292-5.95
Action.c(285):     8 9.846 0 27.19 1.368 40.587 14.098 15.078 14.499 15.387 32.014 15.711 46.818v113.372z",\n
Action.c(285):             "M2118.412 528.257c-13.523 0.332-24.355 6.214-31.772 19.356-7.428 12.427-9.105 26.
Action.c(285):     999-9.105 41.54 0 13.489 1.677 29.368 9.414 41.795 7.802 12.494 19.658 18.049 31.787 18.04
Action.c(285):     9 28.084 0 40.962-29.092 40.962-60.896 0-31.502-11.531-59.844-40.573-59.844h-0.714zM2118.0
Action.c(285):     73 678.4c-54.764 0-82.873-39.094-82.873-87.9 0-51.185 31.802-91.3 84.925-91.3 48.37 0 81.4
Action.c(285):     75 34.571 81.475 88.186 0 50.516-28.378 91.014-83.527 91.014z",\n
Action.c(285):             "M2268.016 634.578c4.121 2.706 15.585 10.206 33.545 10.206 33.202 0 49.492-26.899 
Action.c(285):     49.492-59.898 0-17.33-4.831-30.955-11.765-39.465-6.567-8.148-18.685-16.657-37.727-16.657-1
Action.c(285):     1.745 0-23.168 3.067-33.545 8.168v97.645zM2266.837 511.379c4.402-2.129 17.091-6.697 20.824
Action.c(285):     -8.053 3.038-1.079 13.542-4.127 26.717-4.127 50.176 0 79.222 34.319 79.222 84.678 0 55.103
Action.c(285):     -34.239 91.526-83.031 91.526-20.395 0-33.57-6.481-42.552-10.919v77.916h-40.816v-239.159h40
Action.c(285):     .816v28.199c0 0-5.576-17.963-1.18-20.061z",\n
Action.c(285):             "M1372.043 634.578c4.146 2.706 15.52 10.206 33.527 10.206 33.205 0 49.466-26.899 4
Action.c(285):     9.466-59.898 0-17.33-4.845-30.955-11.732-39.465-6.601-8.148-18.706-16.657-37.734-16.657-11
Action.c(285):     .742 0-23.148 3.067-33.527 8.168v97.645zM1370.843 511.379c4.421-2.129 17.078-6.697 20.82-8
Action.c(285):     .053 3.027-1.079 13.565-4.127 26.722-4.127 50.155 0 79.215 34.319 79.215 84.678 0 55.103-3
Action.c(285):     4.252 91.526-83.014 91.526-20.406 0-33.548-6.481-42.543-10.919v77.916h-40.843v-239.159h40.
Action.c(285):     843v28.199c0 0-5.596-17.963-1.2-20.061z",\n
Action.c(285):             "M2411.529 515.673h4.957c3.148 0 5.492-0.472 5.492-3.945 0-3.057-3.208-3.534-5.752
Action.c(285):     -3.534h-4.697v7.478zM2405.973 503.778h10.579c7.036 0 10.984 2.246 10.984 8.421 0 5.237-3.2
Action.c(285):     08 7.276-7.366 7.615l7.506 12.442h-5.827l-6.826-12.163h-3.493v12.163h-5.557v-28.479zM2415.
Action.c(285):     952 538.098c10.384 0 18.884-8.427 18.884-20.047 0-11.555-8.5-19.915-18.884-19.915-10.509 0
Action.c(285):     -18.879 8.361-18.879 19.915 0 11.621 8.37 20.047 18.879 20.047zM2415.952 492.7c13.602 0 25
Action.c(285):     .725 9.927 25.725 25.351 0 15.499-12.123 25.493-25.725 25.493s-25.72-9.993-25.72-25.493c0-
Action.c(285):     15.423 12.118-25.351 25.72-25.351z",\n
Action.c(285):             "M740.257 262.232c0.045 0.015 0.090 0.030 0.135 0.046 0.215 0.081 0.44 0.132 0.66 
Action.c(285):     0.208-0.265-0.101-0.54-0.152-0.795-0.254zM719.649 552.309c-1.064-0.112-2.154-0.183-3.253-0
Action.c(285):     .183h-183.258l222.165-225.352c0.020-0.010 0.030-0.030 0.055-0.030 7.261-7.362 11.263-17.14
Action.c(285):     2 11.263-27.556 0.010-10.404-3.998-20.194-11.253-27.551-3.923-3.945-8.4-6.875-13.397-8.807
Action.c(285):     -0.525-0.208-1.049-0.375-1.579-0.553-66.251-23.003-140.918-5.506-190.399 44.729-3.148 3.17
Action.c(285):     9-6.146 6.48-9.025 9.856l-0.010-211.521v-0.086c-0.010-22.699-18.229-41.159-40.601-41.159-5
Action.c(285):     .702 0-11.218 1.181-16.43 3.509-0.42 0.203-0.84 0.416-1.259 0.629-0.165 0.086-0.335 0.172-
Action.c(285):     0.51 0.259-0.125 0.056-0.23 0.112-0.34 0.177-79.259 39.557-130.409 122.799-130.409 212.469
Action.c(285):      0 12.285 0.999 24.453 2.858 36.404l-154.35-156.616c-0.025-0.020-0.040-0.051-0.065-0.066-1
Action.c(285):     7.040-17.269-44.744-17.269-61.774 0.015-4.322 4.37-7.641 9.542-9.844 15.327-0.215 0.568-0.
Action.c(285):     39 1.12-0.565 1.693 0.070-0.218 0.115-0.426 0.195-0.654-18.299 53.576-21.607 111.188-9.584
Action.c(285):      166.65 12.363 57.003 40.506 109.048 81.347 150.497 23.316 23.642 50.041 43.086 79.124 57.
Action.c(285):     769h-179.85c-26.305 0-47.702 21.7-47.702 48.389 0 6.789 1.359 13.345 4.053 19.535 0.225 0.
Action.c(285):     543 0.495 1.044 0.76 1.572-0.090-0.188-0.2-0.35-0.28
Action.c(285): t=47840ms: 9958-byte DECODED response body for "https://stage.peapod.com/shop/images/icons/PeapodIcons.json" (RelFrameId=1, Internal ID=25)
Action.c(285):     5-0.532 31.582 66.033 80.553 121.856 141.612 161.468 62.768 40.698 135.476 62.21 210.287 6
Action.c(285):     2.21 74.806 0 147.509-21.502 210.267-62.21 61.074-39.593 110.046-95.42 141.617-161.443-0.3
Action.c(285):     05 0.634-0.64 1.268-0.984 1.896 0.545-0.973 1.054-2.003 1.499-3.022 2.688-6.216 4.068-12.7
Action.c(285):     67 4.068-19.485 0-25.559-19.659-46.508-44.444-48.227zM482.543 68.294c0.045-0.020 0.085-0.0
Action.c(285):     41 0.125-0.061 0.090-0.046 0.18-0.091 0.27-0.137-0.125 0.051-0.255 0.127-0.395 0.198z",\n
Action.c(285):             "M90.963 610.821c-0.871-1.923-1.363-4.069-1.363-6.325 0-8.658 7.169-15.663 16.011-
Action.c(285):     15.663l607.944-0.019c8.856 0 16.045 7.005 16.045 15.672 0 2.237-0.507 4.382-1.373 6.301l-0
Action.c(285):     .020 0.034c-57.351 115.771-178.468 195.579-318.617 195.579s-261.286-79.818-318.627-195.579
Action.c(285):     z",\n
Action.c(285):             "M155.897 199.896c0.601-1.562 1.516-3.022 2.77-4.265 4.847-4.847 12.671-4.836 17.4
Action.c(285):     97 0l0.025 0.020 332.179 332.19c4.827 4.826 4.852 12.665 0.025 17.501-1.238 1.253-2.724 2.
Action.c(285):     158-4.271 2.764l-0.020 0.010c-95.881 33.228-206.59 11.558-283.18-65.036-76.599-76.569-98.2
Action.c(285):     76-187.285-65.026-283.184z",\n
Action.c(285):             "M499.011 103.203c1.136-0.524 2.404-0.803 3.727-0.803 5.111 0 9.242 4.168 9.247 9.
Action.c(285):     292h-0.005l0.020 352.652-0.015-0.030c0 5.098-4.126 9.287-9.242 9.287-1.323 0-2.576-0.29-3.
Action.c(285):     727-0.808-68.093-33.258-115.016-103.525-115.016-184.787 0-81.323 46.943-151.559 115.011-18
Action.c(285):     4.802z",\n
Action.c(285):             "M725.241 290.436c0.852 0.356 1.665 0.89 2.364 1.638 2.665 2.837 2.655 7.411 0 10.
Action.c(285):     252h-0.020l-183.272 194.752c-2.684 2.821-6.994 2.831-9.649 0.016-0.694-0.743-1.192-1.617-1
Action.c(285):     .522-2.512l-0.010-0.031c-18.357-56.212-6.378-121.092 35.877-166 42.231-44.893 103.321-57.5
Action.c(285):     78 156.231-38.115z",\n
Action.c(285):             "M2827.686 598.932c4.783-1.040 8.686-3.927 11.123-7.762 2.413-3.794 3.386-8.51 2.3
Action.c(285):     54-13.253-1.040-4.767-3.91-8.652-7.721-11.081-3.802-2.438-8.535-3.427-13.286-2.388-19.751 
Action.c(285):     4.326-40.025-1.589-54.235-15.799-11.115-11.115-17.23-25.882-17.229-41.589l0-99.834c-0-15.7
Action.c(285):     24 6.123-30.5 17.229-41.606 22.937-22.937 60.258-22.937 83.195-0 11.115 11.115 17.23 25.88
Action.c(285):     2 17.229 41.589l0.008 47.363c-0 4.991 2.071 9.493 5.391 12.712 3.178 3.062 7.488 4.942 12.
Action.c(285):     255 4.934 4.876 0 9.293-1.972 12.479-5.158 3.195-3.195 5.175-7.604 5.158-12.479l-0.008-47.
Action.c(285):     363c0.017-25.142-9.775-48.778-27.553-66.557-36.697-36.697-96.415-36.697-133.112-0-17.779 1
Action.c(285):     7.779-27.571 41.414-27.562 66.564v99.834c-0.017 25.124 9.784 48.769 27.562 66.548 22.754 2
Action.c(285):     2.754 55.166 32.221 86.722 25.325zM2874.075 739.996c17.779-17.779 27.571-41.414 27.562-66.
Action.c(285):     564l0-99.834c0.017-25.125-9.784-48.769-27.554-66.539-22.754-22.754-55.175-32.229-86.73-25.
Action.c(285):     333-4.775 1.049-8.677 3.935-11.115 7.77-2.421 3.785-3.394 8.502-2.363 13.245 1.048 4.775 3
Action.c(285):     .918 8.661 7.729 11.090 3.802 2.438 8.536 3.428 13.278 2.379 19.751-4.31 40.034 1.597 54.2
Action.c(285):     43 15.807 11.115 11.115 17.23 25.882 17.23 41.589l0 99.834c-0.009 15.716-6.132 30.491-17.2
Action.c(285):     38 41.598-22.937 22.937-60.258 22.937-83.186 0.008-11.115-11.115-17.23-25.882-17.23-41.589
Action.c(285):     v-47.355c0-4.991-2.071-9.493-5.391-12.712-3.178-3.062-7.488-4.942-12.255-4.933-4.876 0-9.2
Action.c(285):     84 1.98-12.479 5.175s-5.175 7.604-5.166 12.471l0.008 47.363c-0.025 25.117 9.775 48.761 27.
Action.c(285):     554 66.539 36.689 36.689 96.406 36.689 133.103-0.008z",\n
Action.c(285):             "M3373.693 551.036c-20.764 0-36.496-5.801-36.496-20.030v-115.478c0-20.076 5.081-25
Action.c(285):     .862 32.534-25.862 34.759 0 63.949 33.236 63.949 79.112 0 42.716-25.083 82.257-60.004 82.2
Action.c(285):     57h0.016zM3377.638 374.415c-30.862 0-53.851 1.603-69.582 1.603h-12.923c-33.103 0-51.010-1.
Action.c(285):     603-54.386-1.603-8.962 0-13.507 2.595-13.507 7.328 0 9.511 11.251 6.336 29.239 9.511 15.13
Action.c(285):     1 2.611 16.803 7.359 16.803 24.259v237.871c0 25.343 0 32.671-20.764 36.411-14.579 2.595-26
Action.c(285):     .917-1.038-26.917 8.977 0 5.252 5.049 8.427 14.595 8.427 9.53 0 31.398-3.725 63.949-3.725 
Action.c(285):     35.343 0 57.195 3.725 66.157 3.725 9.562 0 14.611-3.175 14.611-8.427 0-10-12.355-6.382-26.
Action.c(285):     316-8.977-21.381-4.214-21.381-11.618-21.381-36.946v-79.204c0-6.916 1.721-11.175 6.721-10.7
Action.c(285):     33 3.831 0.351 23.118 12.717 64.338 6.305 49.289-7.664 91.613-45.587 91.613-97.799 0-63.26
Action.c(285):     5-41.48-97.020-122.231-97.020l-0.016 0.015z",\n
Action.c(285):             "M3564.307 559.502l1.43-9.014c6.978-29.148 15.62-63.497 64.607-63.497 38.917 0 43.
Action.c(285):     579 30.058 43.579 49.873 0 31.286-15.651 28.638-58.049 28.638h-43.564c-5.315 0-8.020-1.627
Action.c(285):     -8.020-4.419v-1.611l0.016 0.032zM3567.011 582.619h143.435c16.132 0 22.582-2.218 22.582-12.
Action.c(285):     109 0-45.182-37.145-99.043-103.198-99.043-77.289 0-129.945 52.92-129.945 131.797 0 79.308 
Action.c(285):     48.351 131.67 122.407 131.67 38.699 0 67.731-12.652 91.899-34.732 11.796-10.434 17.236-19.
Action.c(285):     257 17.236-24.777 0-4.371-1.616-6.079-5.44-6.079-4.258 0-26.825 32.036-76.777 32.036-56.86
Action.c(285):     8 0-89.738-48.804-89.738-105.218v-4.675c0-7.77 1.057-8.823 7.538-8.823v-0.048z",\n
Action.c(285):             "M3877.004 651.012c0 27.563-23.183 48.556-45.893 48.556-24.969 0-30.097-20.625-30.
Action.c(285):     097-43.871 0-23.774 18.543-48.875 43.863-59.348l22.115-8.857c3.129-1.663 5.8-2.206 6.822-2
Action.c(285):     .206 1.603 0 3.19 2.206 3.19 6.667v59.060zM3979.87 695.763c0-5.020-2.686-8.33-7.402-8.33-7
Action.c(285):     .89 0-15.827 12.135-25.854 12.135-13.171 0-16.3-12.71-16.3-36.437v-128.128c0-45.87-10.577-
Action.c(285):     63.536-63.811-63.536-70.678 0-119.761 44.191-119.761 77.366 0 5.5 5.311 9.913 12.698 9.913
Action.c(285):      25.839 0 34.263-13.814 44.779-33.703 12.164-23.231 23.259-36.405 45.923-36.405 21.626 0 2
Action.c(285):     6.358 12.679 26.358 44.127v23.79c0 7.738-0.534 10.52-7.387 13.222l-16.865 7.195c-67.55 27.
Action.c(285):     627-104.423 51.897-104.423 98.342 0 27.036 12.774 59.619 46.412 59.619 23.717 0 43.222-12.
Action.c(285):     726 65.886-28.699l14.239-9.993h3.678c9.493 24.382 25.366 38.691 44.886 38.691 25.808 0 56.
Action.c(285):     958-28.699 56.958-39.203l-0.015 0.032z",\n
Action.c(285):             "M4124.84 706.941c-35.454 0-55.074-17.254-55.074-50.638v-100.277c0-36.083 17.396-5
Action.c(285):     3.352 55.074-53.352 53.386 0 89.85 38.828 89.85 100.792 0 60.887-36.464 103.475-89.85 103.
Action.c(285):     475zM4160.231 466.030c-29.461 0-52.85 9.688-76.302 30.763l-7.097 6.427c-2.129 2.153-3.817 
Action.c(285):     2.699-4.889 2.699-1.64 0-2.792-1.076-2.792-3.744v-26.458c0-7.55-2.145-11.326-7.003-11.326-
Action.c(285):     6.009 0-18.516 15.101-47.992 29.64-17.979 9.188-31.007 9.688-31.007 18.299 0 8.642 10.898 
Action.c(285):     5.429 19.052 8.658 8.706 3.791 10.93 9.75 10.93 24.274v243.672c0 14.492-2.792 19.297-14.21
Action.c(285):      23.088-14.715 4.867-25.55 0-25.55 11.903 0 4.82 3.769 8.081 11.403 8.081 9.274 0 28.893-3
Action.c(285):     .822 56.635-3.822 23.421 0 44.144 3.822 61.587 3.822 9.258 0 13.69-3.822 13.69-8.081 0-11.
Action.c(285):     903-12.57-7.036-30.565-11.903-13.595-3.791-16.323-8.065-16.323-23.088v-76.612l3.832-1.607c
Action.c(285):     18.5 8.096 37.583 12.355 58.812 12.355 82.264 0 138.946-57.096 138.946-135.205 0-71.713-48
Action.c(285):     .45-121.836-111.125-121.836h-0.032z",\n
Action.c(285):             "M4782.004 631.086c0 36.757-2.773 51.959-42.006 51.959-59.224 0-95.294-37.274-95.2
Action.c(285):     94-98.674 0-67.784 37.691-112.401 84.496-112.401 46.322 0 52.804 25.706 52.804 78.775v80.3
Action.c(285):     4zM4865.425 661.018c-3.786 0-10.751 9.987-20.442 9.987-5.407 0-8.632-6.826-8.632-21.024v-2
Action.c(285):     71.485c0-13.681 2.213-25.751 2.213-35.709 0-6.856-2.213-9.987-8.149-9.987-4.316 0-18.853 1
Action.c(285):     0.459-48.987 18.88-18.837 5.26-30.632 5.777-30.632 13.666 0 5.214 9.13 4.758 19.897 9.455 
Action.c(285):     9.084 4.18 10.252 7.403 10.252 20.461v61.977c0 5.245-2.228 7.92-4.924 7.92h-1.574l-8.616-2
Action.c(285):     .675c-10.237-3.132-26.41-5.777-45.232-5.777-78.030 0-137.285 55.653-137.285 129.214 0 71.4
Action.c(285):     32 52.726 121.278 123.308 121.278 45.185 0 69.382-23.623 73.137-23.623 5.438 0 6.482 22.60
Action.c(285):     5 16.189 22.605 5.407 0 24.229-11.021 58.694-20.461 10.221-2.691 16.672-3.709 16.672-15.79
Action.c(285):     4 0-5.245-3.21-8.939-5.921-8.939l0.031 0.030z",\n
Action.c(285):             "M4925.471 358.885h-8.892v-9.152h9.877c2.307 0 3.979 0.438 5.055 1.279 1.063 0.83 
Action.c(285):     1.607 1.913 1.607 3.216 0 0.899-0.272 1.741-0.843 2.49-0.557 0.795-1.348 1.303-2.385 1.637
Action.c(285):     -1.089 0.369-2.567 0.542-4.433 0.542l0.013-0.012zM4931.11 363.127c-0.57-0.45-1.374-0.899-2
Action.c(285):     .502-1.395 3.046-0.346 5.185-1.187 6.637-2.559 1.465-1.326 2.139-2.985 2.139-4.956 0-1.533
Action.c(285):     -0.415-2.916-1.27-4.184-0.868-1.279-2.035-2.156-3.487-2.64-1.413-0.496-3.578-0.726-6.352-0
Action.c(285):     .726h-13.818v27.733h4.122v-12.368h4.809c1.024 0 1.841 0.069 2.281 0.161 0.687 0.138 1.296 
Action.c(285):     0.38 1.893 0.749 0.609 0.323 1.309 0.922 2.074 1.81 0.778 0.865 1.789 2.167 2.994 3.815l4.
Action.c(285):     148 5.833h5.107l-5.366-7.562c-1.076-1.51-2.23-2.743-3.409-3.735v0.023z",\n
Action.c(285):             "M4926.21 383.751c-12.652 0-22.988-10.424-22.988-23.217 0-12.819 10.348-23.204 22.
Action.c(285):     988-23.204 12.652 0 22.949 10.398 22.949 23.204 0 12.793-10.297 23.217-22.949 23.217zM4926
Action.c(285):     .21 332.8c-15.149 0-27.467 12.429-27.467 27.733s12.318 27.733 27.467 27.733c15.124 0 27.39
Action.c(285):     -12.429 27.39-27.733s-12.279-27.733-27.39-27.733z",\n
Action.c(285):             "M4569.6 596.251c0 76.624-61.411 138.683-137.167 138.683s-137.119-62.042-137.119-1
Action.c(285):     38.683c0-76.561 61.348-138.651 137.119-138.651 75.755 0 137.167 62.090 137.167 138.651z"\n
Action.c(285):           ],\n
Action.c(285):           "attrs": [\n
Action.c(285):             {\n
Action.c(285):               "fill": "rgb(106, 34, 106)"\n
Action.c(285):             },\n
Action.c(285):             {\n
Action.c(285):               "fill": "rgb(106, 34, 106)"\n
Action.c(285):             },\n
Action.c(285):             {\n
Action.c(285):               "fill": "rgb(106, 34, 106)"\n
Action.c(285):             },\n
Action.c(285):             {\n
Action.c(285):               "fill": "rgb(106, 34, 106)"\n
Action.c(285):             },\n
Action.c(285):             {\n
Action.c(285):               "fill": "rgb(106, 34, 106)"\n
Action.c(285):             },\n
Action.c(285):             {\n
Action.c(285):               "fill": "rgb(106, 34, 106)"\n
Action.c(285):             },\n
Action.c(285):             {\n
Action.c(285):               "fill": "rgb(106, 34, 106)"\n
Action.c(285):             },\n
Action.c(285):             {\n
Action.c(285):               "fill": "rgb(106, 34, 106)"\n
Action.c(285):             },\n
Action.c(285):             {\n
Action.c(285):               "fill": "rgb(106, 34, 106)"\n
Action.c(285):             },\n
Action.c(285):             {\n
Action.c(285):               "fill": "rgb(106, 34, 106)"\n
Action.c(285):             },\n
Action.c(285):             {\n
Action.c(285):               "fill": "rgb(255, 255, 254)"\n
Action.c(285):             },\n
Action.c(285):             {\n
Action.c(285):               "fill": "rgb(242, 178, 41)"\n
Action.c(285):             },\n
Action.c(285):             {\n
Action.c(285):               "fill": "rgb(218, 50, 42)"\n
Action.c(285):             },\n
Action.c(285):             {\n
Action.c(285):               "fill": "rgb(106, 34, 106)"\n
Action.c(285):             },\n
Action.c(285):             {\n
Action.c(285):               "fill": "rgb(132, 191, 65)"\n
Action.c(285):             },\n
Action.c(285):             {\n
Action.c(285):               "fill": "rgb(189, 189, 189)"\n
Action.c(285):             },\n
Action.c(285):             {\n
Action.c(285):               "fill": "rgb(51, 51, 51)"\n
Action.c(285):             },\n
Action.c(285):             {\n
Action.c(285):               "fill": "rgb(51, 51, 51)"\n
Action.c(285):             },\n
Action.c(285):             {\n
Action.c(285):               "fill": "rgb(54, 54, 54)"\n
Action.c(285):             },\n
Action.c(285):             {\n
Action.c(285):               "fill": "rgb(51, 51, 51)"\n
Action.c(285):             },\n
Action.c(285):             {\n
Action.c(285):               "fill": "rgb(51, 51, 51)"\n
Action.c(285):             },\n
Action.c(285):             {\n
Action.c(285):               "fill": "rgb(54, 54, 54)"\n
Action.c(285):             },\n
Action.c(285):             {\n
Action.c(285):               "fill": "rgb(51, 51, 51)"\n
Action.c(285):             },\n
Action.c(285):             {\n
Action.c(285):               "fill": "rgb(94, 160, 0)"\n
Action.c(285):             }\n
Action.c(285):           ],\n
Action.c(285):           "width": 5005,\n
Action.c(285):           "isMulticolor": true,\n
Action.c(285):           "grid": 32,\n
Action.c(285):           "tags": [\n
Action.c(285):             "peapod-stopnshop
Action.c(285): t=47879ms: 12280-byte ENCODED response body received for "https://stage.peapod.com/shop/images/icons/PeapodIcons.json" (RelFrameId=1, Internal ID=25)
Action.c(285): t=47880ms: 12288-byte DECODED response body for "https://stage.peapod.com/shop/images/icons/PeapodIcons.json" (RelFrameId=1, Internal ID=25)
Action.c(285):     -link-logo"\n
Action.c(285):           ],\n
Action.c(285):           "defaultCode": 59730\n
Action.c(285):         },\n
Action.c(285):         {\n
Action.c(285):           "paths": [\n
Action.c(285):             "M996.942 502.561c-31.043-18.458-19.087-10.697-48.033-32.721-6.083-4.615-14.053-8.
Action.c(285):     81-17.619-15.312-26.638-48.872-52.857-74.461-78.447-123.962-6.922-13.214-15.941-18.668-30.
Action.c(285):     833-18.248-42.16 0.629-83.9 0-126.060 0-4.824 0-9.649-0.629-15.941-0.839 0-32.302 0.21-157
Action.c(285):     .732 0-188.565-0.21-18.248-8.18-26.219-26.429-26.219-14.263 0-28.736 0-42.999 0-50.55 0-10
Action.c(285):     1.1 0-151.859 0-111.797 0-223.803 0-335.6 0-18.878 0-26.429 7.761-26.429 27.268 0 43.418 0
Action.c(285):      142.001 0 185.419 0 4.824 0 9.649 0 16.151-20.765 0-3.985-0.21-23.073 0-11.117 0.21-18.24
Action.c(285):     8 5.873-20.765 16.78-2.517 10.488 1.049 19.507 11.117 24.331 4.824 2.517 10.697 2.937 16.1
Action.c(285):     51 2.937 60.408 0.21 84.529 0 145.147 0 4.405 0 9.229-0.21 13.424-1.678 10.488-3.566 15.73
Action.c(285):     1-11.536 14.473-22.443-0.839-10.488-6.922-17.829-18.039-19.507-4.824-0.839-10.068-0.629-15
Action.c(285):     .102-0.629-26.009 0-51.599 0-78.027 0 0-43.628 0-141.162 0-183.741 105.714 0 211.218 0 316
Action.c(285):     .723 0 50.55 0 101.1 0 151.859 0 7.971 0 16.151 0 24.121 0 0 290.923 0 531.717 0 548.497-7
Action.c(285):     .971 0-16.151 0-24.121 0-50.55 0-101.1 0-151.859 0-105.504 0-211.009 0-316.513 0 0-49.291 
Action.c(285):     0-110.119 0-159.83 5.873 0 11.117 0 15.941 0 24.751 0 113.894 0.21 138.855-0.21 12.375-0.2
Action.c(285):     1 19.507-8.39 20.556-20.346 0.839-12.375-5.663-20.346-17.619-23.282-3.566-0.839-7.341-0.83
Action.c(285):     9-11.117-0.839-92.080 0-158.152 0-250.442 0-17.619 0.21-27.897 8.39-28.107 21.814-0 14.892
Action.c(285):      10.278 23.282 28.526 23.282 44.257 0-1.888 0 42.37 0 4.824 0 9.649 0 15.731 0 0 6.502 0 1
Action.c(285):     1.117 0 15.731 0 49.921 0 111.377 0 161.298 0 21.395 6.712 28.316 27.897 28.316 26.429 0 5
Action.c(285):     2.857 0 78.027 0-8.18 18.878-15.312 36.916-23.492 54.745-1.259 2.937-6.712 5.663-10.278 5.
Action.c(285):     873-15.941 0.629-32.092 0-48.243 0.21-14.263 0.21-23.492 8.81-23.702 21.604-0.21 13.214 9.
Action.c(285):     229 22.234 24.331 22.443 14.892 0.21 29.365 0.629 44.257-0.21 9.439-0.629 13.005 2.727 15.
Action.c(285):     731 12.166 26.429 94.807 144.937 125.011 213.526 54.745 17.829-18.039 28.526-40.272 34.609
Action.c(285):     -65.862 9.858 0 19.717 0 29.575 0v0c83.271 0 166.332 0 249.183 0.21 24.331 67.959 63.974 1
Action.c(285):     02.568 119.767 104.456 27.268 1.049 52.438-5.454 75.091-19.926 31.043-19.926 49.082-48.872
Action.c(285):      57.262-84.949 14.892 0-6.922 0.21 6.922 0 30.833-0.21 49.921-19.717 49.921-50.55 0.21-80.
Action.c(285):     754 0-178.497 0.21-259.251-0.21-15.102-7.761-21.395-20.556-29.155zM302.25 901.716c-45.306-
Action.c(285):     0.629-80.964-37.336-80.964-83.69 0.21-45.516 36.916-82.222 82.851-82.012 44.467 0.21 79.91
Action.c(285):     5 36.916 82.012 80.334 1.888 41.74-33.35 86.207-83.9 85.368zM706.438 796.421c-31.882 0-63.
Action.c(285):     974 0-96.066 0-50.76 0-101.309 0-151.859 0-8.81 0-17.829 0-26.638 0-9.649-20.556-18.878-39
Action.c(285):     .853-28.107-59.569 18.248 0 36.497 0 54.745 0 50.55 0 101.1 0 151.859 0 41.321 0 82.642 0 
Action.c(285):     123.753 0-9.229 19.717-18.458 39.014-27.687 59.569zM834.176 901.925c-46.355-0.21-81.803-36
Action.c(285):     .916-81.803-84.529 0-44.887 36.916-81.593 82.012-81.593 46.145 0 82.642 37.336 82.642 83.9
Action.c(285):     -0.21 45.516-37.336 82.222-82.851 82.222zM972.192 795.582c-15.941 0 4.195 0-9.858 0-9.229-
Action.c(285):     19.926-18.039-39.223-27.268-58.73 22.653 0 11.327 0 37.126 0 0 19.717 0 38.804 0 58.73zM97
Action.c(285):     2.611 690.497c-109.49 0-181.644 0-290.294-0.21 0-113.055 0-219.189 0-334.132 5.034 0 10.27
Action.c(285):     8 0 15.731 0 33.98 0 68.379 0.629 102.358-0.21 11.536-0.21 18.039 2.937 23.492 13.844 23.7
Action.c(285):     02 46.355 48.872 68.379 72.783 114.524 6.293 11.956 15.731 15.731 26.638 23.702 29.994 22.
Action.c(285):     024 10.068 7.341 40.482 29.365 3.356 2.307 8.39 6.502 8.39 10.068 0.839 41.321 0.42 100.05
Action.c(285):     1 0.42 143.050z"\n
Action.c(285):           ],\n
Action.c(285):           "grid": 32,\n
Action.c(285):           "tags": [\n
Action.c(285):             "icon_truck"\n
Action.c(285):           ],\n
Action.c(285):           "defaultCode": 59754\n
Action.c(285):         },\n
Action.c(285):         {\n
Action.c(285):           "paths": [\n
Action.c(285):             "M400.262 734.529c-4.728 20.444-13.345 38.097-27.543 52.519-54.663 55.954-149.143 
Action.c(285):     31.852-170.241-43.684-2.145-7.536-4.955-10.118-12.477-9.687-11.831 0.646-23.456 0.437-35.2
Action.c(285):     88 0.209-12.054-0.209-19.582-7.31-19.375-17.862 0.209-10.118 7.536-16.998 18.936-17.217 12
Action.c(285):     .916-0.209 25.833 0.209 38.517-0.209 2.791-0.209 7.105-2.373 8.181-4.728 6.459-14.208 12.2
Action.c(285):     71-28.623 18.729-43.684-20.021 0-41.1 0-62.205 0-16.792 0-22.164-5.599-22.164-22.605 0-39.
Action.c(285):     808 0-79.411 0-119.227 0-3.664 0-7.31 0-12.477-4.728 0-8.602 0-12.477 0-35.288 0-70.595 0-
Action.c(285):     105.89 0-14.636 0-22.81-6.664-22.605-18.083 0.209-10.763 8.395-17.217 22.38-17.438 73.598 
Action.c(285):     0 147.207 0 220.592 0 3.018 0 6.018 0 8.827 0.646 9.472 2.373 14.636 8.602 13.99 18.508-0.
Action.c(285):     854 9.472-6.459 15.926-16.352 16.146-19.798 0.437-39.808 0.209-59.623 0.209-3.875 0-7.956 
Action.c(285):     0-12.699 0 0 39.602 0 78.559 0 117.936 171.092 0 341.979 0 513.717 0 0-122.455 0-244.278 0
Action.c(285):     -367.166-171.092 0-342.193 0-513.944 0 0 33.998 0 67.579 0 102.447 21.089 0 41.539 0 62.20
Action.c(285):     5 0 4.082 0 8.181-0.209 12.054 0.437 8.827 1.292 13.769 7.105 14.415 15.5 0.854 8.602-3.22
Action.c(285):     9 15.061-11.625 17.862-3.436 1.082-7.31 1.292-10.763 1.292-48.205 0-96.41 0.209-144.626 0-
Action.c(285):     4.309 0-9.041-0.437-12.916-2.373-7.956-3.875-10.763-10.979-8.827-19.375 1.938-8.602 7.749-
Action.c(285):     13.123 16.571-13.345 15.28-0.209 30.77 0 47.352 0 0-5.167 0-9.041 0-12.916 0-34.643 0-69.0
Action.c(285):     77 0-103.738 0-15.5 6.018-21.735 21.089-21.735 181.426 0 362.646 0 544.071 0 14.636 0 20.8
Action.c(285):     74 6.245 21.089 20.874 0.209 24.542 0 49.069 0 74.89 4.955 0.209 8.827 0.646 12.699 0.646 
Action.c(285):     33.58 0 66.934 0.437 100.511 0 11.831-0.209 18.936 4.082 24.542 14.636 20.444 39.388 41.32
Action.c(285):     4 78.765 62.623 117.721 2.791 5.167 8.395 10.118 13.99 12.271 21.959 9.248 44.33 17.862 66
Action.c(285):     .722 26.040 11.185 4.082 16.146 11.185 15.926 23.25-0.209 64.351 0 128.7-0.209 193.051 0 2
Action.c(285):     4.542-15.28 40.033-39.808 40.248-10.979 0.209-21.959 0-33.79 0-6.459 28.834-20.874 51.873-
Action.c(285):     45.621 67.786-18.083 11.625-38.097 16.792-59.83 15.926-44.552-1.5-76.182-29.062-95.557-83.
Action.c(285):     286-113.641-0.209-227.92-0.209-343.271-0.209zM983.074 614.015c0-34.225 0.209-67.368-0.209-
Action.c(285):     100.511 0-2.791-3.664-6.664-6.664-7.956-20.021-8.181-40.248-16.146-60.686-23.456-10.118-3.
Action.c(285):     664-16.352-9.472-21.313-18.936-19.153-36.806-39.163-73.177-58.104-110.192-4.309-8.602-9.47
Action.c(285):     2-11.185-18.729-10.979-27.125 0.646-54.456 0.209-81.567 0.209-4.309 0-8.395 0-12.477 0 0 9
Action.c(285):     1.682 0 181.426 0 271.61 86.729 0.209 172.606 0.209 259.772 0.209zM764.628 650.817c-128.05
Action.c(285):     4 0-256.756 0-384.372 0 7.31 15.707 14.636 31.207 22.38 47.559 112.774 0 227.046 0 339.835
Action.c(285):      0 7.536-16.352 14.854-31.852 22.164-47.559zM910.327 717.103c0-37.225-29.062-66.934-65.849
Action.c(285):     -66.934-35.933 0-65.432 29.269-65.432 64.996 0 37.871 28.188 67.14 65.203 67.368 36.373 0.
Action.c(285):     209 66.078-29.062 66.078-65.432zM234.765 715.59c0 37.019 28.416 66.288 64.559 66.722 40.24
Action.c(285):     8 0.646 68.431-34.871 66.934-68.013-1.728-34.643-29.915-63.914-65.432-64.141-36.579-0.209-
Action.c(285):     66.078 29.062-66.078 65.432zM982.638 651.034c-20.444 0-39.808 0-57.892 0 7.31 15.707 14.41
Action.c(285):     5 30.998 21.735 46.913 11.185 0 23.456 0 36.161 0 0-16.146 0-31.416 0-46.913z"\n
Action.c(285):           ],\n
Action.c(285):           "grid": 32,\n
Action.c(285):           "tags": [\n
Action.c(285):             "truck"\n
Action.c(285):           ],\n
Action.c(285):           "defaultCode": 59755\n
Action.c(285):         },\n
Action.c(285):         {\n
Action.c(285):           "paths": [\n
Action.c(285):             "M6097.455 816.977c-20.841 0-37.514-16.673-37.514-37.514s16.673-37.514 37.514-37.5
Action.c(285):     14c20.841 0 37.514 16.673 37.514 37.514 0 20.147-16.673 37.514-37.514 37.514zM6097.455 746
Action.c(285):     .811c-18.062 0-31.957 14.589-31.957 31.957s13.894 31.957 31.957 31.957c17.368 0 31.957-14.
Action.c(285):     589 31.957-31.957s-14.589-31.957-31.957-31.957zM6107.181 800.999l-11.115-17.368h-7.642v17.
Action.c(285):     368h-6.252v-43.767h17.368c6.947 0 13.894 4.863 13.894 13.199 0 9.726-8.336 12.505-11.115 1
Action.c(285):     2.505l11.81 17.368h-6.947zM6100.234 762.79h-11.81v15.284h11.81c3.474 0 7.642-2.779 7.642-7
Action.c(285):     .642 0.695-4.863-3.474-7.642-7.642-7.642z",\n
Action.c(285):             "M300.114 83.365c-61.134 0-106.29 3.474-136.858 3.474h-25.704c-65.303 0-100.733-3.
Action.c(285):     474-106.985-3.474-17.368 0-26.399 5.558-26.399 15.284 0 20.147 22.231 13.199 57.661 20.147
Action.c(285):      29.872 5.558 33.346 15.284 33.346 50.714v498.801c0 52.798 0 68.776-40.988 76.418-28.483 5
Action.c(285):     .558-52.798-2.084-52.798 18.757 0 11.115 9.726 17.368 28.483 17.368s61.829-7.642 125.742-7
Action.c(285):     .642c69.471 0 112.543 7.642 130.605 7.642 18.757 0 28.483-6.947 28.483-17.368 0-20.841-24.
Action.c(285):     315-13.199-52.103-18.757-42.377-9.031-42.377-24.315-42.377-77.807v-166.035c0-14.589 3.474-
Action.c(285):     23.62 13.199-22.231 7.642 0.695 45.851 26.399 127.132 13.199 97.259-15.978 180.624-95.87 1
Action.c(285):     80.624-204.939 0-132.689-81.976-203.55-241.064-203.55v0zM292.472 453.645c-40.988 0-72.25-1
Action.c(285):     2.505-72.25-41.682v-242.453c0-42.377 9.726-54.187 63.913-54.187 68.776 0 125.742 69.471 12
Action.c(285):     5.742 166.035 0.695 88.923-48.63 172.288-117.406 172.288v0z",\n
Action.c(285):             "M686.372 496.022h295.251c33.346 0 46.545-4.168 46.545-24.315 0-90.312-76.418-198.
Action.c(285):     687-212.581-198.687-159.088 0-267.463 106.29-267.463 264.684 0 159.088 99.343 263.989 252.
Action.c(285):     179 263.989 79.891 0 139.636-25.704 188.961-69.471 24.315-20.841 35.43-38.904 35.43-50.019
Action.c(285):      0-9.031-3.474-12.505-11.115-12.505-9.031 0-55.577 64.608-158.393 64.608-117.406 0-184.792
Action.c(285):     -97.954-184.792-211.191v-9.031c0-15.284 2.084-17.368 15.978-18.062v0zM680.814 450.171l2.77
Action.c(285):     9-18.062c14.589-58.355 31.957-127.132 133.384-127.132 79.891 0 89.617 60.44 89.617 100.038
Action.c(285):      0 62.524-31.957 57.661-119.49 57.661h-89.617c-11.115 0-16.673-3.474-16.673-9.031l0-3.474z
Action.c(285):     ",\n
Action.c(285):             "M1574.904 721.107c0-9.726-5.558-16.673-15.284-16.673-16.673 0-33.346 24.315-54.18
Action.c(285):     7 24.315-27.788 0-34.041-25.704-34.041-72.944v-256.347c0-91.701-22.231-127.132-134.079-127
Action.c(285):     .132-147.973 0-251.484 88.228-251.484 154.92 0 11.115 11.115 20.147 26.399 20.147 54.187 0
Action.c(285):      71.555-27.788 93.786-67.387 25.704-46.545 48.63-72.944 96.564-72.944 45.156 0 55.577 25.7
Action.c(285):     04 55.577 88.228v47.935c0 15.284-1.389 20.841-15.284 26.399l-35.43 14.589c-141.72 55.577-2
Action.c(285):     18.833 104.206-218.833 196.602 0 54.187 27.094 119.49 97.259 119.49 50.019 0 90.312-25.704
Action.c(285):      138.247-57.661l29.872-20.147h7.642c20.147 48.63 53.493 77.807 94.48 77.807 53.493-0.695 1
Action.c(285):     18.795-58.355 118.795-79.197v0zM1358.849 631.49c0 54.882-48.63 97.259-96.564 97.259-52.103
Action.c(285):      0-63.218-40.988-63.218-87.533 0-47.935 38.904-97.954 91.701-118.795l46.545-18.062c6.252-3
Action.c(285):     .474 12.505-4.168 14.589-4.168 3.474 0 6.947 4.168 6.947 13.199v118.1h0z",\n
Action.c(285):             "M1930.594 273.020c-59.745 0-106.985 20.147-154.92 63.218l-14.589 13.199c-4.168 4.
Action.c(285):     168-7.642 5.558-9.726 5.558-3.474 0-5.558-2.084-5.558-7.642v-54.187c0-15.284-4.168-22.925-
Action.c(285):     13.894-22.925-12.505 0-37.514 31.262-97.259 61.134-36.82 18.757-63.218 20.147-63.218 37.51
Action.c(285):     4s22.231 11.115 38.904 18.062c17.368 7.642 22.231 20.147 22.231 50.019v500.19c0 29.872-5.5
Action.c(285):     58 39.598-29.178 47.24-29.872 9.726-52.103 0-52.103 24.315 0 9.726 7.642 16.673 22.925 16.
Action.c(285):     673 18.757 0 58.355-7.642 115.322-7.642 47.24 0 89.617 7.642 125.047 7.642 18.757 0 27.788
Action.c(285):     -7.642 27.788-16.673 0-24.315-25.704-14.589-61.829-24.315-27.788-7.642-33.346-16.673-33.34
Action.c(285):     6-47.24v-157.004l7.642-3.474c37.514 16.673 76.418 25.009 119.49 25.009 166.73 0 282.052-11
Action.c(285):     7.406 282.052-277.189 0-148.668-98.649-251.484-225.78-251.484v0zM1859.039 767.653c-72.25 0
Action.c(285):     -111.848-35.43-111.848-104.206v-205.634c0-74.334 35.43-109.764 111.848-109.764 108.374 0 1
Action.c(285):     82.014 79.891 182.014 207.023 0 125.047-73.639 212.581-182.014 212.581z",\n
Action.c(285):             "M3377.672 703.739c-7.642 0-22.231 20.841-41.682 20.841-11.115 0-17.368-14.589-17.
Action.c(285):     368-44.461v-571.745c0-28.483 4.168-54.187 4.168-75.028 0-14.589-4.168-20.841-16.673-20.841
Action.c(285):     -9.031 0-38.904 22.231-100.733 39.598-38.904 11.115-63.218 12.505-63.218 28.483 0 11.115 1
Action.c(285):     8.757 9.726 40.988 20.147 18.757 9.031 20.841 15.284 20.841 43.072v130.605c0 11.115-4.863 
Action.c(285):     16.673-10.421 16.673h-3.474l-17.368-5.558c-20.841-6.252-54.187-12.505-93.091-12.505-160.47
Action.c(285):     8 0-282.052 117.406-282.052 272.326 0 150.057 108.374 255.653 253.569 255.653 93.091 0 142
Action.c(285):     .415-50.019 150.057-50.019 11.115 0 13.199 47.935 33.346 47.935 11.115 0 50.019-22.925 120
Action.c(285):     .879-43.072 20.841-5.558 34.041-7.642 34.041-33.346 0-11.115-6.252-18.757-11.81-18.757v0zM
Action.c(285):     3206.079 640.521c0 77.113-5.558 109.069-86.144 109.069-121.574 0-195.908-78.502-195.908-20
Action.c(285):     7.718 0-142.415 77.113-236.896 173.677-236.896 95.175 0 108.374 54.187 108.374 166.035v169
Action.c(285):     .509z",\n
Action.c(285):             "M2755.908 527.284c0 154.225-125.047 278.578-278.578 278.578s-278.578-124.353-278.
Action.c(285):     578-278.578c0-153.531 124.353-278.578 278.578-278.578s278.578 125.047 278.578 278.578z",\n
Action.c(285):             "M3457.563 128.521c-35.43 0-63.913-28.483-63.913-63.913s28.483-63.913 63.913-63.91
Action.c(285):     3c35.43 0 63.913 28.483 63.913 63.913 0 34.735-28.483 63.913-63.913 63.913zM3457.563 9.726
Action.c(285):     c-30.567 0-54.187 24.315-54.187 54.187s24.315 54.187 54.187 54.187c29.872 0 54.187-24.315 
Action.c(285):     54.187-54.187s-24.315-54.187-54.187-54.187zM3474.931 100.733l-18.757-29.178h-12.505v29.178
Action.c(285):     h-10.421v-72.944h29.872c12.505 0 23.62 9.031 23.62 22.231 0 15.978-14.589 21.536-18.757 21
Action.c(285):     .536l19.452 29.178h-12.505zM3462.426 36.82h-19.452v25.704h19.452c6.252 0 1
Action.c(285): t=47903ms: 12288-byte DECODED response body for "https://stage.peapod.com/shop/images/icons/PeapodIcons.json" (RelFrameId=1, Internal ID=25)
Action.c(285):     3.199-4.863 13.199-12.505 0.695-8.336-6.252-13.199-13.199-13.199z",\n
Action.c(285):             "M5005.373 332.071l17.368 36.125 176.456 378.616c1.389 2.084-1.389 2.779-5.558 2.7
Action.c(285):     79h-287.609v-124.353h98.649l-75.028-175.761-120.185 300.114h-141.026c0 0 171.593-397.373 1
Action.c(285):     88.266-420.993 18.757-27.788 56.271-43.767 88.923-36.82 24.315 4.863 47.935 19.452 59.745 
Action.c(285):     40.293z",\n
Action.c(285):             "M5411.083 334.155l144.499 216.054v-248.011h546.735v125.047h-136.858v320.261h-137.
Action.c(285):     552v-324.429h-147.278c0.695 106.985 0.695 324.429 0.695 324.429h-145.889l-166.035-251.484v
Action.c(285):     251.484h-125.047v-352.217c0-21.536 9.726-63.218 35.43-85.449 20.147-16.673 54.882-27.788 8
Action.c(285):     9.617-12.505 15.284 7.642 32.651 20.841 41.682 36.82z",\n
Action.c(285):             "M4430.155 357.775v141.026l-263.294 0.695c-23.62 0-50.019 29.872-61.134 54.187-6.9
Action.c(285):     47 18.757-9.726 44.461-2.084 63.218 0 0 2.084 5.558 4.863 5.558h116.711v-106.29h143.11l60.
Action.c(285):     44 60.44v243.148h-270.936c-24.315 0-96.564-27.094-127.826-54.882-31.262-27.094-109.069-93.
Action.c(285):     786-131.3-182.014-24.315-97.259 15.284-191.739 75.723-239.674 40.293-31.957 73.639-46.545 
Action.c(285):     127.132-47.24h268.157l60.44 61.829z",\n
Action.c(285):             "M4361.379 427.246h-248.706c-31.957 0-73.639 45.156-79.197 87.533-5.558 37.514 27.
Action.c(285):     788 115.322 71.555 115.322h128.521v-105.596h125.742v226.475l-272.326-0.695c-75.723-6.947-1
Action.c(285):     50.752-72.944-175.066-149.362-25.704-78.502-12.505-172.982 54.187-239.674 47.935-45.156 95
Action.c(285):     .175-59.050 154.225-56.966h240.369l0.695 122.963z",\n
Action.c(285):             "M4464.196 302.198h139.636v451.56h-139.636v-451.56z",\n
Action.c(285):             "M5006.068 319.566l67.387 70.166 161.867 338.323v-311.229c0 0-1.389-9.726 1.389-40
Action.c(285):     .293 2.779-29.872 22.231-64.608 48.63-79.197 23.62-17.368 65.303-18.062 90.312-4.863 38.90
Action.c(285):     4 21.536 64.608 56.966 97.954 84.754l72.944 111.153v-193.824h561.324l59.050 62.524v141.026
Action.c(285):     h-135.468v323.039h-154.225l-58.355-59.745v-265.379h-70.86v325.123c0 0-166.035 0-166.035 0s
Action.c(285):     -56.966-72.25-56.966-72.25l-88.228-132.689v203.55h-142.415l-26.399-23.62c0.695 8.336 6.252
Action.c(285):      16.673 6.947 25.704h-323.039l-53.493-53.493c0 0-24.315 53.493-23.62 53.493s-164.646 0-164
Action.c(285):     .646 0l-35.43-31.957v31.262h-159.783l-59.050-59.050v-467.539h155.615l63.913 65.997v352.217
Action.c(285):     l135.468-306.366c22.925-39.598 29.872-91.701 76.418-111.848 38.904-22.925 89.617-9.031 118
Action.c(285):     .795 25.009zM4987.311 614.817l-15.284-31.262-13.199 31.262h28.483z",\n
Action.c(285):             "M4429.46 358.469v141.72h-262.6c-23.62 0-50.019 29.872-61.134 54.187-6.947 18.757-
Action.c(285):     9.726 44.461-2.084 63.218 0 0 2.084 5.558 4.863 5.558h116.711v-105.596h143.11l60.44 60.44v
Action.c(285):     243.148h-270.936c-24.315 0-96.564-27.094-127.826-54.882-31.262-27.094-109.069-93.786-131.3
Action.c(285):     -182.014-24.315-97.259 15.284-191.739 75.723-239.674 40.293-31.957 73.639-46.545 127.132-4
Action.c(285):     6.545h268.157l59.745 60.44z",\n
Action.c(285):             "M5005.373 332.765l17.368 36.125 176.456 378.616c1.389 2.084-1.389 2.779-5.558 2.7
Action.c(285):     79h-287.609v-123.658h99.343l-75.028-175.761-120.185 299.419h-141.72c0 0 171.593-397.373 18
Action.c(285):     8.961-420.993 18.757-27.788 56.271-43.767 88.923-36.82 23.62 5.558 46.545 19.452 59.050 40
Action.c(285):     .293z",\n
Action.c(285):             "M5410.388 334.849l144.499 216.054v-248.011h546.735v125.047h-136.858v320.261h-137.
Action.c(285):     552v-324.429h-147.278c0.695 106.985 0.695 324.429 0.695 324.429h-145.889l-166.035-251.484v
Action.c(285):     251.484h-125.047v-351.522c0-22.231 9.726-63.218 35.43-85.449 20.147-16.673 54.882-27.094 8
Action.c(285):     9.617-12.505 15.284 6.947 33.346 20.841 41.682 36.125z",\n
Action.c(285):             "M4360.684 428.635h-248.706c-31.957 0-73.639 45.851-79.197 87.533-5.558 37.514 27.
Action.c(285):     788 115.322 71.555 115.322h128.521v-105.596h125.742v226.475l-272.326-0.695c-75.723-6.947-1
Action.c(285):     50.752-72.944-175.066-149.362-25.704-78.502-12.505-172.982 54.187-239.674 47.935-45.156 95
Action.c(285):     .175-59.050 154.225-56.966h240.369l0.695 122.963z",\n
Action.c(285):             "M4464.196 302.893h139.636v451.56h-139.636v-451.56z",\n
Action.c(285):             "M3514.529 539.788h34.735v77.113h0.695c6.252-15.284 20.841-25.009 39.598-25.009 26
Action.c(285):     .399 0 53.493 11.81 53.493 88.923 0 59.745-15.978 93.786-56.966 93.786-25.009 0-33.346-14.
Action.c(285):     589-38.209-25.704h-0.695v21.536h-32.651l-0-230.643zM3577.053 746.811c24.315 0 29.178-25.00
Action.c(285):     9 29.178-63.913 0-46.545-6.947-63.218-27.094-63.218-27.094 0-31.957 23.62-31.957 65.303 0.
Action.c(285):     695 37.514 5.558 61.829 29.872 61.829z",\n
Action.c(285):             "M3689.596 596.754l29.872 130.605h0.695l27.788-130.605h36.82l-47.935 179.929c-13.8
Action.c(285):     94 47.24-25.009 53.493-60.44 52.798-4.863 0-9.031-0.695-13.894-1.389v-27.788c4.168 0.695 7
Action.c(285):     .642 1.389 11.115 1.389 11.81 0 19.452-2.779 23.62-13.894l4.863-13.894-49.324-177.845 36.8
Action.c(285):     2 0.695z",\n
Action.c(285):             "M2755.213 527.284c0 154.225-125.047 278.578-278.578 278.578s-278.578-124.353-278.
Action.c(285):     578-278.578c0-153.531 124.353-278.578 278.578-278.578s278.578 125.047 278.578 278.578z"\n
Action.c(285):           ],\n
Action.c(285):           "attrs": [\n
Action.c(285):             {\n
Action.c(285):               "fill": "rgb(51, 51, 51)"\n
Action.c(285):             },\n
Action.c(285):             {\n
Action.c(285):               "fill": "rgb(51, 51, 51)"\n
Action.c(285):             },\n
Action.c(285):             {\n
Action.c(285):               "fill": "rgb(51, 51, 51)"\n
Action.c(285):             },\n
Action.c(285):             {\n
Action.c(285):               "fill": "rgb(54, 54, 54)"\n
Action.c(285):             },\n
Action.c(285):             {\n
Action.c(285):               "fill": "rgb(51, 51, 51)"\n
Action.c(285):             },\n
Action.c(285):             {\n
Action.c(285):               "fill": "rgb(51, 51, 51)"\n
Action.c(285):             },\n
Action.c(285):             {\n
Action.c(285):               "fill": "rgb(94, 160, 0)"\n
Action.c(285):             },\n
Action.c(285):             {\n
Action.c(285):               "fill": "rgb(51, 51, 51)"\n
Action.c(285):             },\n
Action.c(285):             {\n
Action.c(285):               "fill": "rgb(255, 255, 255)"\n
Action.c(285):             },\n
Action.c(285):             {\n
Action.c(285):               "fill": "rgb(255, 255, 255)"\n
Action.c(285):             },\n
Action.c(285):             {\n
Action.c(285):               "fill": "rgb(255, 255, 255)"\n
Action.c(285):             },\n
Action.c(285):             {\n
Action.c(285):               "fill": "rgb(255, 255, 255)"\n
Action.c(285):             },\n
Action.c(285):             {\n
Action.c(285):               "fill": "rgb(255, 255, 255)"\n
Action.c(285):             },\n
Action.c(285):             {\n
Action.c(285):               "fill": "rgb(51, 51, 51)"\n
Action.c(285):             },\n
Action.c(285):             {\n
Action.c(285):               "fill": "rgb(51, 51, 51)"\n
Action.c(285):             },\n
Action.c(285):             {\n
Action.c(285):               "fill": "rgb(239, 62, 66)"\n
Action.c(285):             },\n
Action.c(285):             {\n
Action.c(285):               "fill": "rgb(239, 62, 66)"\n
Action.c(285):             },\n
Action.c(285):             {\n
Action.c(285):               "fill": "rgb(239, 62, 66)"\n
Action.c(285):             },\n
Action.c(285):             {\n
Action.c(285):               "fill": "rgb(239, 62, 66)"\n
Action.c(285):             },\n
Action.c(285):             {\n
Action.c(285):               "fill": "rgb(51, 51, 51)"\n
Action.c(285):             },\n
Action.c(285):             {\n
Action.c(285):               "fill": "rgb(51, 51, 51)"\n
Action.c(285):             },\n
Action.c(285):             {\n
Action.c(285):               "fill": "rgb(94, 161, 0)"\n
Action.c(285):             }\n
Action.c(285):           ],\n
Action.c(285):           "isMulticolor": true,\n
Action.c(285):           "width": 6168,\n
Action.c(285):           "grid": 32,\n
Action.c(285):           "tags": [\n
Action.c(285):             "peapod-logo-giant-carlisle"\n
Action.c(285):           ],\n
Action.c(285):           "defaultCode": 59756\n
Action.c(285):         },\n
Action.c(285):         {\n
Action.c(285):           "paths": [\n
Action.c(285):             "M969.676 406.724c59.686 252.769-96.839 506.063-349.607 565.749s-506.063-96.839-56
Action.c(285):     5.749-349.607c-59.686-252.769 96.839-506.063 349.607-565.749s506.063 96.839 565.749 349.60
Action.c(285):     7z",\n
Action.c(285):             "M512 16.119c-274.963 0-498.726 223.763-498.726 498.726s223.763 498.726 498.726 49
Action.c(285):     8.726 498.726-223.763 498.726-498.726-223.763-498.726-498.726-498.726zM512 985.126c-259.79
Action.c(285):     3 0-470.281-211.437-470.281-470.281s210.489-470.281 470.281-470.281 470.281 211.437 470.28
Action.c(285):     1 470.281-210.489 470.281-470.281 470.281z",\n
Action.c(285):             "M738.607 485.452c-4.741 0-9.481 2.844-12.326 6.637-36.030 53.096-112.83 3.793-131
Action.c(285):     .793-8.533 8.533-2.844 17.067-8.533 24.652-16.119 20.859-22.756 24.652-55.941 6.637-74.904
Action.c(285):     -17.067-18.963-48.356-16.119-70.163 6.637-11.378 12.326-17.067 27.496-18.015 41.719-141.27
Action.c(285):     4-66.37-234.193 108.089-234.193 108.089-2.844 5.689 0 13.274 6.637 16.119 6.637 3.793 15.1
Action.c(285):     7 1.896 19.911-4.741 0 0 63.526-91.022 129.896-60.681 0 0-15.17 91.022-35.081 125.156-73.0
Action.c(285):     07 117.57-207.644 57.837-207.644 57.837v0c-1.896-0.948-2.844-0.948-4.741-0.948-7.585 0-14.
Action.c(285):     222 6.637-14.222 14.222 0 3.793 1.896 7.585 3.793 9.481l0.948 0.948c0 0 158.341 121.363 26
Action.c(285):     9.274-2.844 0 0 80.593 18.015 145.067 180.148 1.896 5.689 8.533 10.43 15.17 9.481s12.326-6
Action.c(285):     .637 11.378-14.222c-7.585-205.748-113.778-256-113.778-256l55.941-56.889c125.156 63.526 165
Action.c(285):     .926-59.733 165.926-59.733 0.948-1.896 0.948-3.793 0.948-5.689 0-8.533-6.637-15.17-14.222-
Action.c(285):     15.17z",\n
Action.c(285):             "M609.659 511.052c-28.444-18.015-71.111-56.889-89.126-63.526-119.467-46.459-204.8 
Action.c(285):     106.193-204.8 106.193 78.696-95.763 128-78.696 159.289-61.63 0 0-19.911 73.956-27.496 107.
Action.c(285):     141-5.689 19.911-12.326 31.289-14.222 34.133-30.341 46.459-91.97 110.933-220.919 62.578 16
Action.c(285):     7.822 109.037 242.726 6.637 254.104-8.533 37.926 9.481 101.452 40.77 163.081 191.526-10.43
Action.c(285):     -164.030-69.215-226.607-121.363-254.104l73.956-77.748c107.141 59.733 142.222-19.911 155.49
Action.c(285):     6-48.356-24.652 50.252-99.556 30.341-128 12.326zM610.607 456.059c14.222-16.119 17.067-39.8
Action.c(285):     22 4.741-54.044-12.326-13.274-33.185-11.378-48.356 4.741-14.222 16.119-17.067 39.822-4.741
Action.c(285):      53.096 12.326 14.222 34.133 12.326 48.356-3.793z",\n
Action.c(285):             "M174.459 673.185h1.896c1.896 0 2.844-0.948 2.844-1.896s-0.948-1.896-2.844-1.896c-
Action.c(285):     0.948 0-0.948 0-1.896 0v3.793zM174.459 679.822h-1.896v-12.326c0.948 0 1.896 0 3.793 0s2.84
Action.c(285):     4 0 3.793 0.948c0.948 0.948 0.948 0.948 0.948 2.844s-0.948 2.844-2.844 2.844v0c0.948 0 1.8
Action.c(285):     96 0.948 1.896 2.844s0.948 2.844 0.948 2.844h-1.896c0 0-0.948-1.896-0.948-2.844 0-1.896-0.
Action.c(285):     948-1.896-2.844-1.896h-0.948v4.741zM176.356 664.652c-4.741 0-8.533 3.793-8.533 9.481s3.793
Action.c(285):      9.481 8.533 9.481c4.741 0 8.533-3.793 8.533-9.481 0.948-5.689-3.793-9.481-8.533-9.481v0zM
Action.c(285):     176.356 662.756c5.689 0 11.378 4.741 11.378 11.378s-4.741 11.378-11.378 11.378c-5.689 0-11
Action.c(285):     .378-4.741-11.378-11.378 0.948-6.637 5.689-11.378 11.378-11.378v0zM176.356 662.756z",\n
Action.c(285):             "M746.193 456.059z",\n
Action.c(285):             "M746.193 456.059l68.267 69.215-3.793-97.659 85.333-44.563-91.97-25.6-15.17-96.711
Action.c(285):     -54.044 81.541-93.867-14.222 58.785 75.852-42.667 87.23z",\n
Action.c(285):             "M749.985 442.785l-68.267 26.548 33.185-66.37-45.511-57.837 72.059 11.378 40.77-62
Action.c(285):     .578 11.378 73.007 70.163 19.911-65.422 34.133 2.844 73.956-51.2-52.148zM749.985 442.785z"
Action.c(285):     \n
Action.c(285):           ],\n
Action.c(285):           "attrs": [\n
Action.c(285):             {\n
Action.c(285):               "fill": "rgb(255, 255, 255)"\n
Action.c(285):             },\n
Action.c(285):             {\n
Action.c(285):               "fill": "rgb(153, 153, 153)"\n
Action.c(285):             },\n
Action.c(285):             {\n
Action.c(285):               "fill": "rgb(56, 54, 53)"\n
Action.c(285):             },\n
Action.c(285):             {\n
Action.c(285):               "fill": "rgb(12, 179, 225)"\n
Action.c(285):             },\n
Action.c(285):             {\n
Action.c(285):               "fill": "rgb(56, 54, 53)"\n
Action.c(285):             },\n
Action.c(285):             {\n
Action.c(285):               "fill": "rgb(56, 54, 53)"\n
Action.c(285):             },\n
Action.c(285):             {\n
Action.c(285):               "fill": "rgb(56, 54, 53)"\n
Action.c(285):             },\n
Action.c(285):             {\n
Action.c(285):               "fill": "rgb(255, 205, 46)"\n
Action.c(285):             }\n
Action.c(285):           ],\n
Action.c(285):           "isMulticolor": true,\n
Action.c(285):           "grid": 32,\n
Action.c(285):           "tags": [\n
Action.c(285):             "guiding-stars-1"\n
Action.c(285):           ],\n
Action.c(285):           "defaultCode": 59778\n
Action.c(285):         },\n
Action.c(285):         {\n
Action.c(285):           "paths": [\n
Action.c(285):             "M969.676 406.724c59.686 252.769-96.839 506.063-349.607 565.749s-506.063-96.839-56
Action.c(285):     5.749-349.607c-59.686-252.769 96.839-506.063 349.607-565.749s506.063 96.839 565.749 349.60
Action.c(285):     7z",\n
Action.c(285):             "M512 16.119c-274.963 0-498.726 223.763-498.726 498.726s223.763 498.726 498.726 49
Action.c(285):     8.726 498.726-223.763 498.726-498.726-223.763-498.726-498.726-498.726zM512 985.126c-259.79
Action.c(285):     3 0-470.281-211.437-470.281-470.281s210.489-470.281 470.281-470.281 470.281 211.437 470.28
Action.c(285):     1 470.281-210.489 470.281-470.281 470.281z",\n
Action.c(285):             "M738.607 485.452c-4.741 0-9.481 2.844-12.326 6.637-36.030 53.096-112.83 3.793-131
Action.c(285):     .793-8.533 8.533-2.844 17.067-8.533 24.652-16.119 20.859-22.756 24.652-55.941 6.637-74.904
Action.c(285):     -17.067-18.963-48.356-16.119-70.163 6.637-11.378 12.326-17.067 27.496-18.015 41.719-141.27
Action.c(285):     4-66.37-234.193 108.089-234.193 108.089-2.844 5.689 0 13.274 6.637 16.119 6.637 3.793 15.1
Action.c(285):     7 1.896 19.911-4.741 0 0 63.526-91.022 129.896-60.681 0 0-15.17 91.022-35.081 125.156-73.0
Action.c(285):     07 117.57-207.644 57.837-207.644 57.837v0c-1.896-0.948-2.844-0.948-4.741-0.948-7.585 0-14.
Action.c(285):     222 6.637-14.222 14.222 0 3.793 1.896 7.585 3.793 9.481l0.948 0.948c0 0 158.341 121.363 26
Action.c(285):     9.274-2.844 0 0 80.593 18.015 145.067 180.148 1.896 5.689 8.533 10.43 15.17 9.481s12.326-6
Action.c(285):     .637 11.378-14.222c-7.585-205.748-113.778-256-113.778-256l55.941-56.889c125.156 63.526 165
Action.c(285):     .926-59.733 165.926-59.733 0.948-1.896 0.948-3.793 0.948-5.689 0-8.533-6.637-15.17-14.222-
Action.c(285):     15.17z",\n
Action.c(285):             "M609.659 511.052c-28.444-18.015-71.111-56.889-89.126-63.526-119.467-46.459-204.8 
Action.c(285):     106.193-204.8 106.193 78.696-95.763 128-78.696 159.289-61.63 0 0-19.911 73.956-27.496 107.
Action.c(285):     141-5.689 19.911-12.326 31.289-14.222 34.133-30.341 46.459-91.97 110.933-220.919 62.578 16
Action.c(285):     7.822 109.037 242.726 6.637 254.104-8.533 37.926 9.481 101.452 40.77 163.081 191.526-10.43
Action.c(285):     -164.030-69.215-226.607-121.363-254.104l73.956-77.748c107.141 59.733 142.222-19.911 155.49
Action.c(285):     6-48.356-24.652 50.252-99.556 30.341-128 12.326zM610.607 456.059c14.222-16.119 17.067-39.8
Action.c(285):     22 4.741-54.044-12.326-13.274-33.185-11.378-48.356 4.741-14.222 16.119-17.067 39.822-4.741
Action.c(285):      53.096 12.326 14.222 34.133 12.326 48.356-3.793z",\n
Action.c(285):             "M174.459 673.185h1.896c1.896 0 2.844-0.948 2.844-1.896s-0.948-1.896-2.844-1.896c-
Action.c(285):     0.948 0-0.948 0-1.896 0v3.793zM174.459 679.822h-1.896v-12.326c0.948 0 1.896 0 3.793 0s2.84
Action.c(285):     4 0 3.793 0.948c0.948 0.948 0.948 0.948 0.948 2.844s-0.948 2.844-2.844 2.844v0c0.948 0 1.8
Action.c(285):     96 0.948 1.896 2.844s0.948 2.844 0.948 2.844h-1.896c0 0-0.948-1.896-0.948-2.844 0-1.896-0.
Action.c(285):     948-1.896-2.844-1.896h-0.948v4.741zM176.
Action.c(285): t=47946ms: 12288-byte DECODED response body for "https://stage.peapod.com/shop/images/icons/PeapodIcons.json" (RelFrameId=1, Internal ID=25)
Action.c(285):     356 664.652c-4.741 0-8.533 3.793-8.533 9.481s3.793 9.481 8.533 9.481c4.741 0 8.533-3.793 8
Action.c(285):     .533-9.481 0.948-5.689-3.793-9.481-8.533-9.481v0zM176.356 662.756c5.689 0 11.378 4.741 11.
Action.c(285):     378 11.378s-4.741 11.378-11.378 11.378c-5.689 0-11.378-4.741-11.378-11.378 0.948-6.637 5.6
Action.c(285):     89-11.378 11.378-11.378v0zM176.356 662.756z",\n
Action.c(285):             "M746.193 456.059z",\n
Action.c(285):             "M746.193 456.059l68.267 69.215-3.793-97.659 85.333-44.563-91.97-25.6-15.17-96.711
Action.c(285):     -54.044 81.541-93.867-14.222 58.785 75.852-42.667 87.23z",\n
Action.c(285):             "M749.985 442.785l-68.267 26.548 33.185-66.37-45.511-57.837 72.059 11.378 40.77-62
Action.c(285):     .578 11.378 73.007 70.163 19.911-65.422 34.133 2.844 73.956-51.2-52.148zM749.985 442.785z"
Action.c(285):     ,\n
Action.c(285):             "M556.563 319.526l77.748 56.889-18.963-95.763 76.8-57.837-94.815-10.43-30.341-92.9
Action.c(285):     19-39.822 89.126-95.763 0.948 71.111 65.422-28.444 92.919 82.489-48.356zM556.563 319.526z"
Action.c(285):     ,\n
Action.c(285):             "M557.511 305.304l-63.526 36.978 21.807-71.111-54.044-50.252 73.007-0.948 30.341-6
Action.c(285):     8.267 22.756 70.163 73.007 7.585-58.785 44.563 15.17 73.007-59.733-41.719zM557.511 305.304
Action.c(285):     z"\n
Action.c(285):           ],\n
Action.c(285):           "attrs": [\n
Action.c(285):             {\n
Action.c(285):               "fill": "rgb(255, 255, 255)"\n
Action.c(285):             },\n
Action.c(285):             {\n
Action.c(285):               "fill": "rgb(153, 153, 153)"\n
Action.c(285):             },\n
Action.c(285):             {\n
Action.c(285):               "fill": "rgb(56, 54, 53)"\n
Action.c(285):             },\n
Action.c(285):             {\n
Action.c(285):               "fill": "rgb(12, 179, 225)"\n
Action.c(285):             },\n
Action.c(285):             {\n
Action.c(285):               "fill": "rgb(56, 54, 53)"\n
Action.c(285):             },\n
Action.c(285):             {\n
Action.c(285):               "fill": "rgb(56, 54, 53)"\n
Action.c(285):             },\n
Action.c(285):             {\n
Action.c(285):               "fill": "rgb(56, 54, 53)"\n
Action.c(285):             },\n
Action.c(285):             {\n
Action.c(285):               "fill": "rgb(255, 205, 46)"\n
Action.c(285):             },\n
Action.c(285):             {\n
Action.c(285):               "fill": "rgb(56, 54, 53)"\n
Action.c(285):             },\n
Action.c(285):             {\n
Action.c(285):               "fill": "rgb(255, 205, 46)"\n
Action.c(285):             }\n
Action.c(285):           ],\n
Action.c(285):           "isMulticolor": true,\n
Action.c(285):           "grid": 32,\n
Action.c(285):           "tags": [\n
Action.c(285):             "guiding-stars-2"\n
Action.c(285):           ],\n
Action.c(285):           "defaultCode": 59786\n
Action.c(285):         },\n
Action.c(285):         {\n
Action.c(285):           "paths": [\n
Action.c(285):             "M969.676 406.724c59.686 252.769-96.839 506.063-349.607 565.749s-506.063-96.839-56
Action.c(285):     5.749-349.607c-59.686-252.769 96.839-506.063 349.607-565.749s506.063 96.839 565.749 349.60
Action.c(285):     7z",\n
Action.c(285):             "M512 16.119c-274.963 0-498.726 223.763-498.726 498.726s223.763 498.726 498.726 49
Action.c(285):     8.726 498.726-223.763 498.726-498.726-223.763-498.726-498.726-498.726zM512 985.126c-259.79
Action.c(285):     3 0-470.281-211.437-470.281-470.281s210.489-470.281 470.281-470.281 470.281 211.437 470.28
Action.c(285):     1 470.281-210.489 470.281-470.281 470.281z",\n
Action.c(285):             "M738.607 485.452c-4.741 0-9.481 2.844-12.326 6.637-36.030 53.096-112.83 3.793-131
Action.c(285):     .793-8.533 8.533-2.844 17.067-8.533 24.652-16.119 20.859-22.756 24.652-55.941 6.637-74.904
Action.c(285):     -17.067-18.963-48.356-16.119-70.163 6.637-11.378 12.326-17.067 27.496-18.015 41.719-141.27
Action.c(285):     4-66.37-234.193 108.089-234.193 108.089-2.844 5.689 0 13.274 6.637 16.119 6.637 3.793 15.1
Action.c(285):     7 1.896 19.911-4.741 0 0 63.526-91.022 129.896-60.681 0 0-15.17 91.022-35.081 125.156-73.0
Action.c(285):     07 117.57-207.644 57.837-207.644 57.837v0c-1.896-0.948-2.844-0.948-4.741-0.948-7.585 0-14.
Action.c(285):     222 6.637-14.222 14.222 0 3.793 1.896 7.585 3.793 9.481l0.948 0.948c0 0 158.341 121.363 26
Action.c(285):     9.274-2.844 0 0 80.593 18.015 145.067 180.148 1.896 5.689 8.533 10.43 15.17 9.481s12.326-6
Action.c(285):     .637 11.378-14.222c-7.585-205.748-113.778-256-113.778-256l55.941-56.889c125.156 63.526 165
Action.c(285):     .926-59.733 165.926-59.733 0.948-1.896 0.948-3.793 0.948-5.689 0-8.533-6.637-15.17-14.222-
Action.c(285):     15.17z",\n
Action.c(285):             "M609.659 511.052c-28.444-18.015-71.111-56.889-89.126-63.526-119.467-46.459-204.8 
Action.c(285):     106.193-204.8 106.193 78.696-95.763 128-78.696 159.289-61.63 0 0-19.911 73.956-27.496 107.
Action.c(285):     141-5.689 19.911-12.326 31.289-14.222 34.133-30.341 46.459-91.97 110.933-220.919 62.578 16
Action.c(285):     7.822 109.037 242.726 6.637 254.104-8.533 37.926 9.481 101.452 40.77 163.081 191.526-10.43
Action.c(285):     -164.030-69.215-226.607-121.363-254.104l73.956-77.748c107.141 59.733 142.222-19.911 155.49
Action.c(285):     6-48.356-24.652 50.252-99.556 30.341-128 12.326zM610.607 456.059c14.222-16.119 17.067-39.8
Action.c(285):     22 4.741-54.044-12.326-13.274-33.185-11.378-48.356 4.741-14.222 16.119-17.067 39.822-4.741
Action.c(285):      53.096 12.326 14.222 34.133 12.326 48.356-3.793z",\n
Action.c(285):             "M174.459 673.185h1.896c1.896 0 2.844-0.948 2.844-1.896s-0.948-1.896-2.844-1.896c-
Action.c(285):     0.948 0-0.948 0-1.896 0v3.793zM174.459 679.822h-1.896v-12.326c0.948 0 1.896 0 3.793 0s2.84
Action.c(285):     4 0 3.793 0.948c0.948 0.948 0.948 0.948 0.948 2.844s-0.948 2.844-2.844 2.844v0c0.948 0 1.8
Action.c(285):     96 0.948 1.896 2.844s0.948 2.844 0.948 2.844h-1.896c0 0-0.948-1.896-0.948-2.844 0-1.896-0.
Action.c(285):     948-1.896-2.844-1.896h-0.948v4.741zM176.356 664.652c-4.741 0-8.533 3.793-8.533 9.481s3.793
Action.c(285):      9.481 8.533 9.481c4.741 0 8.533-3.793 8.533-9.481 0.948-5.689-3.793-9.481-8.533-9.481v0zM
Action.c(285):     176.356 662.756c5.689 0 11.378 4.741 11.378 11.378s-4.741 11.378-11.378 11.378c-5.689 0-11
Action.c(285):     .378-4.741-11.378-11.378 0.948-6.637 5.689-11.378 11.378-11.378v0zM176.356 662.756z",\n
Action.c(285):             "M746.193 456.059z",\n
Action.c(285):             "M360.296 390.637l93.867 23.704-54.044-80.593 49.304-83.437-91.97 26.548-63.526-74
Action.c(285):     .904-2.844 97.659-88.178 36.978 90.074 34.133 8.533 96.711 58.785-76.8zM360.296 390.637z",
Action.c(285):     \n
Action.c(285):             "M355.556 377.363l-44.563 57.837-6.637-73.956-69.215-25.6 67.319-28.444 1.896-73.9
Action.c(285):     56 48.356 56.889 70.163-19.911-37.926 63.526 41.719 61.63-71.111-18.015zM355.556 377.363z"
Action.c(285):     ,\n
Action.c(285):             "M746.193 456.059l68.267 69.215-3.793-97.659 85.333-44.563-91.97-25.6-15.17-96.711
Action.c(285):     -54.044 81.541-93.867-14.222 58.785 75.852-42.667 87.23z",\n
Action.c(285):             "M749.985 442.785l-68.267 26.548 33.185-66.37-45.511-57.837 72.059 11.378 40.77-62
Action.c(285):     .578 11.378 73.007 70.163 19.911-65.422 34.133 2.844 73.956-51.2-52.148zM749.985 442.785z"
Action.c(285):     ,\n
Action.c(285):             "M556.563 319.526l77.748 56.889-18.963-95.763 76.8-57.837-94.815-10.43-30.341-92.9
Action.c(285):     19-39.822 89.126-95.763 0.948 71.111 65.422-28.444 92.919 82.489-48.356zM556.563 319.526z"
Action.c(285):     ,\n
Action.c(285):             "M557.511 305.304l-63.526 36.978 21.807-71.111-54.044-50.252 73.007-0.948 30.341-6
Action.c(285):     8.267 22.756 70.163 73.007 7.585-58.785 44.563 15.17 73.007-59.733-41.719zM557.511 305.304
Action.c(285):     z"\n
Action.c(285):           ],\n
Action.c(285):           "attrs": [\n
Action.c(285):             {\n
Action.c(285):               "fill": "rgb(255, 255, 255)"\n
Action.c(285):             },\n
Action.c(285):             {\n
Action.c(285):               "fill": "rgb(153, 153, 153)"\n
Action.c(285):             },\n
Action.c(285):             {\n
Action.c(285):               "fill": "rgb(56, 54, 53)"\n
Action.c(285):             },\n
Action.c(285):             {\n
Action.c(285):               "fill": "rgb(12, 179, 225)"\n
Action.c(285):             },\n
Action.c(285):             {\n
Action.c(285):               "fill": "rgb(56, 54, 53)"\n
Action.c(285):             },\n
Action.c(285):             {\n
Action.c(285):               "fill": "rgb(56, 54, 53)"\n
Action.c(285):             },\n
Action.c(285):             {\n
Action.c(285):               "fill": "rgb(56, 54, 53)"\n
Action.c(285):             },\n
Action.c(285):             {\n
Action.c(285):               "fill": "rgb(255, 205, 46)"\n
Action.c(285):             },\n
Action.c(285):             {\n
Action.c(285):               "fill": "rgb(56, 54, 53)"\n
Action.c(285):             },\n
Action.c(285):             {\n
Action.c(285):               "fill": "rgb(255, 205, 46)"\n
Action.c(285):             },\n
Action.c(285):             {\n
Action.c(285):               "fill": "rgb(56, 54, 53)"\n
Action.c(285):             },\n
Action.c(285):             {\n
Action.c(285):               "fill": "rgb(255, 205, 46)"\n
Action.c(285):             }\n
Action.c(285):           ],\n
Action.c(285):           "isMulticolor": true,\n
Action.c(285):           "grid": 32,\n
Action.c(285):           "tags": [\n
Action.c(285):             "guiding-stars-3"\n
Action.c(285):           ],\n
Action.c(285):           "defaultCode": 59796\n
Action.c(285):         },\n
Action.c(285):         {\n
Action.c(285):           "paths": [\n
Action.c(285):             "M462.108 195.031c0-45.182-25.295-70.651-69.953-70.651-105.366-0.174-210.731-0.174
Action.c(285):     -316.097 0-43.088 0.174-68.906 25.818-68.906 69.255-0.174 250.156-0.174 500.487 0 750.817 
Action.c(285):     0 44.309 25.993 69.604 71 69.604 102.923 0.174 205.847 0 308.77 0 50.764 0 75.186-24.422 7
Action.c(285):     5.186-75.535 0.174-122.636 0-245.272 0-368.082-0-125.078 0.174-250.156-0-375.409zM236.898 
Action.c(285):     975.853c-24.074-0.174-42.216-18.142-42.042-41.867 0.174-22.852 19.712-42.39 42.565-42.216s
Action.c(285):     42.042 19.712 41.867 42.739c-0.174 23.899-18.142 41.518-42.39 41.344zM427.045 856.183c-128
Action.c(285):     .393 0-255.738 0-385.003 0 0-193.287 0-386.050 0-580.383 128.393 0 255.738 0 385.003 0 0 1
Action.c(285):     92.938 0 385.178 0 580.383z",\n
Action.c(285):             "M144.093 458.794c-14.13 0-27.911 0-41.693 0-7.327 0-13.607-1.919-13.607-10.292 0-
Action.c(285):     8.722 6.455-10.118 13.607-10.118 15.526 0.174 31.051 0.349 46.403 0 8.722-0.174 13.258 3.3
Action.c(285):     14 14.828 12.037 2.268 11.513 5.408 22.678 8.373 35.413 3.314 0 6.978 0 10.641 0 53.381 0 
Action.c(285):     106.587 0 159.967 0 12.037 0 15.351 3.663 14.13 15.875-2.093 19.887-4.012 39.599-6.28 59.4
Action.c(285):     86-1.57 14.13-3.314 15.526-17.445 15.526-42.39 0-84.606 0-126.997 0-3.663 0-7.501 0-12.386
Action.c(285):      0 1.57 6.803 3.489 12.735 4.361 18.666 1.047 6.629 4.361 8.025 10.641 8.025 40.297-0.174 
Action.c(285):     80.42-0.174 120.717-0.174 2.791 0 5.582 0 8.199 0 7.327-0.174 12.735 2.966 12.56 10.292 0 
Action.c(285):     6.978-5.582 9.769-12.211 9.769-47.798 0-95.597 0-143.395 0-9.071 0-12.386-5.233-14.305-13.
Action.c(285):     083-10.99-47.101-22.329-94.201-33.494-141.127-0.523-3.314-1.57-6.629-2.617-10.292zM178.11 
Action.c(285):     506.418c3.14 13.607 6.803 26.167 8.897 38.902 1.221 8.199 5.233 9.595 12.386 9.595 40.472-
Action.c(285):     0.349 81.118-0.174 121.589-0.174 2.966 0 5.931-0.349 9.42-0.698 1.744-16.224 3.489-31.749 
Action.c(285):     5.408-47.624-53.032 0-104.493 0-157.699 0z",\n
Action.c(285):             "M323.772 681.736c-10.99-0.174-20.236-9.595-19.887-20.585 0.349-10.641 9.42-19.364
Action.c(285):      20.061-19.364 11.165 0 20.236 9.42 19.887 20.585-0.349 10.641-9.42 19.538-20.061 19.364z"
Action.c(285):     ,\n
Action.c(285):             "M218.581 662.024c-0.174 10.816-10.292 20.236-20.934 19.712-10.467-0.523-19.538-9.
Action.c(285):     943-19.364-20.41 0.174-10.99 10.118-20.236 20.934-19.712 10.467 0.523 19.538 9.943 19.364 
Action.c(285):     20.41z",\n
Action.c(285):             "M421.288 10.467c-0.174 0-0.174 0.174-0.349 0.349l2.617 21.457c0.349 0.174 0.523 0
Action.c(285):     .349 0.872 0.349 8.373 2.791 17.968 1.57 26.69 3.838 51.462 13.607 85.828 45.705 103.621 9
Action.c(285):     5.945l20.236-5.757c-13.781-59.835-88.27-118.1-153.687-116.181z",\n
Action.c(285):             "M514.268 135.021c-10.467-34.191-46.054-61.58-86.176-65.068l2.791 22.504c31.924 4.
Action.c(285):     361 52.334 22.155 64.894 51.811 0.698 1.57 1.744 2.791 3.14 4.012l15.177-4.361c0.698-3.14 
Action.c(285):     1.047-6.28 0.174-8.897z"\n
Action.c(285):           ],\n
Action.c(285):           "attrs": [\n
Action.c(285):             {\n
Action.c(285):               "fill": "rgb(102, 102, 102)"\n
Action.c(285):             },\n
Action.c(285):             {\n
Action.c(285):               "fill": "rgb(93, 161, 68)"\n
Action.c(285):             },\n
Action.c(285):             {\n
Action.c(285):               "fill": "rgb(93, 161, 68)"\n
Action.c(285):             },\n
Action.c(285):             {\n
Action.c(285):               "fill": "rgb(93, 161, 68)"\n
Action.c(285):             },\n
Action.c(285):             {\n
Action.c(285):               "fill": "rgb(93, 161, 68)"\n
Action.c(285):             },\n
Action.c(285):             {\n
Action.c(285):               "fill": "rgb(93, 161, 68)"\n
Action.c(285):             }\n
Action.c(285):           ],\n
Action.c(285):           "width": 579,\n
Action.c(285):           "isMulticolor": true,\n
Action.c(285):           "grid": 32,\n
Action.c(285):           "tags": [\n
Action.c(285):             "shop_icon"\n
Action.c(285):           ],\n
Action.c(285):           "defaultCode": 59808\n
Action.c(285):         },\n
Action.c(285):         {\n
Action.c(285):           "paths": [\n
Action.c(285):             "M740.272 444.077c-116.93-0.43-233.861 0-350.791 0s-233.861-0.43-350.791 0c-7.308 
Action.c(285):     0-14.616 0-21.495-0.43l35.681-68.783c230.421 0.43 460.413 0.43 690.835 0 12.037 0 24.074 0
Action.c(285):      34.821 1.29v66.633c-12.037 1.29-25.364 1.29-38.26 1.29z",\n
Action.c(285):             "M745.861 320.269c-219.244-0.43-438.059-0.43-657.303 0l36.111-69.212c98.875 0.43 1
Action.c(285):     97.32 0 296.195 0 107.903 0 215.805 0.43 323.708 0 11.607 0 23.214 0 33.531 1.29v66.203c-9
Action.c(285):     .887 1.29-20.635 1.72-32.242 1.72z",\n
Action.c(285):             "M745.861 203.338c-184.423-0.43-368.416-0.43-552.84 0-11.177 0-21.924-0.43-31.382-
Action.c(285):     1.72l35.251-67.493c90.707 0.43 181.414 0 271.691 0 91.997 0 184.423 0.43 276.42 0 11.607 0
Action.c(285):      23.214 0 33.531 1.29v66.633c-10.317 1.29-21.495 1.29-32.672 1.29z",\n
Action.c(285):             "M1827.896 419.573l-188.292-94.146c-25.364-12.897-59.325-42.129-75.661-65.773l-131
Action.c(285):     .117-189.582c-16.336-23.214-23.214-32.672-33.102-39.55-3.869-3.009-27.083-13.757-55.456-13
Action.c(285):     .757h-972.413c-0.43 0-0.86 0-1.29 0v49.867c21.065 0 59.325 0 80.39 0h867.090c28.373 0 64.9
Action.c(285):     14 18.915 81.249 42.559l126.818 184.853c16.336 23.214 37.401 43.849 38.26 45.139s15.476 12
Action.c(285):     .897 40.84 25.793l172.386 85.978c25.364 12.897 46.428 46.428 46.428 74.801v247.617c0 28.37
Action.c(285):     3-23.214 51.587-51.587 51.587h-180.984c-15.046-72.652-79.53-127.678-156.48-127.678s-141.86
Action.c(285):     4 55.026-156.48 127.678h-368.846c-15.046-72.652-79.53-127.678-156.48-127.678s-141.864 55.0
Action.c(285):     26-156.48 127.678h-196.46c-1.72 0-3.439 0-5.159-0.43-0.43 0-0.86 0-1.72 0-1.29 0-2.149-0.4
Action.c(285):     3-3.439-0.43-0.43 0-1.29-0.43-1.72-0.43-0.86-0.43-2.149-0.43-3.009-0.86-0.43 0-1.29-0.43-1
Action.c(285):     .72-0.43-0.86-0.43-1.72-0.43-2.579-0.86-0.43-0.43-1.29-0.43-1.72-0.86-0.86-0.43-1.72-0.86-
Action.c(285):     2.579-1.29-0.43-0.43-1.29-0.43-1.72-0.86-0.86-0.43-1.72-1.29-2.579-1.72-0.43-0.43-0.86-0.4
Action.c(285):     3-1.29-0.86-1.29-0.86-2.579-1.72-3.869-2.579 0 0 0 0 0 0-1.29-0.86-2.149-2.149-3.439-3.009
Action.c(285):     -0.43-0.43-0.86-0.86-0.86-1.29-0.86-0.86-1.29-1.72-2.149-2.149-0.43-0.43-0.86-0.86-1.29-1.
Action.c(285):     29-0.43-0.86-1.29-1.72-1.72-2.149s-0.86-0.86-0.86-1.72c-0.43-0.86-0.86-1.72-1.29-2.579-0.4
Action.c(285):     3-0.43-0.43-1.29-0.86-1.72-0.43-0.86-0.86-1.72-1.29-2.579-0.43-0.43-0.43-1.29-0.86-1.72-0.
Action.c(285):     43-0.86-0.86-2.149-1.29-3.009 0-0.43-0.43-0.86-0.43-1.29-0.43-1.72-0.86-3.009-1.29-4.729v-
Action.c(285):     15.476h46.428v-257.935h-51.157v201.189h-45.998v111.772c0 28.373 23.214 51.587 51.587 51.58
Action.c(285):     7h243.318c9.028 79.53 76.95 141.864 159.060 141.864s150.032-62.334 159.060-141.864h364.118
Action.c(285):     c9.028 79.53 76.95 141.864 159.060 141.864s150.032-62.334 159.060-141.864h228.702c28.373 0
Action.c(285):      51.587-23.214 51.587-51.587v-329.296c0-28.373-20.635-61.904-46.428-74.801zM860.641 875.25
Action.c(285):     8c-8.598 52.017-53.736 91.567-107.903 91.567s-99.305-39.55-107.903-91.567c-0.86-6.018-1.72
Action.c(285):     -12.037-1.72-18.055 0-11.177 1.72
Action.c(285): t=47982ms: 6910-byte DECODED response body for "https://stage.peapod.com/shop/images/icons/PeapodIcons.json" (RelFrameId=1, Internal ID=25)
Action.c(285):     -21.924 4.729-32.242 13.757-44.709 55.456-77.38 104.893-77.38s91.137 32.672 104.893 77.38c
Action.c(285):     3.009 10.317 4.729 21.065 4.729 32.242 0 6.018-0.86 12.037-1.72 18.055zM1542.448 875.258c-
Action.c(285):     8.598 52.017-53.736 91.567-107.903 91.567s-99.305-39.55-107.903-91.567c-0.86-6.018-1.72-12
Action.c(285):     .037-1.72-18.055 0-11.177 1.72-21.924 4.729-32.242 13.757-44.709 55.456-77.38 104.893-77.3
Action.c(285):     8s91.137 32.672 104.893 77.38c3.009 10.317 4.729 21.065 4.729 32.242 0 6.018-0.43 12.037-1
Action.c(285):     .72 18.055z"\n
Action.c(285):           ],\n
Action.c(285):           "attrs": [\n
Action.c(285):             {\n
Action.c(285):               "fill": "rgb(93, 161, 68)"\n
Action.c(285):             },\n
Action.c(285):             {\n
Action.c(285):               "fill": "rgb(93, 161, 68)"\n
Action.c(285):             },\n
Action.c(285):             {\n
Action.c(285):               "fill": "rgb(93, 161, 68)"\n
Action.c(285):             },\n
Action.c(285):             {\n
Action.c(285):               "fill": "rgb(102, 102, 102)"\n
Action.c(285):             }\n
Action.c(285):           ],\n
Action.c(285):           "width": 1902,\n
Action.c(285):           "isMulticolor": true,\n
Action.c(285):           "grid": 32,\n
Action.c(285):           "tags": [\n
Action.c(285):             "schedule_icon"\n
Action.c(285):           ],\n
Action.c(285):           "defaultCode": 59814\n
Action.c(285):         },\n
Action.c(285):         {\n
Action.c(285):           "paths": [\n
Action.c(285):             "M807.768 389.349h-32.663c29.070-66.307 52.262-134.574 65.327-206.433 5.226-29.724
Action.c(285):      4.9-60.754 5.226-91.131 0-9.799-4.9-20.905-10.452-29.397-11.106-17.312-34.623-18.945-55.8
Action.c(285):     55-5.226-29.070 18.618-50.955 44.749-70.553 72.513-44.749 62.061-80.352 128.367-110.076 19
Action.c(285):     7.941-4.246-17.965-15.025-32.663-33.97-40.829-15.678-6.859-32.663-6.859-48.995-4.246-14.69
Action.c(285):     9 2.286-29.070 6.533-45.076 10.126-0.653-5.879-3.593-13.392-1.307-17.312 4.573-6.859 12.41
Action.c(285):     2-5.226 20.251-2.613 16.332 5.553 33.317 6.859 49.975 2.94 18.945-4.246 35.277-13.065 45.7
Action.c(285):     29-30.050 6.206-10.126 4.9-15.678-6.206-19.925-13.392-5.226-16.332-10.126-28.744-12.085-7.
Action.c(285):     839-1.307-9.146-3.266-24.824-1.633-15.025 4.246-38.216 15.678-49.648 34.95-3.593 5.879-10.
Action.c(285):     126 9.799-15.352 15.025-3.266-3.92-4.573-6.206-6.206-7.839-4.9-4.246-9.472-9.472-15.025-12
Action.c(285):     .412-3.266-1.633-6.859-0.327-12.739 1.633s1.633 8.493 3.593 12.085c2.286 3.92 6.533 6.859 
Action.c(285):     9.472 10.452 5.553 7.186 10.126 15.025 10.779 23.844-16.658-2.94-32.337-6.533-48.015-8.166
Action.c(285):     -0.98 0-1.96 0-2.94-0.327 0-13.392 0-26.784 0.327-40.176 0.327-31.357-3.92-59.448-22.538-8
Action.c(285):     5.252-22.538-30.704-33.317-65-28.091-103.217 1.96-13.719-4.246-20.251-18.945-19.925-65.327
Action.c(285):      0.327-130.981 0.327-196.307 0-13.392 0-19.925 5.553-17.965 18.618 5.226 38.543-5.879 72.1
Action.c(285):     86-29.070 102.89-6.533 8.819-12.085 18.292-16.658 28.417-3.593 8.166-7.186 17.312-7.186 26
Action.c(285):     .131-0.98 60.427-0.98 120.528-0.98 180.629h-45.729c2.286 14.699 3.266 24.498 5.226 34.297 
Action.c(285):     38.543 184.549 77.412 368.771 115.955 553.319 4.246 19.925 10.126 28.744 26.457 28.744h533
Action.c(285):     .068c14.699 0 21.558-7.186 25.478-26.131 38.87-186.508 77.739-373.344 117.589-559.525 3.59
Action.c(285):     3-16.658 3.266-25.804-2.286-30.377l-30.050-0.327zM566.058 238.117c-12.739 23.191-43.116 30
Action.c(285):     .704-73.166 17.965 13.392-27.111 45.729-34.95 73.166-17.965zM666.988 366.484c1.633 0.327 3
Action.c(285):     .593 1.633 4.9 0.98 4.573-1.96 8.819-4.573 13.392-6.859-2.613-4.573-4.246-11.759-8.166-13.
Action.c(285):     392-20.251-7.513-40.829-5.879-60.754 3.266-1.307-0.98-2.613-2.286-3.92-3.266 20.578-39.849
Action.c(285):      39.849-80.679 62.387-119.222 12.085-20.578 32.010-32.010 58.468-26.784 3.92 0.98 9.472-4.
Action.c(285):     573 14.045-7.186-3.266-4.573-6.206-12.085-10.126-13.065-10.779-2.613-22.211-1.96-34.95-2.9
Action.c(285):     4 3.266-5.226 6.859-10.779 10.452-16.332 20.578-29.397 40.503-59.121 69.9-80.352 8.166-5.8
Action.c(285):     79 20.578-11.759 29.724-10.126 12.085 2.286 13.065 17.312 12.739 28.091-0.653 25.804-0.327
Action.c(285):      52.262-5.553 77.086-15.352 73.819-37.89 144.373-67.613 212.313h-150.905c14.372-19.598 38.
Action.c(285):     87-28.091 65.98-22.211zM398.494 296.584c1.96 0.327 4.246 0.653 6.206 0.98 15.025 2.94 29.7
Action.c(285):     24 7.513 44.422 12.085 10.126 2.94 18.945 2.94 29.070-0.98 17.965-7.186 37.236-12.085 56.8
Action.c(285):     34-10.779 30.377 2.286 45.729 18.618 46.709 48.995 0 2.613 0 4.9 0 7.513-0.327 5.879-0.98 
Action.c(285):     11.759-1.96 17.312-2.286 5.879-4.573 11.759-6.859 17.638h-225.378c-3.92-16.332-5.879-33.31
Action.c(285):     7-2.94-50.302 3.92-21.885 14.699-35.93 31.357-40.829 7.186-1.96 14.699-2.613 22.538-1.633z
Action.c(285):     M337.414 130.654c12.739 22.864 24.498 43.442 35.603 64.020 2.613 4.573 3.92 10.452 3.92 15
Action.c(285):     .678 0 23.844 0 48.015 0 71.86-31.030 5.553-50.302 29.724-51.282 66.307-0.327 14.045 0.653
Action.c(285):      27.764 2.94 41.156h-29.397c0-58.468 0-116.935 0.327-175.403 0-8.819 2.94-18.292 6.859-26.
Action.c(285):     131 8.819-18.945 19.598-36.91 31.030-57.488zM138.82 56.181c61.734 0 123.468 0 187.162 0 0 
Action.c(285):     13.719 0 26.131 0 40.176-62.387 0-124.121 0-187.162 0 0-13.065 0-26.131 0-40.176zM130.981 
Action.c(285):     121.181c0.98-1.633 4.573-2.94 6.859-2.94 59.121 0 118.242 0 180.302 0-12.739 23.191-23.844
Action.c(285):      44.422-35.93 65-1.307 2.613-6.206 4.246-9.799 4.246-59.121 0.327-118.568 0.327-181.282 0.
Action.c(285):     327 14.372-23.844 26.784-45.402 39.849-66.633zM84.925 211.333c63.041 0 126.081 0 190.101 0
Action.c(285):      0 59.448 0 118.568 0 178.016h-190.101c0-59.121 0-118.568 0-178.016zM693.772 976.638h-521.
Action.c(285):     309c-0.653-0.327-1.307-0.327-1.633-0.653l-122.488-561.159 766.938 1.307-121.508 560.505z",
Action.c(285):     \n
Action.c(285):             "M568.344 237.463c-27.764-16.985-60.101-9.146-73.166 17.965 30.050 12.739 60.427 5
Action.c(285):     .226 73.166-17.965z",\n
Action.c(285):             "M442.917 566.058c-0.98 0-1.96 0-2.94 0-7.513 0.327-14.699 0.98-21.558 2.286-32.33
Action.c(285):     7 6.533-60.101 26.457-77.412 53.241-6.859 10.779-12.085 22.538-15.352 35.277-2.613 9.799-3
Action.c(285):     .92 19.925-3.92 30.377 0 66.96 54.548 121.508 121.508 121.508s121.508-54.548 121.508-121.5
Action.c(285):     08-54.548-121.181-121.835-121.181z"\n
Action.c(285):           ],\n
Action.c(285):           "attrs": [\n
Action.c(285):             {\n
Action.c(285):               "fill": "rgb(128, 130, 133)"\n
Action.c(285):             },\n
Action.c(285):             {\n
Action.c(285):               "fill": "rgb(93, 161, 68)"\n
Action.c(285):             },\n
Action.c(285):             {\n
Action.c(285):               "fill": "rgb(93, 161, 68)"\n
Action.c(285):             }\n
Action.c(285):           ],\n
Action.c(285):           "width": 872,\n
Action.c(285):           "isMulticolor": true,\n
Action.c(285):           "grid": 32,\n
Action.c(285):           "tags": [\n
Action.c(285):             "deliver_icon"\n
Action.c(285):           ],\n
Action.c(285):           "defaultCode": 59818\n
Action.c(285):         },\n
Action.c(285):         {\n
Action.c(285):           "paths": [\n
Action.c(285):             "M73.31 240.754c-18.274 0-32.511 2.337-45.048-0.85-8.287-2.125-19.762-12.537-19.76
Action.c(285):     2-19.549 0-7.437 9.137-18.274 18.274-22.099 3.187-1.275 10.412-0.85 15.937-0.85 228.004 0 
Action.c(285):     456.008 0 684.012 0 7.225 0 16.149-1.487 21.037 2.125 7.012 5.1 15.512 14.662 15.087 21.88
Action.c(285):     7-0.425 6.8-10.837 15.724-18.487 18.274-9.775 3.187-21.249 0.85-36.336 0.85 0 12.325 0 22.
Action.c(285):     737 0 33.149 0 184.656 0 369.099 0 553.755 0 73.735-34.424 108.371-107.521 108.371-141.095
Action.c(285):      0-282.19 0.212-423.284 0-68.21 0-103.484-35.486-103.484-103.696 0-186.356 0-372.711 0-559
Action.c(285):     .067-0.425-9.775-0.425-19.549-0.425-32.299zM663.188 243.091c-184.443 0-364.637 0-546.317 0
Action.c(285):      0 11.050 0 20.187 0 29.111 0 185.506 0 370.799 0 556.305 0 50.148 14.662 65.023 64.173 65
Action.c(285):     .023 138.332 0 276.877 0 415.21 0 52.911 0 67.148-14.237 67.148-67.998 0-183.593 0-367.187
Action.c(285):      0-550.78-0.212-9.775-0.212-19.549-0.212-31.661z",\n
Action.c(285):             "M385.461 43.136c36.124 0 72.247-0.637 108.371 0.212 43.773 0.85 67.785 25.712 68.
Action.c(285):     422 69.91 0.212 15.299 2.125 31.236-1.062 45.898-1.912 8.075-12.962 19.762-19.762 19.762-7
Action.c(285):     .437 0-19.124-10.837-21.037-18.699-3.612-14.449-1.7-30.386-1.275-45.898 0.425-17.637-6.8-2
Action.c(285):     7.624-25.287-27.624-72.247 0-144.707 0-216.955 0-18.274 0-25.712 9.987-25.287 27.624 0.425
Action.c(285):      14.449 2.55 29.749-1.062 43.136-2.55 8.925-14.024 15.299-21.462 22.949-7.012-7.862-18.487
Action.c(285):     -15.087-19.762-24.012-2.975-18.487-1.912-37.824-0.212-56.735 2.762-31.874 28.261-55.035 62
Action.c(285):     .473-56.098 38.036-1.062 
Action.c(285): t=48005ms: 4098-byte ENCODED response body received for "https://stage.peapod.com/shop/images/icons/PeapodIcons.json" (RelFrameId=1, Internal ID=25)
Action.c(285): t=48006ms: 10617-byte DECODED response body for "https://stage.peapod.com/shop/images/icons/PeapodIcons.json" (RelFrameId=1, Internal ID=25)
Action.c(285):     75.86-0.212 113.896-0.212 0-0 0-0 0-0.212z",\n
Action.c(285):             "M258.603 574.366c0 65.235-0.212 130.258 0.212 195.493 0 15.512-0.85 31.449-20.187
Action.c(285):      32.086-20.612 0.637-23.374-15.299-23.374-32.299 0.212-129.408 0.212-258.816 0-388.223 0-1
Action.c(285):     6.149 0.85-33.149 22.099-33.149 22.312 0 21.249 17.637 21.249 33.361 0 64.173 0 128.345 0 
Action.c(285):     192.73z",\n
Action.c(285):             "M556.517 574.154c0 64.173 0 128.133 0 192.305 0 16.787 0.637 35.486-22.312 35.274
Action.c(285):     -21.037-0.212-21.249-17.637-21.249-33.786 0.212-128.983 0.212-258.178 0-387.161 0-16.362 0
Action.c(285):     .85-33.149 22.312-32.511 21.674 0.425 21.249 17.849 21.249 33.786 0 63.96 0 127.92 0 192.0
Action.c(285):     93z",\n
Action.c(285):             "M364.637 573.941c0-64.173 0-128.345 0-192.73 0-15.512-1.062-33.361 21.462-33.149 
Action.c(285):     21.887 0.212 21.887 17.849 21.887 33.574 0 129.408 0 258.603 0 388.011 0 16.574-2.55 32.93
Action.c(285):     6-23.587 32.086-19.762-0.85-19.974-17.212-19.974-32.299 0.212-65.235 0.212-130.258 0.212-1
Action.c(285):     95.493z"\n
Action.c(285):           ],\n
Action.c(285):           "width": 770,\n
Action.c(285):           "grid": 32,\n
Action.c(285):           "tags": [\n
Action.c(285):             "trash-can-closed"\n
Action.c(285):           ],\n
Action.c(285):           "defaultCode": 59821\n
Action.c(285):         },\n
Action.c(285):         {\n
Action.c(285):           "paths": [\n
Action.c(285):             "M108.584 1016.138c-30.174-259.878-60.135-518.056-90.309-778.147 245.641 0 489.37 
Action.c(285):     0 735.436 0-28.261 259.665-56.31 518.056-84.572 778.147-186.781 0-372.074 0-560.554 0zM522
Action.c(285):     .731 878.655c-0.212 0-0.425 0-0.637 0 0 4.25 0 8.5 0 12.75-0.212 25.499 12.325 41.861 33.3
Action.c(285):     61 43.561 21.674 1.7 37.611-14.449 39.524-40.799 8.287-107.521 16.362-214.83 24.437-322.35
Action.c(285):     1 5.312-69.060 10.2-138.12 15.299-207.392 1.7-22.524-7.225-39.099-30.174-43.986-19.124-4.0
Action.c(285):     37-33.361 5.312-40.586 23.374-2.762 7.012-3.4 15.087-3.825 22.737-12.325 170.844-24.862 34
Action.c(285):     1.475-37.399 512.106zM254.991 895.017c-3.612-37.611-6.8-70.76-9.987-103.909-13.812-144.707
Action.c(285):     -27.624-289.414-41.436-434.122-1.7-17.849-10.412-30.599-28.899-34.849-26.349-6.162-46.111 
Action.c(285):     12.962-43.561 44.198 6.587 77.56 14.024 155.119 21.462 232.466 9.562 99.659 18.912 199.318
Action.c(285):      29.111 298.764 2.55 25.287 19.337 39.524 39.949 37.399 21.037-2.125 33.999-19.762 33.361-
Action.c(285):     39.949zM421.372 629.614c-0.425 0-0.85 0-1.275 0 0-89.034 0.212-178.281-0.212-267.315 0-27.
Action.c(285):     411-17.212-45.048-39.949-42.711-20.824 2.125-32.936 17.849-32.936 44.411 0 107.096 0.425 2
Action.c(285):     14.192 0.637 321.288 0.212 69.485 0 138.757 0.425 208.242 0.212 27.836 16.574 44.411 40.16
Action.c(285):     1 42.286 21.462-1.912 32.936-16.362 32.936-43.986 0.212-87.334 0.212-174.881 0.212-262.215
Action.c(285):     z",\n
Action.c(285):             "M62.473 230.129c-27.624 0.637-51.211-19.762-53.761-46.111s14.874-49.723 43.136-55
Action.c(285):     .035c41.223-7.65 82.659-14.237 123.883-21.249 9.35-1.487 18.487-4.462 27.836-4.462 22.524-
Action.c(285):     0.212 36.761-10.2 43.986-31.449 7.225-21.462 21.249-31.236 45.048-34.211 54.186-7.012 108.
Action.c(285):     159-16.574 161.707-27.624 23.374-4.887 39.949 3.825 55.46 17.424 18.062 15.724 36.549 20.1
Action.c(285):     87 60.985 14.662 43.986-10.2 89.034-16.362 133.87-23.799 29.536-4.887 54.823 11.687 60.135
Action.c(285):      38.461 5.95 30.174-11.050 55.885-43.348 61.41-217.38 37.399-434.759 74.372-652.351 111.55
Action.c(285):     8-2.337 0-5.1 0.212-6.587 0.425z"\n
Action.c(285):           ],\n
Action.c(285):           "width": 770,\n
Action.c(285):           "grid": 32,\n
Action.c(285):           "tags": [\n
Action.c(285):             "trash-can-open"\n
Action.c(285):           ],\n
Action.c(285):           "defaultCode": 59822\n
Action.c(285):         },\n
Action.c(285):         {\n
Action.c(285):           "paths": [\n
Action.c(285):             "M175.514 841.318c33.997 0 66.355 0 110.387 0-19.251-13.722-29.696-21.299-39.936-2
Action.c(285):     8.672-109.978-78.029-176.333-181.658-186.573-318.054-4.096-54.067 2.048-59.597 55.091-59.5
Action.c(285):     97 214.426-0.205 428.851 0 643.482 0 54.067 0 108.134 0.614 162.202-0.205 32.358-0.614 45.
Action.c(285):     466 13.312 43.827 45.875-6.349 130.048-60.211 234.906-162.816 314.778-9.011 6.963-18.432 1
Action.c(285):     3.312-27.648 19.866-9.011 6.144-18.022 12.288-36.659 24.781 43.418 0 76.39 0 111.206 0 0 2
Action.c(285):     3.142 0 41.574 0 62.259-224.051 0-446.669 0-672.154 0-0.41-18.842-0.41-37.069-0.41-61.030z
Action.c(285):     M124.928 499.712c11.264 184.115 189.85 334.438 392.192 331.162 199.066-3.072 373.76-155.03
Action.c(285):     4 379.29-331.162-257.229 0-514.253 0-771.482 0z",\n
Action.c(285):             "M740.352 941.261c0 19.046 0 35.43 0 55.296-151.757 0-302.899 0-456.499 0 0-17.613
Action.c(285):      0-34.611 0-55.296 150.323 0 301.67 0 456.499 0z",\n
Action.c(285):             "M676.864 52.224c-23.347 41.37-13.926 79.462 2.048 117.76 9.011 21.914 17.613 44.6
Action.c(285):     46 21.504 67.994 8.806 51.61-15.36 72.090-72.294 61.235 25.805-39.117 13.107-77.21-1.843-1
Action.c(285):     15.507-8.192-20.89-17.408-42.189-20.685-64.102-8.192-54.272 10.035-72.090 71.27-67.379z",\n
Action.c(285):             "M534.938 29.696c-23.347 41.37-13.926 79.462 2.048 117.76 9.011 21.914 17.613 44.6
Action.c(285):     46 21.504 67.994 8.806 51.61-15.36 72.090-72.294 61.235 25.805-39.117 13.107-77.21-1.843-1
Action.c(285):     15.507-8.192-20.89-17.408-42.189-20.685-64.102-8.192-54.272 10.035-72.090 71.27-67.379z",\n
Action.c(285):             "M393.626 55.501c-25.395 42.394-11.469 82.125 5.325 122.675 8.192 19.661 15.565 40
Action.c(285):     .346 18.227 61.235 6.963 53.248-11.674 70.246-70.042 63.078 27.238-48.128 7.168-91.75-10.8
Action.c(285):     54-135.987-5.734-13.926-10.035-28.672-12.698-43.418-9.83-56.115 10.24-75.981 70.042-67.584
Action.c(285):     z"\n
Action.c(285):           ],\n
Action.c(285):           "grid": 32,\n
Action.c(285):           "tags": [\n
Action.c(285):             "coffee"\n
Action.c(285):           ],\n
Action.c(285):           "defaultCode": 59823\n
Action.c(285):         },\n
Action.c(285):         {\n
Action.c(285):           "paths": [\n
Action.c(285):             "M14.071 995.019c4.62-54.812 8.61-104.794 13.231-154.776 9.45-103.324 17.431-207.0
Action.c(285):     68 29.611-309.972 17.641-149.526 155.406-236.469 298.422-190.687 4.2 1.26 8.19 2.73 13.231
Action.c(285):      4.2 15.331-21.211 18.691-38.642 1.26-62.792-42.212-58.592-72.663-123.695-83.793-195.518-3
Action.c(285):     .36-21.841 0.63-53.132 16.171-66.153 18.061-15.331 38.011-0.21 53.972 11.55 68.673 50.822 
Action.c(285):     85.473 121.805 77.073 202.028-1.89 17.011-5.46 33.811-8.4 51.452 27.091-18.271 51.662-38.0
Action.c(285):     11 78.753-52.712 37.591-20.371 77.703-22.051 114.034 3.57 11.55 8.19 26.251 25.201 24.571 
Action.c(285):     35.701-1.89 12.6-18.481 29.191-31.501 32.551-49.772 12.18-100.804 19.531-151.206 28.981-14
Action.c(285):     .491 2.73-29.401 4.62-43.472 9.030-19.321 5.88-21.001 15.331-6.72 28.561 118.025 110.884 1
Action.c(285):     07.104 271.961-24.991 365.414-114.664 81.063-229.539 161.916-344.413 242.979-7.14 4.83-14.
Action.c(285):     491 9.030-25.831 16.591zM51.032 932.856c79.173-55.862 154.566-109.204 232.689-164.226-21.6
Action.c(285):     31-15.961-28.561-20.791-48.092-34.651 0-28.981-0.63-13.441-0.21-36.331 19.951 13.441 42.84
Action.c(285):     2 32.551 61.322 42.422 5.67 3.15 15.331 7.35 18.691 4.83 35.911-25.201 75.813-45.782 103.9
Action.c(285):     54-83.163-24.151-14.281-45.362-27.091-67.833-40.532-0.21-16.591 0.21-15.121-0.42-30.031 23
Action.c(285):     .941 13.021 62.162 30.451 85.683 43.262 18.901-38.011 27.301-74.973 20.371-114.034-1.89-10
Action.c(285):     .080-10.080-21.631-18.901-27.511-25.831-17.011-53.342-31.711-81.273-47.882 0.63-24.571 0.8
Action.c(285):     4-16.591 0-35.701 20.791 11.34 55.652 32.551 77.913 44.522-44.942-101.224-200.558-131.255-
Action.c(285):     268.6-54.602 43.472 25.411 102.484 61.112 147.216 87.153-22.891 10.5-9.030 3.57-31.711 14.
Action.c(285):     911-48.512-27.931-139.445-80.433-148.056-80.013s-43.892 85.053-43.472 92.614c0.42 7.56 82.
Action.c(285):     113 49.142 114.244 67.833-23.521 9.24-13.441 4.2-36.751 14.911-28.561-15.961-54.602-30.241
Action.c(285):     -82.743-45.992-4.2 48.092-7.35 91.564-12.39 134.825-1.89 15.751 3.78 23.521 16.801 30.661 
Action.c(285):     31.711 17.221 62.792 36.121 94.924 55.022-22.471 9.24-12.18 4.62-32.131 14.701-33.391-19.1
Action.c(285):     11-49.562-26.881-84.213-46.412-5.25 54.182-10.080 103.534-14.701 153.096-1.050 11.55-1.26 
Action.c(285):     22.891-2.31 40.322zM394.605 266.71c28.981-103.324-11.34-202.028-82.113-220.299 5.88 80.433
Action.c(285):      38.011 149.316 82.113 220.299zM462.438 300.732c27.721-3.99 51.872-6.51 75.813-10.92s47.67
Action.c(285):     2-10.71 74.973-17.011c-43.682-40.322-105.634-27.511-150.786 27.931z",\n
Action.c(285):             "M461.808 234.999c6.3-50.192 16.171-94.084 42.842-132.305 20.371-29.191 46.622-38.
Action.c(285):     852 74.133-29.401 29.821 10.5 40.112 34.861 20.161 59.012-18.061 21.841-40.532 40.532-63.4
Action.c(285):     22 57.542-21.841 16.591-46.832 28.981-73.713 45.152zM582.143 110.674c-37.591-40.952-89.043
Action.c(285):      32.971-91.984 83.793 24.991-22.051 68.043-62.372 91.984-83.793z"\n
Action.c(285):           ],\n
Action.c(285):           "width": 655,\n
Action.c(285):           "grid": 32,\n
Action.c(285):           "tags": [\n
Action.c(285):             "carrot"\n
Action.c(285):           ],\n
Action.c(285):           "defaultCode": 59824\n
Action.c(285):         },\n
Action.c(285):         {\n
Action.c(285):           "paths": [\n
Action.c(285):             "M0 402.366h1024v219.493h-1024v-219.493z"\n
Action.c(285):           ],\n
Action.c(285):           "grid": 32,\n
Action.c(285):           "tags": [\n
Action.c(285):             "minus"\n
Action.c(285):           ],\n
Action.c(285):           "defaultCode": 59825\n
Action.c(285):         },\n
Action.c(285):         {\n
Action.c(285):           "paths": [\n
Action.c(285):             "M1024 402.366h-402.366v-402.366h-219.267v402.366h-402.366v219.267h402.366v402.366
Action.c(285):     h219.267v-402.366h402.366z"\n
Action.c(285):           ],\n
Action.c(285):           "grid": 32,\n
Action.c(285):           "tags": [\n
Action.c(285):             "plus"\n
Action.c(285):           ],\n
Action.c(285):           "defaultCode": 59826\n
Action.c(285):         },\n
Action.c(285):         {\n
Action.c(285):           "paths": [\n
Action.c(285):             "M676.231 676.231l-56.585-170.836-326.43-326.43-114.251 114.251 326.43 326.43 170.
Action.c(285):     836 56.585zM27.626 27.626c-31.563 31.563-31.563 82.687 0 114.251l84.084 84.084 114.251-114
Action.c(285):     .251-84.084-84.084c-31.563-31.563-82.687-31.563-114.251 0zM956.555 194.461h-450.207l63.508
Action.c(285):      63.508h386.699v698.586h-698.586v-386.699l-63.508-63.508v450.207c0 35.056 28.452 63.508 63
Action.c(285):     .508 63.508h698.586c35.056 0 63.508-28.452 63.508-63.508v-698.586c0-35.056-28.452-63.508-6
Action.c(285):     3.508-63.508z"\n
Action.c(285):           ],\n
Action.c(285):           "grid": 32,\n
Action.c(285):           "tags": [\n
Action.c(285):             "icon_pencil-edit"\n
Action.c(285):           ],\n
Action.c(285):           "defaultCode": 59827\n
Action.c(285):         },\n
Action.c(285):         {\n
Action.c(285):           "paths": [\n
Action.c(285):             "M251.182 1024v-1023.783h-81.742c-93.544 0-169.44 75.896-169.44 169.44v684.904c0 9
Action.c(285):     3.49 75.896 169.44 169.44 169.44h81.742z",\n
Action.c(285):             "M1002.022 0.217h218.81v1023.783h-218.81v-1023.783z",\n
Action.c(285):             "M566.675 0.217h160.724v1023.783h-160.724v-1023.783z",\n
Action.c(285):             "M819.103 0.217h91.487v1023.783h-91.487v-1023.783z",\n
Action.c(285):             "M342.236 0.217h136.472v1023.783h-136.472v-1023.783z",\n
Action.c(285):             "M1310.423 0.217v1023.783h68.642c93.76 0 169.71-75.95 169.71-169.656v-684.688c0-93
Action.c(285):     .76-75.95-169.656-169.71-169.656h-68.642v0.217z"\n
Action.c(285):           ],\n
Action.c(285):           "width": 1549,\n
Action.c(285):           "grid": 32,\n
Action.c(285):           "tags": [\n
Action.c(285):             "barcode"\n
Action.c(285):           ],\n
Action.c(285):           "defaultCode": 59828\n
Action.c(285):         },\n
Action.c(285):         {\n
Action.c(285):           "paths": [\n
Action.c(285):             "M967.476 0h-910.962c-0.003-0-0.007-0-0.010-0-31.206 0-56.504 25.298-56.504 56.504
Action.c(285):      0 0.004 0 0.007 0 0.011l-0 910.961c0 31.212 25.302 56.514 56.514 56.514 0 0 0 0 0 0h490.4
Action.c(285):     3v-396.54h-133.446v-154.541h133.446v-113.97c0-132.259 80.762-204.317 198.767-204.317 0.999
Action.c(285):     -0.003 2.182-0.005 3.365-0.005 40.823 0 81.123 2.234 120.787 6.585l-4.898 137.802h-81.837c
Action.c(285):     -64.163 0-76.594 30.494-76.594 75.233v98.672h153.035l-19.896 154.541h-133.119v396.54h260.9
Action.c(285):     23c31.209-0.006 56.508-25.305 56.514-56.513l0-910.962c0-31.212-25.302-56.514-56.514-56.514
Action.c(285):      0 0 0 0 0 0z"\n
Action.c(285):           ],\n
Action.c(285):           "grid": 32,\n
Action.c(285):           "tags": [\n
Action.c(285):             "social-facebook"\n
Action.c(285):           ],\n
Action.c(285):           "defaultCode": 59829\n
Action.c(285):         },\n
Action.c(285):         {\n
Action.c(285):           "paths": [\n
Action.c(285):             "M512 92.252c136.714 0 152.904 0.522 206.848 2.98 34.243 0.421 66.859 6.851 97.016
Action.c(285):      18.281 21.137 8.016 40.801 21.065 56.886 37.612 16.62 16.158 29.67 35.822 37.972 57.815 1
Action.c(285):     1.166 29.313 17.614 61.945 18.044 96.027 2.47 54.17 2.982 70.369 2.982 207.032s-0.522 152.
Action.c(285):     904-2.98 206.848c-0.421 34.243-6.851 66.859-18.281 97.016-16.957 42.834-51.738 77.614-95.3
Action.c(285):     7 94.82-29.37 11.203-62.002 17.652-96.084 18.082-54.17 2.47-70.359 2.982-207.032 2.982s-15
Action.c(285):     2.914-0.522-206.848-2.98c-34.243-0.421-66.859-6.851-97.016-18.281-21.137-8.016-40.801-21.0
Action.c(285):     65-56.886-37.612-16.62-16.158-29.669-35.822-37.972-57.815-11.166-29.313-17.614-61.945-18.0
Action.c(285):     44-96.027-2.459-54.129-2.982-70.318-2.982-207.032s0.522-152.904 2.98-206.848c0.421-34.243 
Action.c(285):     6.851-66.859 18.281-
Action.c(285): t=48036ms: 3969-byte ENCODED response body received for "https://stage.peapod.com/shop/images/icons/PeapodIcons.json" (RelFrameId=1, Internal ID=25)
Action.c(285): t=48037ms: 10966-byte DECODED response body for "https://stage.peapod.com/shop/images/icons/PeapodIcons.json" (RelFrameId=1, Internal ID=25)
Action.c(285):     97.016 8.016-21.137 21.065-40.801 37.612-56.886 16.158-16.62 35.822-29.669 57.815-37.972 2
Action.c(285):     9.313-11.166 61.945-17.614 96.027-18.044 54.129-2.459 70.318-2.982 207.032-2.982zM512 0c-1
Action.c(285):     39.049 0-156.488 0.594-211.098 3.072-44.878 0.93-87.462 9.582-126.858 24.675-32.914 12.71-
Action.c(285):     63.166 32.797-88.075 58.151-25.427 24.981-45.514 55.233-58.509 89.005-14.807 38.538-23.459
Action.c(285):      81.121-24.382 125.605-2.485 55.005-3.078 72.443-3.078 211.492s0.594 156.488 3.072 211.098
Action.c(285):     c0.93 44.878 9.582 87.462 24.675 126.858 12.71 32.914 32.797 63.166 58.151 88.075 24.981 2
Action.c(285):     5.427 55.233 45.514 89.005 58.509 38.538 14.807 81.121 23.459 125.605 24.382 55.005 2.495 
Action.c(285):     72.443 3.078 211.492 3.078s156.488-0.584 211.098-3.072c44.877-0.926 87.461-9.575 126.858-2
Action.c(285):     4.664 66.402-26.322 119.98-79.903 146.547-147.11 14.844-38.594 23.496-81.178 24.419-125.66
Action.c(285):     1 2.495-55.005 3.078-72.443 3.078-211.492s-0.594-156.488-3.072-211.098c-0.926-44.877-9.575
Action.c(285):     -87.461-24.664-126.858-12.71-32.914-32.797-63.166-58.151-88.074-24.981-25.427-55.233-45.51
Action.c(285):     4-89.005-58.509-38.541-14.808-81.128-23.461-125.616-24.382-55.004-2.485-72.443-3.078-211.4
Action.c(285):     92-3.078v0z",\n
Action.c(285):             "M512 249.078c-145.208 0-262.922 117.714-262.922 262.922s117.714 262.922 262.922 2
Action.c(285):     62.922c145.208 0 262.922-117.714 262.922-262.922s-117.714-262.922-262.922-262.922c0 0 0 0 
Action.c(285):     0 0zM512 682.66c-94.258-0-170.67-76.412-170.67-170.67s76.412-170.67 170.67-170.67c94.258 0
Action.c(285):      170.67 76.412 170.67 170.67 0 0.004-0 0.007-0 0.011 0 94.258-76.412 170.67-170.67 170.67s
Action.c(285):     -170.67-76.412-170.67-170.67c0-94.258 76.412-170.67 170.67-170.67s170.67 76.412 170.67 170
Action.c(285):     .67c0 94.258-76.412 170.67-170.67 170.67z",\n
Action.c(285):             "M846.746 238.694c0 33.932-27.508 61.44-61.44 61.44s-61.44-27.508-61.44-61.44c0-33
Action.c(285):     .932 27.508-61.44 61.44-61.44s61.44 27.508 61.44 61.44z"\n
Action.c(285):           ],\n
Action.c(285):           "grid": 32,\n
Action.c(285):           "tags": [\n
Action.c(285):             "social-instagram"\n
Action.c(285):           ],\n
Action.c(285):           "defaultCode": 59830\n
Action.c(285):         },\n
Action.c(285):         {\n
Action.c(285):           "paths": [\n
Action.c(285):             "M512 0c-282.755 0.020-511.965 229.243-511.965 512 0 215.605 133.267 400.083 321.9
Action.c(285):     21 475.556-1.024-39.291-5.069-101.427 5.233-145.654 9.298-39.936 60.037-254.495 60.037-254
Action.c(285):     .495-9.715-21.739-15.373-47.11-15.373-73.803 0-0.776 0.005-1.552 0.014-2.326-0.001-71.071 
Action.c(285):     41.266-124.227 92.64-124.227 43.684 0 64.778 32.768 64.778 72.12 0 43.93-27.965 109.568-42
Action.c(285):     .404 170.476-12.063 50.964 25.6 92.518 75.776 92.518 91.003 0 160.952-95.949 160.952-234.4
Action.c(285):     96 0-122.583-88.064-208.302-213.862-208.302-145.674 0-231.188 109.271-231.188 222.208 0.07
Action.c(285):     3 43.926 14.354 84.503 38.492 117.394 2.174 2.182 3.748 5.873 3.748 9.932 0 1.495-0.213 2.
Action.c(285):     939-0.612 4.305-3.864 16.060-12.496 50.846-14.196 57.952-2.232 9.37-7.424 11.356-17.121 6.
Action.c(285):     851-63.857-29.737-103.834-123.228-103.834-198.298 0-161.516 117.35-309.832 338.299-309.832
Action.c(285):      177.613 0 315.638 126.566 315.638 295.711 0 176.456-111.258 318.464-265.687 318.464-51.87
Action.c(285):     6 0-100.659-26.952-117.35-58.788 0 0-25.672 97.761-31.898 121.713-11.561 44.472-42.762 100
Action.c(285):     .219-63.642 134.226 45.279 14.525 97.365 22.897 151.407 22.897 282.798 0 512.051-229.253 5
Action.c(285):     12.051-512.051 0-282.729-229.142-511.94-511.845-512.051z"\n
Action.c(285):           ],\n
Action.c(285):           "grid": 32,\n
Action.c(285):           "tags": [\n
Action.c(285):             "social-pinterest"\n
Action.c(285):           ],\n
Action.c(285):           "defaultCode": 59831\n
Action.c(285):         },\n
Action.c(285):         {\n
Action.c(285):           "paths": [\n
Action.c(285):             "M1024 195.789c-35.134 16.006-75.89 27.655-118.631 32.883 41.412-26.112 74.068-66.
Action.c(285):     507 89.913-114.543-37.975 21.704-82.669 39.393-130.282 49.039-41.143-40.321-95.523-65.709-
Action.c(285):     155.833-65.709-116.139 0-210.289 94.149-210.289 210.289 0 16.842 1.98 33.221 5.72 48.918-1
Action.c(285):     75.301-10.454-329.246-93.617-432.462-219.869-18.725 29.21-29.289 65.648-29.289 104.554 0 7
Action.c(285):     2.591 36.776 136.593 92.713 174.39-34.356-0.656-66.981-10.26-95.46-26.344 1.044 1.423 1.04
Action.c(285):     4 2.293 1.044 3.184 0.020 101.321 71.718 185.89 167.145 205.76-15.19 4.913-34.201 7.601-53
Action.c(285):     .841 7.601-14.031 0-27.742-1.372-41.005-3.989 28.979 84.35 106.046 144.35 197.378 146.126-
Action.c(285):     70.71 56.065-161.421 89.931-260.041 89.931-0.234 0-0.468-0-0.703-0.001-0.009 0-0.062 0-0.1
Action.c(285):     15 0-17.607 0-34.966-1.064-52.015-3.131 92.912 59.387 204.104 94.585 323.518 94.585 0.201 
Action.c(285):     0 0.402-0 0.603-0 386.396 0 597.708-320.123 597.708-597.739q0-13.66-0.604-27.177c41.28-30.
Action.c(285):     074 76.063-66.109 103.865-107.249z"\n
Action.c(285):           ],\n
Action.c(285):           "grid": 32,\n
Action.c(285):           "tags": [\n
Action.c(285):             "social-twitter"\n
Action.c(285):           ],\n
Action.c(285):           "defaultCode": 59832\n
Action.c(285):         },\n
Action.c(285):         {\n
Action.c(285):           "paths": [\n
Action.c(285):             "M1013.76 308.972s-10.004-70.564-40.704-101.642c-38.912-40.786-82.586-40.96-102.60
Action.c(285):     5-43.377-143.278-10.353-358.226-10.353-358.226-10.353h-0.451s-214.938 0-358.236 10.363c-20
Action.c(285):     .019 2.386-63.652 2.591-102.605 43.377-30.7 31.068-40.694 101.632-40.694 101.632-6.044 49.
Action.c(285):     239-9.75 106.767-10.236 165.063l-0.004 78.363c0.49 58.965 4.197 116.489 10.955 173.076s9.2
Action.c(285):     79 63.212 39.979 94.29c38.912 40.786 90.112 39.496 112.906 43.766 81.92 7.854 348.16 10.24
Action.c(285):      348.16 10.24s215.173-0.328 358.461-10.68c20.019-2.386 63.662-2.591 102.605-43.377 30.72-3
Action.c(285):     1.078 40.704-101.642 40.704-101.642 6.039-49.233 9.745-106.76 10.236-165.055l0.004-78.309c
Action.c(285):     -0.498-58.978-4.209-116.505-10.966-173.096zM406.282 646.533v-287.744l276.685 144.384z"\n
Action.c(285):           ],\n
Action.c(285):           "grid": 32,\n
Action.c(285):           "tags": [\n
Action.c(285):             "social-youtube"\n
Action.c(285):           ],\n
Action.c(285):           "defaultCode": 59833\n
Action.c(285):         },\n
Action.c(285):         {\n
Action.c(285):           "paths": [\n
Action.c(285):             "M705.272 335.682l-166.146-335.682-166.146 335.682-372.98 54.252 267.868 261.086-6
Action.c(285):     1.033 372.98 332.291-176.318 332.291 176.318-64.424-369.589 267.868-261.086-369.589-57.642
Action.c(285):     z"\n
Action.c(285):           ],\n
Action.c(285):           "width": 1075,\n
Action.c(285):           "grid": 32,\n
Action.c(285):           "tags": [\n
Action.c(285):             "icon_star"\n
Action.c(285):           ],\n
Action.c(285):           "defaultCode": 59834\n
Action.c(285):         },\n
Action.c(285):         {\n
Action.c(285):           "paths": [\n
Action.c(285):             "M832 0h-768c-35.328 0-64 28.672-64 64v896c0 35.328 28.672 64 64 64h768c35.328 0 6
Action.c(285):     4-28.672 64-64v-896c0-35.328-28.672-64-64-64zM64 64h128v896h-128v-896zM832 960h-576v-896h5
Action.c(285):     76v896zM443.584 343.488c-0.032 53.504 43.328 96.928 96.832 96.96s96.928-43.328 96.96-96.83
Action.c(285):     2c0-0.032 0-0.096 0-0.128 0.032-53.504-43.328-96.928-96.832-96.96s-96.928 43.328-96.96 96.
Action.c(285):     832c0 0.032 0 0.096 0 0.128zM542.464 479.104c-87.488 0-158.464 95.168-158.464 212.544s316.
Action.c(285):     992 117.376 316.992 0-70.976-212.544-158.528-212.544zM960 64h64v192h-64v-192zM960 320h64v1
Action.c(285):     92h-64v-192zM960 576h64v192h-64v-192z"\n
Action.c(285):           ],\n
Action.c(285):           "grid": 32,\n
Action.c(285):           "tags": [\n
Action.c(285):             "icon_contacts_alt"\n
Action.c(285):           ],\n
Action.c(285):           "defaultCode": 59835\n
Action.c(285):         },\n
Action.c(285):         {\n
Action.c(285):           "paths": [\n
Action.c(285):             "M300.8 83.2c-60.8 0-108.8 3.2-137.6 3.2h-25.6c-64 0-99.2-3.2-105.6-3.2-19.2 0-25.
Action.c(285):     6 6.4-25.6 16 0 19.2 22.4 12.8 57.6 19.2 28.8 6.4 32 16 32 51.2v499.2c0 54.4 0 67.2-41.6 7
Action.c(285):     6.8-28.8 3.2-54.4-3.2-54.4 16 0 9.6 9.6 19.2 28.8 19.2s60.8-6.4 124.8-6.4c70.4 0 112 6.4 1
Action.c(285):     31.2 6.4s28.8-6.4 28.8-19.2c0-22.4-25.6-12.8-51.2-19.2-41.6-9.6-41.6-25.6-41.6-76.8v-166.4
Action.c(285):     c0-16 3.2-22.4 12.8-22.4 6.4 0 44.8 25.6 128 12.8 96-16 179.2-96 179.2-204.8 0-131.2-83.2-
Action.c(285):     201.6-240-201.6v0zM291.2 454.4c-41.6 0-70.4-12.8-70.4-41.6v-243.2c0-41.6 9.6-54.4 64-54.4 
Action.c(285):     67.2 0 124.8 70.4 124.8 166.4 0 89.6-48 172.8-118.4 172.8v0z",\n
Action.c(285):             "M684.8 496h294.4c32 0 48-3.2 48-25.6 0-89.6-76.8-198.4-211.2-198.4-160 0-268.8 10
Action.c(285):     5.6-268.8 265.6s99.2 265.6 252.8 265.6c80 0 140.8-25.6 188.8-70.4 25.6-22.4 35.2-38.4 35.2
Action.c(285):     -51.2 0-9.6-3.2-12.8-12.8-12.8s-54.4 64-156.8 64c-118.4 0-185.6-99.2-185.6-211.2v-9.6c0-12
Action.c(285):     .8 3.2-16 16-16v0zM678.4 451.2l3.2-19.2c12.8-57.6 32-128 134.4-128 80 0 89.6 60.8 89.6 99.
Action.c(285):     2 0 64-32 57.6-118.4 57.6h-89.6c-12.8 0-19.2-3.2-19.2-9.6v0 0z",\n
Action.c(285):             "M1574.4 720c0-9.6-6.4-16-16-16-16 0-32 25.6-54.4 25.6-28.8 0-35.2-25.6-35.2-73.6v
Action.c(285):     -256c0-92.8-22.4-128-134.4-128-147.2 0-249.6 89.6-249.6 153.6 0 9.6 9.6 19.2 25.6 19.2 54.
Action.c(285):     4 0 70.4-28.8 92.8-67.2 25.6-48 48-73.6 96-73.6 44.8 0 54.4 25.6 54.4 89.6v48c0 16 0 22.4-
Action.c(285):     16 25.6l-35.2 12.8c-140.8 54.4-217.6 102.4-217.6 198.4 0 54.4 25.6 118.4 96 118.4 51.2 0 8
Action.c(285):     9.6-25.6 137.6-57.6l28.8-19.2h6.4c19.2 48 54.4 76.8 92.8 76.8 60.8 3.2 128-54.4 128-76.8v0
Action.c(285):     zM1356.8 630.4c0 54.4-48 96-96 96-51.2 0-64-41.6-64-86.4 0-48 38.4-99.2 92.8-118.4l44.8-19
Action.c(285):     .2c6.4-3.2 12.8-3.2 12.8-3.2 3.2 0 6.4 3.2 6.4 12.8v118.4h3.2z",\n
Action.c(285):             "M1929.6 272c-60.8 0-108.8 19.2-153.6 64l-16 12.8c-3.2 3.2-6.4 6.4-9.6 6.4s-6.4-3.
Action.c(285):     2-6.4-6.4v-54.4c0-16-3.2-22.4-12.8-22.4-12.8 0-38.4 32-96 60.8-35.2 19.2-64 19.2-64 38.4s2
Action.c(285):     2.4 9.6 38.4 19.2c19.2 6.4 22.4 19.2 22.4 51.2v499.2c0 28.8-6.4 38.4-28.8 48-28.8 9.6-51.2
Action.c(285):      0-51.2 25.6 0 9.6 6.4 16 22.4 16 19.2 0 57.6-6.4 115.2-6.4 48 0 89.6 6.4 124.8 6.4 19.2 0
Action.c(285):      28.8-6.4 28.8-16 0-25.6-25.6-16-60.8-25.6-28.8-6.4-32-16-32-48v-156.8l6.4-3.2c38.4 16 76.
Action.c(285):     8 25.6 118.4 25.6 166.4 0 281.6-118.4 281.6-278.4-0-150.4-99.2-256-227.2-256v0zM1859.2 768
Action.c(285):     c-70.4 0-112-35.2-112-102.4v-204.8c0-73.6 35.2-108.8 112-108.8 108.8 0 182.4 80 182.4 208-
Action.c(285):     0 121.6-76.8 208-182.4 208z",\n
Action.c(285):             "M3376 704c-6.4 0-22.4 22.4-41.6 22.4-9.6 0-19.2-12.8-19.2-44.8v-572.8c0-28.8 3.2-
Action.c(285):     54.4 3.2-73.6 0-16-3.2-22.4-16-22.4-9.6 0-38.4 22.4-99.2 38.4-38.4 9.6-64 12.8-64 28.8 0 9
Action.c(285):     .6 19.2 9.6 41.6 19.2 19.2 9.6 22.4 16 22.4 41.6v131.2c0 9.6-3.2 16-9.6 16h-3.2l-19.2-6.4c
Action.c(285):     -22.4-6.4-54.4-12.8-92.8-12.8-160 0-281.6 118.4-281.6 272 0 150.4 108.8 256 252.8 256 92.8
Action.c(285):      0 144-51.2 150.4-51.2 9.6 0 12.8 48 32 48 9.6 0 51.2-22.4 121.6-41.6 22.4-6.4 35.2-6.4 35
Action.c(285):     .2-32-0-9.6-6.4-16-12.8-16v0zM3206.4 640c0 76.8-6.4 108.8-86.4 108.8-121.6 0-195.2-80-195.
Action.c(285):     2-208 0-144 76.8-236.8 172.8-236.8s108.8 54.4 108.8 166.4v169.6z",\n
Action.c(285):             "M2755.2 528c0 153.6-124.8 278.4-278.4 278.4s-278.4-124.8-278.4-278.4c0-153.6 124.
Action.c(285):     8-278.4 278.4-278.4s278.4 124.8 278.4 278.4z",\n
Action.c(285):             "M3456 128c-35.2 0-64-28.8-64-64s28.8-64 64-64c35.2 0 64 28.8 64 64s-28.8 64-64 64
Action.c(285):     zM3456 9.6c-28.8 0-54.4 25.6-54.4 54.4s25.6 54.4 54.4 54.4c28.8 0 54.4-25.6 54.4-54.4s-25.
Action.c(285):     6-54.4-54.4-54.4zM3472 102.4l-19.2-28.8h-12.8v28.8h-9.6v-73.6h28.8c12.8 0 22.4 9.6 22.4 22
Action.c(285):     .4 0 16-16 22.4-19.2 22.4l19.2 28.8h-9.6zM3462.4 35.2h-19.2v28.8h19.2c6.4 0 12.8-6.4 12.8-
Action.c(285):     12.8-0-9.6-6.4-16-12.8-16z"\n
Action.c(285):           ],\n
Action.c(285):           "attrs": [\n
Action.c(285):             {\n
Action.c(285):               "fill": "rgb(51, 51, 51)"\n
Action.c(285):             },\n
Action.c(285):             {\n
Action.c(285):               "fill": "rgb(51, 51, 51)"\n
Action.c(285):             },\n
Action.c(285):             {\n
Action.c(285):               "fill": "rgb(54, 54, 54)"\n
Action.c(285):             },\n
Action.c(285):             {\n
Action.c(285):               "fill": "rgb(51, 51, 51)"\n
Action.c(285):             },\n
Action.c(285):             {\n
Action.c(285):               "fill": "rgb(51, 51, 51)"\n
Action.c(285):             },\n
Action.c(285):             {\n
Action.c(285):               "fill": "rgb(94, 160, 0)"\n
Action.c(285):             },\n
Action.c(285):             {\n
Action.c(285):               "fill": "rgb(51, 51, 51)"\n
Action.c(285):             }\n
Action.c(285):           ],\n
Action.c(285):           "isMulticolor": true,\n
Action.c(285):           "width": 3520,\n
Action.c(285):           "grid": 32,\n
Action.c(285):           "tags": [\n
Action.c(285):             "peapod-logo-2c"\n
Action.c(285):           ],\n
Action.c(285):           "defaultCode": 59648\n
Action.c(285):         },\n
Action.c(285):         {\n
Action.c(285):           "paths": [\n
Action.c(285):             "M3633.096 780.274v-506.74h266.521c96.438 0 145.534 61.37 145.534 129.753 0 63.123
Action.c(285):     -40.329 106.959-87.671 115.726 54.356 8.767 98.192 61.37 98.192 124.493 0 75.397-50.849 13
Action.c(285):     6.767-147.288 136.767h-275.288zM3934.685 420.822c0-31.562-22.795-56.11-59.616-56.11h-135.0
Action.c(285):     14v110.466h135.014c36.822 1.753 59.616-21.041 59.616-54.356zM3945.205 627.726c0-31.562-22.
Action.c(285):     795-59.616-64.877-59.616h-138.521v117.479h138.521c40.329 1.753 64.877-21.041 64.877-57.863
Action.c(285):     z",\n
Action.c(285):             "M4378.301 780.274v-45.589c-24.548 28.055-68.384 56.11-129.753 56.11-80.658 0-119.
Action.c(285):     233-43.836-119.233-115.726v-261.26h96.438v222.685c0 50.849 26.301 68.384 68.384 68.384 36.
Action.c(285):     822 0 66.63-21.041 84.164-42.082v-248.986h96.438v368.219l-96.438-1.753z",\n
Action.c(285):             "M4536.109 732.932l42.082-68.384c26.301 24.548 80.658 50.849 126.247 50.849 42.082
Action.c(285):      0 61.37-17.534 61.37
Action.c(285): t=48071ms: 12278-byte ENCODED response body received for "https://stage.peapod.com/shop/images/icons/PeapodIcons.json" (RelFrameId=1, Internal ID=25)
Action.c(285): t=48071ms: 12288-byte DECODED response body for "https://stage.peapod.com/shop/images/icons/PeapodIcons.json" (RelFrameId=1, Internal ID=25)
Action.c(285):     -40.329 0-24.548-33.315-31.562-73.644-40.329-63.123-12.274-143.781-28.055-143.781-115.726 
Action.c(285):     0-61.37 54.356-115.726 150.795-115.726 63.123 0 112.219 21.041 149.041 50.849l-38.575 66.6
Action.c(285):     3c-22.795-22.795-63.123-42.082-108.712-42.082-35.068 0-57.863 15.781-57.863 36.822s28.055 
Action.c(285):     28.055 70.137 35.068c63.123 12.274 147.288 29.808 147.288 120.986 0 66.63-57.863 117.479-1
Action.c(285):     59.562 117.479-64.877-0-126.247-21.041-164.822-56.11z",\n
Action.c(285):             "M4916.603 315.616c0-31.562 26.301-57.863 57.863-57.863s57.863 24.548 57.863 57.86
Action.c(285):     3c0 31.562-26.301 57.863-57.863 57.863s-57.863-26.301-57.863-57.863zM4927.123 780.274v-368
Action.c(285):     .219h96.438v368.219h-96.438z",\n
Action.c(285):             "M5363.726 780.274v-220.932c0-50.849-26.301-68.384-68.384-68.384-38.575 0-68.384 2
Action.c(285):     1.041-84.164 43.836v247.233h-96.438v-368.219h96.438v47.342c22.795-28.055 68.384-57.863 128
Action.c(285):     -57.863 80.658 0 119.233 45.589 119.233 117.479v259.507h-94.685z",\n
Action.c(285):             "M5528.548 596.164c0-106.959 78.904-192.877 189.37-192.877 108.712 0 184.11 82.411
Action.c(285):      184.11 201.644v21.041h-273.534c5.26 45.589 43.836 85.918 105.205 85.918 31.562 0 75.397-1
Action.c(285):     4.027 98.192-36.822l42.082 63.123c-36.822 33.315-94.685 50.849-150.795 50.849-110.466 0-19
Action.c(285):     4.63-73.644-194.63-192.877zM5717.918 480.438c-59.616 0-85.918 45.589-91.178 80.658h180.603
Action.c(285):     c-0-33.315-24.548-80.658-89.425-80.658z",\n
Action.c(285):             "M5937.096 732.932l42.082-68.384c26.301 24.548 80.658 50.849 126.247 50.849 42.082
Action.c(285):      0 61.37-17.534 61.37-40.329 0-24.548-33.315-31.562-73.644-40.329-63.123-12.274-143.781-28
Action.c(285):     .055-143.781-115.726 0-61.37 54.356-115.726 150.795-115.726 63.123 0 112.219 21.041 149.04
Action.c(285):     1 50.849l-38.575 66.63c-22.795-22.795-63.123-42.082-108.712-42.082-35.068 0-57.863 15.781-
Action.c(285):     57.863 36.822s28.055 28.055 70.137 35.068c63.123 12.274 147.288 29.808 147.288 120.986 0 6
Action.c(285):     6.63-57.863 117.479-159.562 117.479-64.877-0-126.247-21.041-164.822-56.11z",\n
Action.c(285):             "M6296.548 732.932l42.082-68.384c26.301 24.548 80.658 50.849 126.247 50.849 42.082
Action.c(285):      0 61.37-17.534 61.37-40.329 0-24.548-33.315-31.562-73.644-40.329-63.123-12.274-143.781-28
Action.c(285):     .055-143.781-115.726 0-61.37 54.356-115.726 150.795-115.726 63.123 0 112.219 21.041 149.04
Action.c(285):     1 50.849l-38.575 66.63c-22.795-22.795-63.123-42.082-108.712-42.082-35.068 0-57.863 15.781-
Action.c(285):     57.863 36.822s28.055 28.055 70.137 35.068c63.123 12.274 147.288 29.808 147.288 120.986 0 6
Action.c(285):     6.63-57.863 117.479-159.562 117.479-64.877-0-126.247-21.041-164.822-56.11z",\n
Action.c(285):             "M6880.438 780.274v-506.74h199.89c159.562 0 270.027 101.699 270.027 254.247s-110.4
Action.c(285):     66 254.247-270.027 254.247l-199.89-1.753zM7239.89 527.781c0-89.425-54.356-159.562-159.562-
Action.c(285):     159.562h-92.932v317.37h92.932c101.699 0 159.562-71.89 159.562-157.808z",\n
Action.c(285):             "M7397.698 596.164c0-106.959 78.904-192.877 189.37-192.877 108.712 0 184.11 82.411
Action.c(285):      184.11 201.644v21.041h-273.534c5.26 45.589 43.836 85.918 105.205 85.918 31.562 0 75.397-1
Action.c(285):     4.027 98.192-36.822l42.082 63.123c-36.822 33.315-94.685 50.849-150.795 50.849-110.466 0-19
Action.c(285):     4.63-73.644-194.63-192.877zM7587.068 480.438c-59.616 0-85.918 45.589-91.178 80.658h180.603
Action.c(285):     c0-33.315-24.548-80.658-89.425-80.658z",\n
Action.c(285):             "M7837.808 780.274v-506.74h96.438v506.74h-96.438z",\n
Action.c(285):             "M8016.657 315.616c0-31.562 26.301-57.863 57.863-57.863s57.863 24.548 57.863 57.86
Action.c(285):     3c0 31.562-26.301 57.863-57.863 57.863s-57.863-26.301-57.863-57.863zM8027.178 780.274v-368
Action.c(285):     .219h96.438v368.219h-96.438z",\n
Action.c(285):             "M8311.233 780.274l-147.288-368.219h103.452l96.438 256 96.438-256h103.452l-147.288
Action.c(285):      368.219h-105.205z",\n
Action.c(285):             "M8577.753 596.164c0-106.959 78.904-192.877 189.37-192.877 108.712 0 184.11 82.411
Action.c(285):      184.11 201.644v21.041h-271.781c5.26 45.589 43.836 85.918 105.205 85.918 31.562 0 75.397-1
Action.c(285):     4.027 98.192-36.822l42.082 63.123c-36.822 33.315-94.685 50.849-150.795 50.849-112.219 0-19
Action.c(285):     6.384-73.644-196.384-192.877zM8768.876 480.438c-59.616 0-85.918 45.589-91.178 80.658h180.6
Action.c(285):     03c-1.753-33.315-26.301-80.658-89.425-80.658z",\n
Action.c(285):             "M9019.616 780.274v-368.219h96.438v50.849c26.301-33.315 71.89-59.616 117.479-59.61
Action.c(285):     6v94.685c-7.014-1.753-15.781-1.753-26.301-1.753-31.562 0-75.397 17.534-91.178 42.082v241.9
Action.c(285):     73h-96.438z",\n
Action.c(285):             "M9289.644 838.137c8.767 3.507 21.041 5.26 29.808 5.26 24.548 0 42.082-7.014 50.84
Action.c(285):     9-26.301l14.027-31.562-149.041-373.479h103.452l96.438 256 96.438-256h103.452l-171.836 429.
Action.c(285):     589c-28.055 68.384-75.397 87.671-138.521 89.425-12.274 0-35.068-1.753-47.342-5.26l12.274-8
Action.c(285):     7.671z",\n
Action.c(285):             "M299.836 82.411c-61.37 0-105.205 3.507-136.767 3.507h-26.301c-64.877 0-99.945-3.5
Action.c(285):     07-106.959-3.507-17.534 0-26.301 5.26-26.301 15.781 0 19.288 22.795 14.027 57.863 19.288 2
Action.c(285):     9.808 5.26 33.315 15.781 33.315 50.849v497.973c0 52.603 0 68.384-40.329 75.397-28.055 5.26
Action.c(285):     -52.603-1.753-52.603 19.288 0 10.521 10.521 17.534 28.055 17.534 19.288 0 61.37-7.014 126.
Action.c(285):     247-7.014 70.137 0 112.219 7.014 129.753 7.014 19.288 0 28.055-7.014 28.055-17.534 0-21.04
Action.c(285):     1-24.548-14.027-52.603-19.288-42.082-8.767-42.082-24.548-42.082-77.151v-166.575c0-14.027 3
Action.c(285):     .507-22.795 14.027-22.795 7.014 0 45.589 26.301 126.247 14.027 96.438-15.781 180.603-94.68
Action.c(285):     5 180.603-205.151-0-129.753-82.411-201.644-240.219-201.644v0zM291.068 452.384c-40.329 0-71
Action.c(285):     .89-12.274-71.89-42.082v-241.973c0-42.082 10.521-54.356 64.877-54.356 68.384 0 126.247 70.
Action.c(285):     137 126.247 164.822-0 91.178-50.849 173.589-119.233 173.589v0z",\n
Action.c(285):             "M683.836 496.219h294.575c33.315 0 45.589-5.26 45.589-24.548 0-91.178-77.151-198.1
Action.c(285):     37-212.164-198.137-159.562 0-266.521 105.205-266.521 264.767s99.945 263.014 252.493 263.01
Action.c(285):     4c78.904 0 138.521-24.548 189.37-70.137 24.548-21.041 35.068-38.575 35.068-49.096 0-8.767-
Action.c(285):     3.507-12.274-10.521-12.274-8.767 0-54.356 64.877-157.808 64.877-117.479 0-184.11-98.192-18
Action.c(285):     4.11-210.411v-8.767c0-17.534 1.753-19.288 14.027-19.288v0zM678.575 448.877l3.507-17.534c14
Action.c(285):     .027-57.863 31.562-128 133.26-128 80.658 0 89.425 59.616 89.425 99.945 0 63.123-31.562 57.
Action.c(285):     863-119.233 57.863h-89.425c-10.521 0-15.781-3.507-15.781-8.767l-1.753-3.507z",\n
Action.c(285):             "M1571.068 720.658c0-10.521-5.26-15.781-15.781-15.781-15.781 0-33.315 24.548-54.35
Action.c(285):     6 24.548-28.055 0-33.315-24.548-33.315-73.644v-257.753c0-91.178-22.795-126.247-133.26-126.
Action.c(285):     247-147.288 0-250.74 87.671-250.74 154.301 0 10.521 10.521 19.288 26.301 19.288 54.356 0 7
Action.c(285):     1.89-28.055 92.932-66.63 26.301-45.589 49.096-71.89 96.438-71.89 45.589 0 54.356 24.548 54
Action.c(285):     .356 87.671v47.342c0 15.781-1.753 21.041-15.781 26.301l-35.068 14.027c-142.027 54.356-219.
Action.c(285):     178 103.452-219.178 196.384 0 54.356 26.301 119.233 96.438 119.233 49.096 0 91.178-26.301 
Action.c(285):     138.521-57.863l29.808-19.288h7.014c19.288 49.096 52.603 77.151 94.685 77.151 56.11 0 120.9
Action.c(285):     86-56.11 120.986-77.151v0zM1357.151 631.233c0 54.356-49.096 96.438-96.438 96.438-52.603 0-
Action.c(285):     63.123-42.082-63.123-87.671 0-47.342 38.575-98.192 91.178-119.233l45.589-17.534c7.014-3.50
Action.c(285):     7 12.274-5.26 14.027-5.26 3.507 0 7.014 5.26 7.014 14.027v119.233h1.753z",\n
Action.c(285):             "M1927.014 273.534c-59.616 0-106.959 19.288-154.301 63.123l-14.027 14.027c-3.507 3
Action.c(285):     .507-7.014 5.26-10.521 5.26s-5.26-1.753-5.26-7.014v-54.356c0-15.781-3.507-22.795-14.027-22
Action.c(285):     .795-12.274 0-36.822 31.562-96.438 61.37-36.822 15.781-64.877 17.534-64.877 35.068s22.795 
Action.c(285):     10.521 38.575 17.534c17.534 7.014 22.795 19.288 22.795 49.096v499.726c0 29.808-5.26 40.329
Action.c(285):     -28.055 47.342-29.808 10.521-52.603 0-52.603 24.548 0 10.521 7.014 15.781 22.795 15.781 19
Action.c(285):     .288 0 57.863-7.014 113.973-7.014 47.342 0 89.425 7.014 124.493 7.014 19.288 0 28.055-7.01
Action.c(285):     4 28.055-15.781 0-24.548-26.301-14.027-61.37-24.548-28.055-7.014-33.315-15.781-33.315-47.3
Action.c(285):     42v-157.808l7.014-3.507c36.822 15.781 75.397 24.548 119.233 24.548 166.575 0 282.301-117.4
Action.c(285):     79 282.301-277.041 1.753-145.534-96.438-247.233-224.438-247.233v0zM1855.123 766.247c-71.89
Action.c(285):      0-112.219-35.068-112.219-103.452v-205.151c0-73.644 35.068-108.712 112.219-108.712 108.712
Action.c(285):      0 182.356 78.904 182.356 206.904 0 122.74-73.644 210.411-182.356 210.411z",\n
Action.c(285):             "M3371.836 703.123c-7.014 0-22.795 21.041-42.082 21.041-10.521 0-17.534-14.027-17.
Action.c(285):     534-43.836v-571.616c0-28.055 5.26-54.356 5.26-75.397 0-14.027-5.26-21.041-17.534-21.041-8.
Action.c(285):     767 0-38.575 22.795-99.945 40.329-38.575 10.521-63.123 12.274-63.123 28.055 0 10.521 19.28
Action.c(285):     8 10.521 40.329 19.288 19.288 8.767 21.041 15.781 21.041 43.836v129.753c0 10.521-5.26 15.7
Action.c(285):     81-10.521 15.781h-3.507l-17.534-5.26c-21.041-7.014-54.356-12.274-92.932-12.274-159.562 0-2
Action.c(285):     82.301 117.479-282.301 271.781 0 150.795 108.712 254.247 252.493 254.247 92.932 0 142.027-
Action.c(285):     49.096 150.795-49.096 10.521 0 14.027 47.342 33.315 47.342 10.521 0 49.096-22.795 120.986-
Action.c(285):     43.836 21.041-5.26 35.068-7.014 35.068-33.315-0-8.767-7.014-15.781-12.274-15.781v0zM3200 6
Action.c(285):     40c0 77.151-5.26 108.712-85.918 108.712-120.986 0-194.63-78.904-194.63-206.904 0-142.027 7
Action.c(285):     7.151-236.712 173.589-236.712 94.685 0 108.712 54.356 108.712 164.822v170.082z",\n
Action.c(285):             "M2751.123 526.027c0 154.301-124.493 278.795-278.795 278.795s-278.795-124.493-278.
Action.c(285):     795-278.795c0-154.301 124.493-278.795 278.795-278.795s278.795 126.247 278.795 278.795z",\n
Action.c(285):             "M3450.74 128c-35.068 0-63.123-28.055-63.123-64.877 0-35.068 28.055-64.877 63.123-
Action.c(285):     64.877s64.877 28.055 64.877 64.877c0 36.822-28.055 64.877-64.877 64.877zM3450.74 10.521c-2
Action.c(285):     9.808 0-54.356 24.548-54.356 54.356s24.548 54.356 54.356 54.356c29.808 0 54.356-24.548 54.
Action.c(285):     356-54.356 0-31.562-24.548-54.356-54.356-54.356zM3468.274 101.699l-19.288-29.808h-12.274v2
Action.c(285):     9.808h-10.521v-73.644h29.808c12.274 0 24.548 8.767 24.548 22.795 0 15.781-14.027 21.041-19
Action.c(285):     .288 21.041l19.288 29.808h-12.274zM3456 36.822h-19.288v26.301h19.288c7.014 0 14.027-5.26 1
Action.c(285):     4.027-12.274 0-8.767-7.014-14.027-14.027-14.027z"\n
Action.c(285):           ],\n
Action.c(285):           "attrs": [\n
Action.c(285):             {\n
Action.c(285):               "fill": "rgb(99, 167, 10)"\n
Action.c(285):             },\n
Action.c(285):             {\n
Action.c(285):               "fill": "rgb(99, 167, 10)"\n
Action.c(285):             },\n
Action.c(285):             {\n
Action.c(285):               "fill": "rgb(99, 167, 10)"\n
Action.c(285):             },\n
Action.c(285):             {\n
Action.c(285):               "fill": "rgb(99, 167, 10)"\n
Action.c(285):             },\n
Action.c(285):             {\n
Action.c(285):               "fill": "rgb(99, 167, 10)"\n
Action.c(285):             },\n
Action.c(285):             {\n
Action.c(285):               "fill": "rgb(99, 167, 10)"\n
Action.c(285):             },\n
Action.c(285):             {\n
Action.c(285):               "fill": "rgb(99, 167, 10)"\n
Action.c(285):             },\n
Action.c(285):             {\n
Action.c(285):               "fill": "rgb(99, 167, 10)"\n
Action.c(285):             },\n
Action.c(285):             {\n
Action.c(285):               "fill": "rgb(99, 167, 10)"\n
Action.c(285):             },\n
Action.c(285):             {\n
Action.c(285):               "fill": "rgb(99, 167, 10)"\n
Action.c(285):             },\n
Action.c(285):             {\n
Action.c(285):               "fill": "rgb(99, 167, 10)"\n
Action.c(285):             },\n
Action.c(285):             {\n
Action.c(285):               "fill": "rgb(99, 167, 10)"\n
Action.c(285):             },\n
Action.c(285):             {\n
Action.c(285):               "fill": "rgb(99, 167, 10)"\n
Action.c(285):             },\n
Action.c(285):             {\n
Action.c(285):               "fill": "rgb(99, 167, 10)"\n
Action.c(285):             },\n
Action.c(285):             {\n
Action.c(285):               "fill": "rgb(99, 167, 10)"\n
Action.c(285):             },\n
Action.c(285):             {\n
Action.c(285):               "fill": "rgb(99, 167, 10)"\n
Action.c(285):             },\n
Action.c(285):             {\n
Action.c(285):               "fill": "rgb(51, 51, 51)"\n
Action.c(285):             },\n
Action.c(285):             {\n
Action.c(285):               "fill": "rgb(51, 51, 51)"\n
Action.c(285):             },\n
Action.c(285):             {\n
Action.c(285):               "fill": "rgb(54, 54, 54)"\n
Action.c(285):             },\n
Action.c(285):             {\n
Action.c(285):               "fill": "rgb(51, 51, 51)"\n
Action.c(285):             },\n
Action.c(285):             {\n
Action.c(285):               "fill": "rgb(51, 51, 51)"\n
Action.c(285):             },\n
Action.c(285):             {\n
Action.c(285):               "fill": "rgb(94, 160, 0)"\n
Action.c(285):             },\n
Action.c(285):             {\n
Action.c(285):               "fill": "rgb(51, 51, 51)"\n
Action.c(285):             }\n
Action.c(285):           ],\n
Action.c(285):           "isMulticolor": true,\n
Action.c(285):           "width": 9635,\n
Action.c(285):           "grid": 32,\n
Action.c(285):           "tags": [\n
Action.c(285):             "peapod-logo-business-2c"\n
Action.c(285):           ],\n
Action.c(285):           "defaultCode": 59836\n
Action.c(285):         },\n
Action.c(285):         {\n
Action.c(285):           "paths": [\n
Action.c(285):             "M6097.455 816.977c-20.841 0-37.514-16.673-37.514-37.514s16.673-37.514 37.514-37.5
Action.c(285):     14c20.841 0 37.514 16.673 37.514 37.514 0 20.147-16.673 37.514-37.514 37.514zM6097.455 746
Action.c(285):     .811c-18.062 0-31.957 14.589-31.957 31.957s13.894 31.957 31.957 31.957c17.368 0 31.957-14.
Action.c(285):     589 31.957-31.957s-14.589-31.957-31.957-31.957zM6107.181 800.999l-11.115-17.368h-7.642v17.
Action.c(285):     368h-6.252v-43.767h17.368c6.947 0 13.894 4.863 13.894 13.199 0 9.726-8.336 12.505-11.115 1
Action.c(285):     2.505l11.81 17.368h-6.947zM6100.234 762.79h-11.81v15.284h11.81c3.474 0 7.642-2.779 7.642-7
Action.c(285):     .642 0.695-4.863-3.474-7.642-7.642-7.642z",\n
Action.c(285):             "M300.114 83.365c-61.134 0-106.29 3.474-136.858 3.474h-25.704c-65.303 0-100.733-3.
Action.c(285):     474-106.985-3.474-17.368 0-26.399 5.558-26.399 15.284 0 20.147 22.231 13.199 57.661 20.147
Action.c(285):      29.872 5.558 33.346 15.284 33.346 50.714v498.801c0 52.798 0 68.776-40.988 76.418-28.483 5
Action.c(285):     .558-52.798-2.084-52.798 18.757 0 11.115 9.726 17.368 28.483 17.368s61.829-7.642 125.742-7
Action.c(285):     .642c69.471 0 112.543 7.642 130.605 7.642 18.757 0 28.483-6.947 28.483-17.368 0-20.841-24.
Action.c(285):     315-13.199-52.103-18.757-42.377-9.031-42.377-24.315-42.377-77.807v-166.035c0-14.589 3.474-
Action.c(285):     23.62 13.199-22.231 7.642 0.695 45.851 26.399 127.132 13.199 97.259-15.978 180.624-95.87 1
Action.c(285):     80.624-204.939 0-132.689-81.976-203.55-241.064-203.55v0zM292.472 453.645c-40.988 0-72.25-1
Action.c(285):     2.505-72.25-41.682v-242.453c0-42.377 9.726-54.187 63.913-54.187 68.776 0 125.742 69.471 12
Action.c(285):     5.742 166.035 0.695 88.923-48.63 172.288-117.406 172.288v0z",\n
Action.c(285):             "M686.372 496.022
Action.c(285): t=48107ms: 12288-byte DECODED response body for "https://stage.peapod.com/shop/images/icons/PeapodIcons.json" (RelFrameId=1, Internal ID=25)
Action.c(285):     h295.251c33.346 0 46.545-4.168 46.545-24.315 0-90.312-76.418-198.687-212.581-198.687-159.0
Action.c(285):     88 0-267.463 106.29-267.463 264.684 0 159.088 99.343 263.989 252.179 263.989 79.891 0 139.
Action.c(285):     636-25.704 188.961-69.471 24.315-20.841 35.43-38.904 35.43-50.019 0-9.031-3.474-12.505-11.
Action.c(285):     115-12.505-9.031 0-55.577 64.608-158.393 64.608-117.406 0-184.792-97.954-184.792-211.191v-
Action.c(285):     9.031c0-15.284 2.084-17.368 15.978-18.062v0zM680.814 450.171l2.779-18.062c14.589-58.355 31
Action.c(285):     .957-127.132 133.384-127.132 79.891 0 89.617 60.44 89.617 100.038 0 62.524-31.957 57.661-1
Action.c(285):     19.49 57.661h-89.617c-11.115 0-16.673-3.474-16.673-9.031l0-3.474z",\n
Action.c(285):             "M1574.904 721.107c0-9.726-5.558-16.673-15.284-16.673-16.673 0-33.346 24.315-54.18
Action.c(285):     7 24.315-27.788 0-34.041-25.704-34.041-72.944v-256.347c0-91.701-22.231-127.132-134.079-127
Action.c(285):     .132-147.973 0-251.484 88.228-251.484 154.92 0 11.115 11.115 20.147 26.399 20.147 54.187 0
Action.c(285):      71.555-27.788 93.786-67.387 25.704-46.545 48.63-72.944 96.564-72.944 45.156 0 55.577 25.7
Action.c(285):     04 55.577 88.228v47.935c0 15.284-1.389 20.841-15.284 26.399l-35.43 14.589c-141.72 55.577-2
Action.c(285):     18.833 104.206-218.833 196.602 0 54.187 27.094 119.49 97.259 119.49 50.019 0 90.312-25.704
Action.c(285):      138.247-57.661l29.872-20.147h7.642c20.147 48.63 53.493 77.807 94.48 77.807 53.493-0.695 1
Action.c(285):     18.795-58.355 118.795-79.197v0zM1358.849 631.49c0 54.882-48.63 97.259-96.564 97.259-52.103
Action.c(285):      0-63.218-40.988-63.218-87.533 0-47.935 38.904-97.954 91.701-118.795l46.545-18.062c6.252-3
Action.c(285):     .474 12.505-4.168 14.589-4.168 3.474 0 6.947 4.168 6.947 13.199v118.1h0z",\n
Action.c(285):             "M1930.594 273.020c-59.745 0-106.985 20.147-154.92 63.218l-14.589 13.199c-4.168 4.
Action.c(285):     168-7.642 5.558-9.726 5.558-3.474 0-5.558-2.084-5.558-7.642v-54.187c0-15.284-4.168-22.925-
Action.c(285):     13.894-22.925-12.505 0-37.514 31.262-97.259 61.134-36.82 18.757-63.218 20.147-63.218 37.51
Action.c(285):     4s22.231 11.115 38.904 18.062c17.368 7.642 22.231 20.147 22.231 50.019v500.19c0 29.872-5.5
Action.c(285):     58 39.598-29.178 47.24-29.872 9.726-52.103 0-52.103 24.315 0 9.726 7.642 16.673 22.925 16.
Action.c(285):     673 18.757 0 58.355-7.642 115.322-7.642 47.24 0 89.617 7.642 125.047 7.642 18.757 0 27.788
Action.c(285):     -7.642 27.788-16.673 0-24.315-25.704-14.589-61.829-24.315-27.788-7.642-33.346-16.673-33.34
Action.c(285):     6-47.24v-157.004l7.642-3.474c37.514 16.673 76.418 25.009 119.49 25.009 166.73 0 282.052-11
Action.c(285):     7.406 282.052-277.189 0-148.668-98.649-251.484-225.78-251.484v0zM1859.039 767.653c-72.25 0
Action.c(285):     -111.848-35.43-111.848-104.206v-205.634c0-74.334 35.43-109.764 111.848-109.764 108.374 0 1
Action.c(285):     82.014 79.891 182.014 207.023 0 125.047-73.639 212.581-182.014 212.581z",\n
Action.c(285):             "M3377.672 703.739c-7.642 0-22.231 20.841-41.682 20.841-11.115 0-17.368-14.589-17.
Action.c(285):     368-44.461v-571.745c0-28.483 4.168-54.187 4.168-75.028 0-14.589-4.168-20.841-16.673-20.841
Action.c(285):     -9.031 0-38.904 22.231-100.733 39.598-38.904 11.115-63.218 12.505-63.218 28.483 0 11.115 1
Action.c(285):     8.757 9.726 40.988 20.147 18.757 9.031 20.841 15.284 20.841 43.072v130.605c0 11.115-4.863 
Action.c(285):     16.673-10.421 16.673h-3.474l-17.368-5.558c-20.841-6.252-54.187-12.505-93.091-12.505-160.47
Action.c(285):     8 0-282.052 117.406-282.052 272.326 0 150.057 108.374 255.653 253.569 255.653 93.091 0 142
Action.c(285):     .415-50.019 150.057-50.019 11.115 0 13.199 47.935 33.346 47.935 11.115 0 50.019-22.925 120
Action.c(285):     .879-43.072 20.841-5.558 34.041-7.642 34.041-33.346 0-11.115-6.252-18.757-11.81-18.757v0zM
Action.c(285):     3206.079 640.521c0 77.113-5.558 109.069-86.144 109.069-121.574 0-195.908-78.502-195.908-20
Action.c(285):     7.718 0-142.415 77.113-236.896 173.677-236.896 95.175 0 108.374 54.187 108.374 166.035v169
Action.c(285):     .509z",\n
Action.c(285):             "M2755.908 527.284c0 154.225-125.047 278.578-278.578 278.578s-278.578-124.353-278.
Action.c(285):     578-278.578c0-153.531 124.353-278.578 278.578-278.578s278.578 125.047 278.578 278.578z",\n
Action.c(285):             "M3457.563 128.521c-35.43 0-63.913-28.483-63.913-63.913s28.483-63.913 63.913-63.91
Action.c(285):     3c35.43 0 63.913 28.483 63.913 63.913 0 34.735-28.483 63.913-63.913 63.913zM3457.563 9.726
Action.c(285):     c-30.567 0-54.187 24.315-54.187 54.187s24.315 54.187 54.187 54.187c29.872 0 54.187-24.315 
Action.c(285):     54.187-54.187s-24.315-54.187-54.187-54.187zM3474.931 100.733l-18.757-29.178h-12.505v29.178
Action.c(285):     h-10.421v-72.944h29.872c12.505 0 23.62 9.031 23.62 22.231 0 15.978-14.589 21.536-18.757 21
Action.c(285):     .536l19.452 29.178h-12.505zM3462.426 36.82h-19.452v25.704h19.452c6.252 0 13.199-4.863 13.1
Action.c(285):     99-12.505 0.695-8.336-6.252-13.199-13.199-13.199z",\n
Action.c(285):             "M5005.373 332.071l17.368 36.125 176.456 378.616c1.389 2.084-1.389 2.779-5.558 2.7
Action.c(285):     79h-287.609v-124.353h98.649l-75.028-175.761-120.185 300.114h-141.026c0 0 171.593-397.373 1
Action.c(285):     88.266-420.993 18.757-27.788 56.271-43.767 88.923-36.82 24.315 4.863 47.935 19.452 59.745 
Action.c(285):     40.293z",\n
Action.c(285):             "M5411.083 334.155l144.499 216.054v-248.011h546.735v125.047h-136.858v320.261h-137.
Action.c(285):     552v-324.429h-147.278c0.695 106.985 0.695 324.429 0.695 324.429h-145.889l-166.035-251.484v
Action.c(285):     251.484h-125.047v-352.217c0-21.536 9.726-63.218 35.43-85.449 20.147-16.673 54.882-27.788 8
Action.c(285):     9.617-12.505 15.284 7.642 32.651 20.841 41.682 36.82z",\n
Action.c(285):             "M4430.155 357.775v141.026l-263.294 0.695c-23.62 0-50.019 29.872-61.134 54.187-6.9
Action.c(285):     47 18.757-9.726 44.461-2.084 63.218 0 0 2.084 5.558 4.863 5.558h116.711v-106.29h143.11l60.
Action.c(285):     44 60.44v243.148h-270.936c-24.315 0-96.564-27.094-127.826-54.882-31.262-27.094-109.069-93.
Action.c(285):     786-131.3-182.014-24.315-97.259 15.284-191.739 75.723-239.674 40.293-31.957 73.639-46.545 
Action.c(285):     127.132-47.24h268.157l60.44 61.829z",\n
Action.c(285):             "M4361.379 427.246h-248.706c-31.957 0-73.639 45.156-79.197 87.533-5.558 37.514 27.
Action.c(285):     788 115.322 71.555 115.322h128.521v-105.596h125.742v226.475l-272.326-0.695c-75.723-6.947-1
Action.c(285):     50.752-72.944-175.066-149.362-25.704-78.502-12.505-172.982 54.187-239.674 47.935-45.156 95
Action.c(285):     .175-59.050 154.225-56.966h240.369l0.695 122.963z",\n
Action.c(285):             "M4464.196 302.198h139.636v451.56h-139.636v-451.56z",\n
Action.c(285):             "M5006.068 319.566l67.387 70.166 161.867 338.323v-311.229c0 0-1.389-9.726 1.389-40
Action.c(285):     .293 2.779-29.872 22.231-64.608 48.63-79.197 23.62-17.368 65.303-18.062 90.312-4.863 38.90
Action.c(285):     4 21.536 64.608 56.966 97.954 84.754l72.944 111.153v-193.824h561.324l59.050 62.524v141.026
Action.c(285):     h-135.468v323.039h-154.225l-58.355-59.745v-265.379h-70.86v325.123c0 0-166.035 0-166.035 0s
Action.c(285):     -56.966-72.25-56.966-72.25l-88.228-132.689v203.55h-142.415l-26.399-23.62c0.695 8.336 6.252
Action.c(285):      16.673 6.947 25.704h-323.039l-53.493-53.493c0 0-24.315 53.493-23.62 53.493s-164.646 0-164
Action.c(285):     .646 0l-35.43-31.957v31.262h-159.783l-59.050-59.050v-467.539h155.615l63.913 65.997v352.217
Action.c(285):     l135.468-306.366c22.925-39.598 29.872-91.701 76.418-111.848 38.904-22.925 89.617-9.031 118
Action.c(285):     .795 25.009zM4987.311 614.817l-15.284-31.262-13.199 31.262h28.483z",\n
Action.c(285):             "M4429.46 358.469v141.72h-262.6c-23.62 0-50.019 29.872-61.134 54.187-6.947 18.757-
Action.c(285):     9.726 44.461-2.084 63.218 0 0 2.084 5.558 4.863 5.558h116.711v-105.596h143.11l60.44 60.44v
Action.c(285):     243.148h-270.936c-24.315 0-96.564-27.094-127.826-54.882-31.262-27.094-109.069-93.786-131.3
Action.c(285):     -182.014-24.315-97.259 15.284-191.739 75.723-239.674 40.293-31.957 73.639-46.545 127.132-4
Action.c(285):     6.545h268.157l59.745 60.44z",\n
Action.c(285):             "M5005.373 332.765l17.368 36.125 176.456 378.616c1.389 2.084-1.389 2.779-5.558 2.7
Action.c(285):     79h-287.609v-123.658h99.343l-75.028-175.761-120.185 299.419h-141.72c0 0 171.593-397.373 18
Action.c(285):     8.961-420.993 18.757-27.788 56.271-43.767 88.923-36.82 23.62 5.558 46.545 19.452 59.050 40
Action.c(285):     .293z",\n
Action.c(285):             "M5410.388 334.849l144.499 216.054v-248.011h546.735v125.047h-136.858v320.261h-137.
Action.c(285):     552v-324.429h-147.278c0.695 106.985 0.695 324.429 0.695 324.429h-145.889l-166.035-251.484v
Action.c(285):     251.484h-125.047v-351.522c0-22.231 9.726-63.218 35.43-85.449 20.147-16.673 54.882-27.094 8
Action.c(285):     9.617-12.505 15.284 6.947 33.346 20.841 41.682 36.125z",\n
Action.c(285):             "M4360.684 428.635h-248.706c-31.957 0-73.639 45.851-79.197 87.533-5.558 37.514 27.
Action.c(285):     788 115.322 71.555 115.322h128.521v-105.596h125.742v226.475l-272.326-0.695c-75.723-6.947-1
Action.c(285):     50.752-72.944-175.066-149.362-25.704-78.502-12.505-172.982 54.187-239.674 47.935-45.156 95
Action.c(285):     .175-59.050 154.225-56.966h240.369l0.695 122.963z",\n
Action.c(285):             "M4464.196 302.893h139.636v451.56h-139.636v-451.56z",\n
Action.c(285):             "M3514.529 539.788h34.735v77.113h0.695c6.252-15.284 20.841-25.009 39.598-25.009 26
Action.c(285):     .399 0 53.493 11.81 53.493 88.923 0 59.745-15.978 93.786-56.966 93.786-25.009 0-33.346-14.
Action.c(285):     589-38.209-25.704h-0.695v21.536h-32.651l-0-230.643zM3577.053 746.811c24.315 0 29.178-25.00
Action.c(285):     9 29.178-63.913 0-46.545-6.947-63.218-27.094-63.218-27.094 0-31.957 23.62-31.957 65.303 0.
Action.c(285):     695 37.514 5.558 61.829 29.872 61.829z",\n
Action.c(285):             "M3689.596 596.754l29.872 130.605h0.695l27.788-130.605h36.82l-47.935 179.929c-13.8
Action.c(285):     94 47.24-25.009 53.493-60.44 52.798-4.863 0-9.031-0.695-13.894-1.389v-27.788c4.168 0.695 7
Action.c(285):     .642 1.389 11.115 1.389 11.81 0 19.452-2.779 23.62-13.894l4.863-13.894-49.324-177.845 36.8
Action.c(285):     2 0.695z",\n
Action.c(285):             "M2755.213 527.284c0 154.225-125.047 278.578-278.578 278.578s-278.578-124.353-278.
Action.c(285):     578-278.578c0-153.531 124.353-278.578 278.578-278.578s278.578 125.047 278.578 278.578z"\n
Action.c(285):           ],\n
Action.c(285):           "attrs": [\n
Action.c(285):             {\n
Action.c(285):               "fill": "rgb(51, 51, 51)"\n
Action.c(285):             },\n
Action.c(285):             {\n
Action.c(285):               "fill": "rgb(51, 51, 51)"\n
Action.c(285):             },\n
Action.c(285):             {\n
Action.c(285):               "fill": "rgb(51, 51, 51)"\n
Action.c(285):             },\n
Action.c(285):             {\n
Action.c(285):               "fill": "rgb(54, 54, 54)"\n
Action.c(285):             },\n
Action.c(285):             {\n
Action.c(285):               "fill": "rgb(51, 51, 51)"\n
Action.c(285):             },\n
Action.c(285):             {\n
Action.c(285):               "fill": "rgb(51, 51, 51)"\n
Action.c(285):             },\n
Action.c(285):             {\n
Action.c(285):               "fill": "rgb(94, 160, 0)"\n
Action.c(285):             },\n
Action.c(285):             {\n
Action.c(285):               "fill": "rgb(51, 51, 51)"\n
Action.c(285):             },\n
Action.c(285):             {\n
Action.c(285):               "fill": "rgb(255, 255, 255)"\n
Action.c(285):             },\n
Action.c(285):             {\n
Action.c(285):               "fill": "rgb(255, 255, 255)"\n
Action.c(285):             },\n
Action.c(285):             {\n
Action.c(285):               "fill": "rgb(255, 255, 255)"\n
Action.c(285):             },\n
Action.c(285):             {\n
Action.c(285):               "fill": "rgb(255, 255, 255)"\n
Action.c(285):             },\n
Action.c(285):             {\n
Action.c(285):               "fill": "rgb(255, 255, 255)"\n
Action.c(285):             },\n
Action.c(285):             {\n
Action.c(285):               "fill": "rgb(51, 51, 51)"\n
Action.c(285):             },\n
Action.c(285):             {\n
Action.c(285):               "fill": "rgb(51, 51, 51)"\n
Action.c(285):             },\n
Action.c(285):             {\n
Action.c(285):               "fill": "rgb(239, 62, 66)"\n
Action.c(285):             },\n
Action.c(285):             {\n
Action.c(285):               "fill": "rgb(239, 62, 66)"\n
Action.c(285):             },\n
Action.c(285):             {\n
Action.c(285):               "fill": "rgb(239, 62, 66)"\n
Action.c(285):             },\n
Action.c(285):             {\n
Action.c(285):               "fill": "rgb(239, 62, 66)"\n
Action.c(285):             },\n
Action.c(285):             {\n
Action.c(285):               "fill": "rgb(51, 51, 51)"\n
Action.c(285):             },\n
Action.c(285):             {\n
Action.c(285):               "fill": "rgb(51, 51, 51)"\n
Action.c(285):             },\n
Action.c(285):             {\n
Action.c(285):               "fill": "rgb(94, 161, 0)"\n
Action.c(285):             }\n
Action.c(285):           ],\n
Action.c(285):           "isMulticolor": true,\n
Action.c(285):           "width": 6168,\n
Action.c(285):           "grid": 32,\n
Action.c(285):           "tags": [\n
Action.c(285):             "peapod-logo-giant-carlisle"\n
Action.c(285):           ],\n
Action.c(285):           "defaultCode": 59859\n
Action.c(285):         },\n
Action.c(285):         {\n
Action.c(285):           "paths": [\n
Action.c(285):             "M3883.419 706.518c-0.695-2.084-1.389-4.168-1.389-6.947 0-9.031 7.642-16.673 16.67
Action.c(285):     3-16.673v0h639.826c9.031 0 16.673 7.642 16.673 16.673 0 2.779-0.695 4.863-1.389 6.947v0c-6
Action.c(285):     0.44 124.353-187.571 209.802-334.849 209.802-147.973 0-275.104-86.144-335.544-209.802v0z",
Action.c(285):     \n
Action.c(285):             "M3959.837 277.883c0.695-1.389 1.389-2.779 2.779-4.168 4.863-4.863 13.199-4.863 18
Action.c(285):     .062 0v0l340.407 340.407c4.863 4.863 4.863 13.199 0 18.062-1.389 1.389-2.779 2.084-4.168 2
Action.c(285):     .779v0c-97.954 34.041-211.886 11.81-289.693-66.692-79.891-78.502-102.122-192.434-67.387-29
Action.c(285):     0.388v0z",\n
Action.c(285):             "M6000.196 475.18c20.841 0 39.598 14.589 39.598 38.209s-18.757 38.209-39.598 38.20
Action.c(285):     9-38.904-15.284-38.904-38.209c-0.695-23.62 18.062-38.209 38.904-38.209zM6000.196 543.262c1
Action.c(285):     5.978 0 29.178-12.505 29.178-29.872s-13.199-29.872-29.178-29.872-28.483 12.505-28.483 29.8
Action.c(285):     72c-0.695 17.368 11.81 29.872 28.483 29.872zM5984.912 491.853h15.978c10.421 0 16.673 3.474
Action.c(285):      16.673 12.505 0 7.642-4.863 11.115-11.115 11.115l11.115 18.757h-8.336l-10.421-18.062h-5.5
Action.c(285):     58v18.062h-8.336v-42.377zM5993.248 509.221h7.642c4.863 0 8.336-0.695 8.336-6.252 0-4.863-4
Action.c(285):     .863-5.558-9.031-5.558h-6.947v11.81h-0z",\n
Action.c(285):             "M5065.118 741.254c-48.63 24.315-102.122 37.514-156.309 37.514-134.079 0-223.696-8
Action.c(285):     5.449-223.696-209.802 0-118.1 89.617-213.97 234.117-213.97 43.767 0 82.67 8.336 124.353 21
Action.c(285):     .536v69.471c-20.147-11.115-61.134-34.735-118.795-34.735-93.091 0-161.172 63.913-161.172 15
Action.c(285):     5.615 0 86.839 59.050 156.309 152.836 156.309 42.377 0 65.997-11.81 78.502-18.062l1.389-92
Action.c(285):     .396h-103.512l34.041-55.577h142.415l-4.168 184.098z",\n
Action.c(285):             "M5187.387 392.51c0 20.841-16.673 34.041-36.125 34.041-18.757 0-35.43-13.894-35.43
Action.c(285):     -34.041s16.673-34.041 35.43-34.041c18.757-0.695 36.125 12.505 36.125 34.041zM5185.303 769.
Action.c(285):     737h-66.692v-283.441h66.692v283.441z",\n
Action.c(285):             "M5458.323 769.737c-3.474-12.505-4.863-16.673-4.863-73.639v-113.932c-0.695-24.315-
Action.c(285):     0.695-52.798-23.62-75.723-24.315-24.315-59.745-26.399-80.586-26.399-26.399 0-53.493 5.558-
Action.c(285):     69.471 9.031l-34.735 59.745c24.315-9.726 52.798-20.147 84.060-20.147 50.714 0 59.745 27.09
Action.c(285):     4 59.745 69.471-14.589-2.084-22.231-2.084-36.125-2.084-25.704 0-52.798 4.168-74.334 13.894
Action.c(285):     -29.872 12.505-55.577 39.598-55.577 81.976 0 36.125 18.062 54.882 27.788 62.524 15.284 13.
Action.c(285):     199 38.209 22.23
Action.c(285): t=48150ms: 12288-byte DECODED response body for "https://stage.peapod.com/shop/images/icons/PeapodIcons.json" (RelFrameId=1, Internal ID=25)
Action.c(285):     1 72.25 22.231 15.978 0 39.598-3.474 69.471-13.199 0.695 2.084 0.695 4.168 1.389 6.252l64.
Action.c(285):     608 0zM5290.898 689.151c0-18.062 10.421-36.125 34.041-43.767 6.947-2.084 18.757-4.863 45.1
Action.c(285):     56-4.863 5.558 0 11.81 0.695 18.062 1.389v74.334c-10.421 4.863-29.872 13.199-50.019 13.199
Action.c(285):     -35.43-0-47.24-20.841-47.24-40.293z",\n
Action.c(285):             "M5910.578 772.516c-8.336 1.389-18.062 4.168-34.041 4.168s-38.904-2.084-56.271-21.
Action.c(285):     536c-17.368-19.452-17.368-39.598-16.673-64.608l1.389-154.92h-36.82v-48.63h37.514v-53.493l6
Action.c(285):     5.997-20.841v73.639h63.218v48.63h-64.608v123.658c0 30.567 0 43.072 6.947 53.493 4.863 7.64
Action.c(285):     2 15.978 15.284 34.735 15.284 12.505 0 25.704-3.474 37.514-7.642l-38.904 52.798z",\n
Action.c(285):             "M5748.711 769.737h-66.692v-143.11c-0.695-44.461-0.695-66.692-19.452-82.67-7.642-6
Action.c(285):     .252-20.147-11.81-38.904-11.81-18.062 0-34.041 4.863-52.798 17.368v220.223h-68.081v-282.05
Action.c(285):     2h68.081v52.798l-15.978-31.957c0 0 24.315-12.505 38.904-18.062 11.81-4.168 36.125-9.726 56
Action.c(285):     .271-9.726 17.368 0 47.24 2.084 70.86 23.62 26.399 24.315 27.094 53.493 27.094 77.807l0.69
Action.c(285):     5 187.571z",\n
Action.c(285):             "M4310.665 184.792c1.389-0.695 2.779-0.695 3.474-0.695 5.558 0 9.726 4.168 9.726 9
Action.c(285):     .726v0 359.164c0 5.558-4.168 9.726-9.726 9.726-1.389 0-2.779 0-3.474-0.695v0c-69.471-34.04
Action.c(285):     1-118.1-105.596-118.1-188.266 0-83.365 48.63-154.92 118.1-188.961v0z",\n
Action.c(285):             "M4553.118 384.868c0.695 0.695 2.084 0.695 2.779 1.389 2.779 2.779 2.779 7.642 0 1
Action.c(285):     0.421v0l-193.129 192.434c-2.779 2.779-7.642 2.779-10.421 0-0.695-0.695-1.389-1.389-1.389-2
Action.c(285):     .779v0c-19.452-55.577-6.947-119.49 37.514-163.951 45.156-43.767 109.069-56.966 164.646-37.
Action.c(285):     514v0z",\n
Action.c(285):             "M3514.529 539.788h34.735v77.113h0.695c6.252-15.284 20.841-25.009 39.598-25.009 26
Action.c(285):     .399 0 53.493 11.81 53.493 88.923 0 59.745-15.978 93.786-56.966 93.786-25.009 0-33.346-14.
Action.c(285):     589-38.209-25.704h-0.695v21.536h-32.651v-230.643zM3577.053 746.811c24.315 0 29.178-25.009 
Action.c(285):     29.178-63.913 0-46.545-6.947-63.218-27.094-63.218-27.094 0-31.957 23.62-31.957 65.303 0.69
Action.c(285):     5 37.514 5.558 61.829 29.872 61.829z",\n
Action.c(285):             "M3689.596 596.754l29.872 130.605h0.695l27.788-130.605h36.82l-47.935 179.929c-13.8
Action.c(285):     94 47.24-25.009 53.493-60.44 52.798-4.863 0-9.031-0.695-13.894-1.389v-27.788c4.168 0.695 7
Action.c(285):     .642 1.389 11.115 1.389 11.81 0 19.452-2.779 23.62-13.894l4.863-13.894-49.324-177.845 36.8
Action.c(285):     2 0.695z",\n
Action.c(285):             "M2755.213 527.284c0 154.225-125.047 278.578-278.578 278.578s-278.578-124.353-278.
Action.c(285):     578-278.578c0-153.531 124.353-278.578 278.578-278.578s278.578 125.047 278.578 278.578z",\n
Action.c(285):             "M299.419 83.365c-61.134 0-106.29 3.474-136.858 3.474h-25.704c-65.303 0-100.038-3.
Action.c(285):     474-106.985-3.474-17.368 0-26.399 5.558-26.399 15.284 0 20.147 22.231 13.199 57.661 20.147
Action.c(285):      29.872 5.558 33.346 15.284 33.346 50.714v498.801c0 52.798 0 68.776-40.988 76.418-28.483 5
Action.c(285):     .558-52.798-2.084-52.798 18.757 0 11.115 9.726 17.368 28.483 17.368s61.829-7.642 125.742-7
Action.c(285):     .642c69.471 0 112.543 7.642 130.605 7.642 18.757 0 28.483-6.947 28.483-17.368 0-20.841-24.
Action.c(285):     315-13.199-52.103-18.757-42.377-9.031-42.377-24.315-42.377-77.807v-166.035c0-14.589 3.474-
Action.c(285):     23.62 13.199-22.231 7.642 0.695 45.851 26.399 127.132 13.199 97.259-15.978 180.624-95.87 1
Action.c(285):     80.624-204.939 0-132.689-81.281-203.55-241.064-203.55v0zM291.777 453.645c-40.988 0-72.25-1
Action.c(285):     2.505-72.25-41.682v-242.453c0-42.377 9.726-54.187 63.913-54.187 68.776 0 125.742 69.471 12
Action.c(285):     5.742 166.035 1.389 88.923-48.63 172.288-117.406 172.288v0z",\n
Action.c(285):             "M685.677 496.022h295.251c33.346 0 46.545-4.168 46.545-24.315 0-90.312-76.418-198.
Action.c(285):     687-212.581-198.687-159.088 0-267.463 106.29-267.463 264.684 0 159.088 99.343 263.989 252.
Action.c(285):     179 263.989 79.891 0 139.636-25.704 188.961-69.471 24.315-20.841 35.43-38.904 35.43-50.019
Action.c(285):      0-9.031-3.474-12.505-11.115-12.505-9.031 0-55.577 64.608-158.393 64.608-117.406 0-184.792
Action.c(285):     -97.954-184.792-211.191v-9.031c0.695-15.284 2.779-17.368 15.978-18.062v0zM680.119 450.171l
Action.c(285):     2.779-18.062c14.589-58.355 31.957-127.132 133.384-127.132 79.891 0 89.617 60.44 89.617 100
Action.c(285):     .038 0 62.524-31.957 57.661-119.49 57.661h-89.617c-11.115 0-16.673-3.474-16.673-9.031l0-3.
Action.c(285):     474z",\n
Action.c(285):             "M1574.209 721.107c0-9.726-5.558-16.673-15.284-16.673-16.673 0-33.346 24.315-54.18
Action.c(285):     7 24.315-27.788 0-34.041-25.704-34.041-72.944v-256.347c0-91.701-22.231-127.132-134.079-127
Action.c(285):     .132-147.973 0-251.484 88.228-251.484 154.92 0 11.115 11.115 20.147 26.399 20.147 54.187 0
Action.c(285):      71.555-27.788 93.786-67.387 25.704-46.545 48.63-72.944 96.564-72.944 45.156 0 55.577 25.7
Action.c(285):     04 55.577 88.228v47.935c0 15.284-1.389 20.841-15.284 26.399l-35.43 14.589c-141.72 55.577-2
Action.c(285):     18.833 104.206-218.833 196.602 0 54.187 27.094 119.49 97.259 119.49 50.019 0 90.312-25.704
Action.c(285):      138.247-57.661l29.872-20.147h7.642c20.147 48.63 53.493 77.807 94.48 77.807 53.493-0.695 1
Action.c(285):     18.795-58.355 118.795-79.197v0zM1358.849 631.49c0 54.882-48.63 97.259-96.564 97.259-52.103
Action.c(285):      0-63.218-40.988-63.218-87.533 0-47.935 38.904-97.954 91.701-118.795l46.545-18.062c6.252-3
Action.c(285):     .474 12.505-4.168 14.589-4.168 3.474 0 6.947 4.168 6.947 13.199v118.1h0z",\n
Action.c(285):             "M1930.594 273.020c-59.745 0-106.985 20.147-154.92 63.218l-14.589 13.199c-4.168 4.
Action.c(285):     168-7.642 5.558-9.726 5.558-3.474 0-5.558-2.084-5.558-7.642v-54.187c0-15.284-4.168-22.925-
Action.c(285):     13.894-22.925-12.505 0-37.514 31.262-97.259 61.134-36.82 18.757-63.218 20.147-63.218 37.51
Action.c(285):     4s22.231 11.115 38.904 18.062c17.368 7.642 22.231 20.147 22.231 50.019v500.19c0 29.872-5.5
Action.c(285):     58 39.598-29.178 47.24-29.872 9.726-52.103 0-52.103 24.315 0 9.726 7.642 16.673 22.925 16.
Action.c(285):     673 18.757 0 58.355-7.642 115.322-7.642 47.24 0 89.617 7.642 125.047 7.642 18.757 0 27.788
Action.c(285):     -7.642 27.788-16.673 0-24.315-25.704-14.589-61.829-24.315-27.788-7.642-33.346-16.673-33.34
Action.c(285):     6-47.24v-157.004l7.642-3.474c37.514 16.673 76.418 25.009 119.49 25.009 166.73 0 282.052-11
Action.c(285):     7.406 282.052-277.189-0.695-148.668-98.649-251.484-225.78-251.484v0zM1858.345 767.653c-72.
Action.c(285):     25 0-111.848-35.43-111.848-104.206v-205.634c0-74.334 35.43-109.764 111.848-109.764 108.374
Action.c(285):      0 182.014 79.891 182.014 207.023 0.695 125.047-73.639 212.581-182.014 212.581z",\n
Action.c(285):             "M3376.977 703.739c-7.642 0-22.231 20.841-41.682 20.841-11.115 0-17.368-14.589-17.
Action.c(285):     368-44.461v-571.745c0-28.483 4.168-54.187 4.168-75.028 0-14.589-4.168-20.841-16.673-20.841
Action.c(285):     -9.031 0-38.904 22.231-100.733 39.598-38.904 11.115-63.218 12.505-63.218 28.483 0 11.115 1
Action.c(285):     8.757 9.726 40.988 20.147 18.757 9.031 20.841 15.284 20.841 43.072v130.605c0 11.115-4.863 
Action.c(285):     16.673-10.421 16.673h-3.474l-17.368-5.558c-20.841-6.252-54.187-12.505-93.091-12.505-160.47
Action.c(285):     8 0-282.052 117.406-282.052 272.326 0 150.057 108.374 255.653 253.569 255.653 93.091 0 142
Action.c(285):     .415-50.019 150.057-50.019 11.115 0 13.199 47.935 33.346 47.935 11.115 0 50.019-22.925 120
Action.c(285):     .879-43.072 20.841-5.558 34.041-7.642 34.041-33.346 0.695-11.115-6.252-18.757-11.81-18.757
Action.c(285):     v0zM3206.079 640.521c0 77.113-5.558 109.069-86.144 109.069-121.574 0-195.908-78.502-195.90
Action.c(285):     8-207.718 0-142.415 77.113-236.896 173.677-236.896 95.175 0 108.374 54.187 108.374 166.035
Action.c(285):     v169.509z",\n
Action.c(285):             "M3456.868 128.521c-35.43 0-63.913-28.483-63.913-63.913s28.483-63.913 63.913-63.91
Action.c(285):     3c35.43 0 63.913 28.483 63.913 63.913 0 34.735-28.483 63.913-63.913 63.913zM3456.868 9.726
Action.c(285):     c-30.567 0-54.187 24.315-54.187 54.187s24.315 54.187 54.187 54.187c29.872 0 54.187-24.315 
Action.c(285):     54.187-54.187s-24.315-54.187-54.187-54.187zM3474.236 100.733l-18.757-29.178h-12.505v29.178
Action.c(285):     h-10.421v-72.944h29.872c12.505 0 23.62 9.031 23.62 22.231 0 15.978-14.589 21.536-18.757 21
Action.c(285):     .536l19.452 29.178h-12.505zM3462.426 36.82h-19.452v25.704h19.452c6.252 0 13.199-4.863 13.1
Action.c(285):     99-12.505 0-8.336-6.947-13.199-13.199-13.199z"\n
Action.c(285):           ],\n
Action.c(285):           "attrs": [\n
Action.c(285):             {\n
Action.c(285):               "fill": "rgb(253, 185, 19)"\n
Action.c(285):             },\n
Action.c(285):             {\n
Action.c(285):               "fill": "rgb(238, 49, 36)"\n
Action.c(285):             },\n
Action.c(285):             {\n
Action.c(285):               "fill": "rgb(120, 29, 126)"\n
Action.c(285):             },\n
Action.c(285):             {\n
Action.c(285):               "fill": "rgb(120, 29, 126)"\n
Action.c(285):             },\n
Action.c(285):             {\n
Action.c(285):               "fill": "rgb(120, 29, 126)"\n
Action.c(285):             },\n
Action.c(285):             {\n
Action.c(285):               "fill": "rgb(120, 29, 126)"\n
Action.c(285):             },\n
Action.c(285):             {\n
Action.c(285):               "fill": "rgb(120, 29, 126)"\n
Action.c(285):             },\n
Action.c(285):             {\n
Action.c(285):               "fill": "rgb(120, 29, 126)"\n
Action.c(285):             },\n
Action.c(285):             {\n
Action.c(285):               "fill": "rgb(120, 29, 126)"\n
Action.c(285):             },\n
Action.c(285):             {\n
Action.c(285):               "fill": "rgb(141, 198, 63)"\n
Action.c(285):             },\n
Action.c(285):             {\n
Action.c(285):               "fill": "rgb(51, 51, 51)"\n
Action.c(285):             },\n
Action.c(285):             {\n
Action.c(285):               "fill": "rgb(51, 51, 51)"\n
Action.c(285):             },\n
Action.c(285):             {\n
Action.c(285):               "fill": "rgb(94, 161, 0)"\n
Action.c(285):             },\n
Action.c(285):             {\n
Action.c(285):               "fill": "rgb(51, 51, 51)"\n
Action.c(285):             },\n
Action.c(285):             {\n
Action.c(285):               "fill": "rgb(51, 51, 51)"\n
Action.c(285):             },\n
Action.c(285):             {\n
Action.c(285):               "fill": "rgb(54, 54, 54)"\n
Action.c(285):             },\n
Action.c(285):             {\n
Action.c(285):               "fill": "rgb(51, 51, 51)"\n
Action.c(285):             },\n
Action.c(285):             {\n
Action.c(285):               "fill": "rgb(51, 51, 51)"\n
Action.c(285):             },\n
Action.c(285):             {\n
Action.c(285):               "fill": "rgb(94, 160, 0)"\n
Action.c(285):             },\n
Action.c(285):             {\n
Action.c(285):               "fill": "rgb(51, 51, 51)"\n
Action.c(285):             }\n
Action.c(285):           ],\n
Action.c(285):           "width": 6039,\n
Action.c(285):           "grid": 32,\n
Action.c(285):           "tags": [\n
Action.c(285):             "peapod-logo-giant-landover"\n
Action.c(285):           ],\n
Action.c(285):           "defaultCode": 59881\n
Action.c(285):         },\n
Action.c(285):         {\n
Action.c(285):           "paths": [\n
Action.c(285):             "M4689.281 699.571c26.399 18.062 56.271 30.567 88.228 30.567 45.851 0 63.913-28.48
Action.c(285):     3 63.913-50.714 0-32.651-28.483-43.767-51.408-53.493l-20.841-8.336c-19.452-9.031-41.682-18
Action.c(285):     .757-57.661-37.514-8.336-9.726-20.147-27.788-20.147-54.882 0-49.324 40.988-95.87 117.406-9
Action.c(285):     5.87 41.682 0 70.166 12.505 81.281 17.368v55.577c-10.421-8.336-36.125-27.788-77.807-27.788
Action.c(285):     s-57.661 25.009-57.661 45.851c0 29.872 29.872 43.072 54.187 52.798l23.62 9.726c19.452 9.03
Action.c(285):     1 40.293 18.757 55.577 37.514 10.421 12.505 18.757 31.957 18.757 54.882 0 55.577-46.545 10
Action.c(285):     0.038-124.353 100.038-20.841 0-54.187-3.474-93.091-18.757v-56.966h-0z",\n
Action.c(285):             "M5035.941 766.958c-6.252 1.389-14.589 3.474-27.788 3.474s-31.957-2.084-45.851-18.
Action.c(285):     062c-13.894-15.978-13.894-31.957-13.199-52.798l0.695-126.437h-29.872v-39.598h30.567v-43.07
Action.c(285):     2l54.187-16.673v60.44h52.103v39.598h-52.798l-0.695 100.733c0 25.009 0 34.735 5.558 43.072 
Action.c(285):     4.168 6.252 13.199 12.505 28.483 12.505 10.421 0 20.841-2.779 30.567-6.252l-31.957 43.072z
Action.c(285):     ",\n
Action.c(285):             "M5190.166 770.431c-75.723 0-114.627-52.798-114.627-118.795 0-68.776 43.767-122.96
Action.c(285):     3 117.406-122.963 66.692 0 112.543 46.545 112.543 118.795 0 68.776-38.904 122.963-115.322 
Action.c(285):     122.963zM5190.861 568.271c-18.757 0.695-33.346 8.336-43.767 26.399-10.421 16.673-12.505 36
Action.c(285):     .125-12.505 56.271 0 18.062 2.084 39.598 13.199 56.271 10.421 16.673 27.094 24.315 43.767 
Action.c(285):     24.315 38.904 0 56.271-39.598 56.271-81.976s-15.978-80.586-56.271-80.586l-0.695-0.695z",\n
Action.c(285):             "M5789.699 748.201l-45.851-35.43c0 0 36.125 13.199 29.178 20.841s-13.199 14.589-28
Action.c(285):     .483 23.62c-21.536 13.199-38.209 15.978-58.355 16.673-53.493 0.695-92.396-25.009-96.564-70
Action.c(285):     .166-1.389-18.062 2.779-35.43 12.505-49.324 11.81-16.673 27.094-24.315 38.209-30.567-6.947
Action.c(285):     -6.947-27.094-25.704-28.483-48.63-3.474-38.209 24.315-66.692 68.081-70.166 40.293-3.474 72
Action.c(285):     .944 20.147 75.723 54.882 1.389 13.894-2.779 29.178-11.115 41.682-11.115 15.978-19.452 22.
Action.c(285):     925-33.346 29.872l104.901 83.365-26.399 33.346zM5665.346 648.163c-14.589 5.558-31.262 20.8
Action.c(285):     41-29.178 45.156 2.084 20.841 19.452 46.545 59.745 43.072 15.978-1.389 31.957-10.421 49.32
Action.c(285):     4-23.62l-79.891-64.608zM5713.976 562.714c-1.389-18.757-15.284-28.483-31.262-27.094-18.757 
Action.c(285):     1.389-29.178 18.062-27.788 35.43 1.389 14.589 14.589 25.704 25.704 35.43 33.346-11.81 34.0
Action.c(285):     41-29.872 33.346-43.767z",\n
Action.c(285):             "M5827.908 697.487c26.399 18.062 56.271 30.567 88.228 30.567 46.545 0 63.913-28.48
Action.c(285):     3 63.913-50.714 0-32.651-28.483-43.767-51.408-53.493l-20.841-8.336c-19.452-9.031-41.682-18
Action.c(285):     .757-57.661-37.514-8.336-9.726-20.147-27.788-20.147-54.882 0-49.324 40.988-95.87 117.406-9
Action.c(285):     5.87 41.682 0 70.166 12.505 81.281 17.368v55.577c-10.421-8.336-36.125-27.788-77.807-27.788
Action.c(285):     s-57.661 25.009-57.661 45.851c0 29.872 29.872 43.072 54.187 52.798l23.62 9.726c19.452 9.03
Action.c(285):     1 40.988 18.757 55.577 37.514 10.421 12.505 18.757 31.957 18.757 54.187 0 55.577-46.545 10
Action.c(285):     0.038-124.353 100.038-20.841 0-54.187-3.474-93.091-18.757v-56.271h-0z",\n
Action.c(285):             "M6273.216 764.874h-54.882v-116.711c-0.695-36.125-0.695-54.882-15.978-67.387-6.252
Action.c(285):     -4.863-16.673-9.726-31.957-9.726s-27.788 4.168-43.072 13.894v179.929h-55.577v-329.292h55.5
Action.c(285):     77v142.415l-13.199-26.399c0 0 20.147-10.421 31.957-14.589 9.726-3.474 29.178-8.336 45.851-
Action.c(285):     8.336 13.894 0 38.904 2.084 57.661 19.452 21.536 19.452 22.231 43.072 22.231 63.218l1.389 
Action.c(285):     153.531z",\n
Action.c(285):             "M6419.8 770.431c-75.723 0-114.627-52.798-114.627-118.795 0-68.776 43.767-122.963 
Action.c(285):     117.406-122.963 66.692 0 112.543 46.545 112.543 118.795 0 68.776-38.904 122.963-115.322 12
Action.c(285):     2.963zM6420.494 568.271c-18.757 0.695-33.346 8.336-43.767 26.399-10.421 16.673-12.505 36.1
Action.c(285):     25-12.505 56.271 0 18.062 2.084 39.598 13.199 56.271s27.094 24.315 43.767 24.315c38.904 0 
Action.c(285):     56.271-39.598 56.271-81.976s-15.978
Action.c(285): t=48188ms: 12288-byte DECODED response body for "https://stage.peapod.com/shop/images/icons/PeapodIcons.json" (RelFrameId=1, Internal ID=25)
Action.c(285):     -80.586-56.271-80.586l-0.695-0.695z",\n
Action.c(285):             "M6622.654 545.346c6.252-2.779 22.925-9.031 27.788-11.115 4.168-1.389 18.062-5.558
Action.c(285):      36.125-5.558 67.387 0 106.985 47.24 106.985 116.016 0 75.723-45.851 125.742-111.848 125.7
Action.c(285):     42-27.788 0-45.156-9.031-57.661-15.284v106.985h-54.882v-327.902h54.882v38.904c0 0-6.947-25
Action.c(285):     .009-1.389-27.788zM6624.044 714.855c5.558 3.474 20.841 13.894 45.156 13.894 44.461 0 66.69
Action.c(285):     2-36.82 66.692-81.976 0-23.62-6.252-42.377-15.978-54.187-9.031-11.115-25.009-22.925-50.714
Action.c(285):     -22.925-15.978 0-31.262 4.168-45.156 11.115v134.079z",\n
Action.c(285):             "M5393.715 545.346c6.252-2.779 22.925-9.031 27.788-11.115 4.168-1.389 18.062-5.558
Action.c(285):      36.125-5.558 67.387 0 106.985 47.24 106.985 116.016 0 75.723-45.851 125.742-111.848 125.7
Action.c(285):     42-27.788 0-45.156-9.031-57.661-15.284v106.985h-54.882v-327.902h54.882v38.904c0 0-7.642-25
Action.c(285):     .009-1.389-27.788zM5395.105 714.855c5.558 3.474 20.841 13.894 45.156 13.894 44.461 0 66.69
Action.c(285):     2-36.82 66.692-81.976 0-23.62-6.252-42.377-15.978-54.187-9.031-11.115-25.009-22.925-50.714
Action.c(285):     -22.925-15.978 0-31.262 4.168-45.156 11.115v134.079 0z",\n
Action.c(285):             "M6836.625 518.947c18.757 0 35.43 13.199 35.43 34.735 0 20.841-16.673 34.735-35.43
Action.c(285):      34.735s-35.43-13.894-35.43-34.735 16.673-34.735 35.43-34.735zM6836.625 580.776c14.589 0 2
Action.c(285):     5.704-11.115 25.704-27.094s-11.81-27.094-25.704-27.094c-14.589 0-26.399 11.115-26.399 27.0
Action.c(285):     94s11.81 27.094 26.399 27.094zM6822.73 534.231h14.589c9.726 0 15.284 2.779 15.284 11.115 0
Action.c(285):      6.947-4.168 9.726-10.421 10.421l10.421 16.673h-8.336l-9.726-16.673h-4.863v16.673h-7.642l0
Action.c(285):     .695-38.209zM6830.372 550.209h6.947c4.168 0 7.642-0.695 7.642-5.558 0-4.168-4.168-4.863-7.
Action.c(285):     642-4.863h-6.252l-0.695 10.421z",\n
Action.c(285):             "M3883.419 706.518c-0.695-2.084-1.389-4.168-1.389-6.947 0-9.031 7.642-16.673 16.67
Action.c(285):     3-16.673v0h642.605c9.031 0 16.673 7.642 16.673 16.673 0 2.084-0.695 4.863-1.389 6.947v0c-6
Action.c(285):     0.44 125.047-188.961 211.191-336.934 211.191-147.278 0-275.799-86.144-336.239-211.191v0z",
Action.c(285):     \n
Action.c(285):             "M3959.837 276.494c0.695-1.389 1.389-2.779 2.779-4.168 4.863-4.863 13.199-4.863 18
Action.c(285):     .062 0v0l341.796 341.796c4.863 4.863 4.863 13.199 0 18.062-1.389 1.389-2.779 2.084-4.168 2
Action.c(285):     .779v0c-98.649 34.041-212.581 11.81-291.777-66.692-78.502-79.197-100.733-193.129-66.692-29
Action.c(285):     1.777v0z",\n
Action.c(285):             "M4312.749 183.403c1.389-0.695 2.779-0.695 4.168-0.695 5.558 0 9.726 4.168 9.726 9
Action.c(285):     .726v0 360.554c0 5.558-4.168 9.726-9.726 9.726-1.389 0-2.779 0-4.168-0.695v0c-70.166-34.04
Action.c(285):     1-118.795-105.596-118.795-188.961 0.695-84.060 48.63-155.615 118.795-189.655v0z",\n
Action.c(285):             "M4556.592 384.174c0.695 0 1.389 0.695 2.779 1.389 2.779 2.779 2.779 7.642 0 10.42
Action.c(285):     1v0l-193.824 193.824c-2.779 2.779-7.642 2.779-10.421 0-0.695-0.695-1.389-1.389-1.389-2.779
Action.c(285):     v0c-19.452-55.577-6.947-120.185 37.514-164.646 45.156-45.156 109.764-57.661 165.341-38.209
Action.c(285):     v0z",\n
Action.c(285):             "M3514.529 539.788h34.735v77.113h0.695c6.252-15.284 20.841-25.009 39.598-25.009 26
Action.c(285):     .399 0 53.493 11.81 53.493 88.923 0 59.745-15.978 93.786-56.966 93.786-25.009 0-33.346-14.
Action.c(285):     589-38.209-25.704h-0.695v21.536h-32.651v-230.643h-0zM3577.053 746.811c24.315 0 29.178-25.0
Action.c(285):     09 29.178-63.913 0-46.545-6.947-63.218-27.094-63.218-27.094 0-31.957 23.62-31.957 65.303 0
Action.c(285):     .695 37.514 5.558 61.829 29.872 61.829z",\n
Action.c(285):             "M3689.596 596.754l29.872 130.605h0.695l27.788-130.605h36.82l-47.935 179.929c-13.8
Action.c(285):     94 47.24-25.009 53.493-60.44 52.798-4.863 0-9.031-0.695-13.894-1.389v-27.788c4.168 0.695 7
Action.c(285):     .642 1.389 11.115 1.389 11.81 0 19.452-2.779 23.62-13.894l4.863-13.894-49.324-177.845 36.8
Action.c(285):     2 0.695z",\n
Action.c(285):             "M299.419 82.67c-61.134 0-106.29 3.474-136.858 3.474h-25.704c-65.303 0-100.733-3.4
Action.c(285):     74-106.985-3.474-17.368 0-26.399 5.558-26.399 15.284 0 20.147 22.231 13.199 57.661 20.147 
Action.c(285):     29.872 5.558 33.346 15.284 33.346 50.714v498.801c0 52.798 0 68.776-40.988 76.418-28.483 5.
Action.c(285):     558-52.798-2.084-52.798 18.757 0 11.115 9.726 17.368 28.483 17.368s61.829-7.642 125.742-7.
Action.c(285):     642c69.471 0 112.543 7.642 130.605 7.642 18.757 0 28.483-6.947 28.483-17.368 0-20.841-24.3
Action.c(285):     15-13.199-52.103-18.757-42.377-9.031-42.377-24.315-42.377-77.807v-165.341c0-14.589 3.474-2
Action.c(285):     3.62 13.199-22.231 7.642 0.695 45.851 26.399 127.132 13.199 97.259-15.978 180.624-95.87 18
Action.c(285):     0.624-204.939-0-133.384-81.281-204.244-241.064-204.244v0zM291.777 452.95c-40.988 0-72.25-1
Action.c(285):     2.505-72.25-41.682v-242.453c0-42.377 9.726-54.187 63.913-54.187 68.776 0 125.742 69.471 12
Action.c(285):     5.742 166.035 1.389 89.617-48.63 172.288-117.406 172.288v0z",\n
Action.c(285):             "M685.677 496.022h295.251c33.346 0 46.545-4.168 46.545-24.315 0-90.312-76.418-198.
Action.c(285):     687-212.581-198.687-159.088 0-267.463 106.29-267.463 264.684 0 159.088 99.343 263.989 252.
Action.c(285):     179 263.989 79.891 0 139.636-25.704 188.961-69.471 24.315-20.841 35.43-38.904 35.43-50.019
Action.c(285):      0-9.031-3.474-12.505-11.115-12.505-9.031 0-55.577 64.608-158.393 64.608-117.406 0-184.792
Action.c(285):     -97.954-184.792-211.191v-9.031c0.695-15.978 2.779-18.062 15.978-18.062v0zM680.119 449.476l
Action.c(285):     2.779-18.062c14.589-58.355 31.957-127.132 133.384-127.132 79.891 0 89.617 60.44 89.617 100
Action.c(285):     .038 0 62.524-31.957 57.661-119.49 57.661h-89.617c-11.115 0-16.673-3.474-16.673-9.031v-3.4
Action.c(285):     74z",\n
Action.c(285):             "M1574.209 721.107c0-9.726-5.558-16.673-15.284-16.673-16.673 0-33.346 24.315-54.18
Action.c(285):     7 24.315-27.788 0-34.041-25.704-34.041-72.944v-256.347c0-91.701-22.231-127.132-134.079-127
Action.c(285):     .132-147.973 0-251.484 88.228-251.484 154.92 0 11.115 11.115 20.147 26.399 20.147 54.187 0
Action.c(285):      71.555-27.788 93.786-67.387 25.704-46.545 48.63-72.944 96.564-72.944 45.156 0 55.577 25.7
Action.c(285):     04 55.577 88.228v47.935c0 15.284-1.389 20.841-15.284 26.399l-35.43 14.589c-141.72 55.577-2
Action.c(285):     18.833 104.206-218.833 196.602 0 54.187 27.094 119.49 97.259 119.49 50.019 0 90.312-25.704
Action.c(285):      138.247-57.661l29.872-20.147h7.642c20.147 48.63 53.493 77.807 94.48 77.807 53.493-0.695 1
Action.c(285):     18.795-58.355 118.795-79.197v0zM1358.849 631.49c0 54.882-48.63 97.259-96.564 97.259-52.103
Action.c(285):      0-63.218-40.988-63.218-87.533 0-47.935 38.904-97.954 91.701-118.795l46.545-18.062c6.252-3
Action.c(285):     .474 12.505-4.168 14.589-4.168 3.474 0 6.947 4.168 6.947 13.199v118.1h0z",\n
Action.c(285):             "M1930.594 273.020c-59.745 0-106.985 20.147-154.92 63.218l-14.589 13.199c-4.168 4.
Action.c(285):     168-7.642 5.558-9.726 5.558-3.474 0-5.558-2.084-5.558-7.642v-54.187c0-15.284-4.168-22.925-
Action.c(285):     13.894-22.925-12.505 0-37.514 31.262-97.259 61.134-36.82 18.757-63.218 20.147-63.218 37.51
Action.c(285):     4s22.231 11.115 38.904 18.062c17.368 7.642 22.231 20.147 22.231 50.019v500.19c0 29.872-5.5
Action.c(285):     58 39.598-29.178 47.24-29.872 9.726-52.103 0-52.103 24.315 0 9.726 7.642 16.673 22.925 16.
Action.c(285):     673 18.757 0 58.355-7.642 115.322-7.642 47.24 0 89.617 7.642 125.047 7.642 18.757 0 27.788
Action.c(285):     -7.642 27.788-16.673 0-24.315-25.704-14.589-61.829-24.315-27.788-7.642-33.346-16.673-33.34
Action.c(285):     6-47.24v-157.004l7.642-3.474c37.514 16.673 76.418 25.009 119.49 25.009 166.73 0 282.052-11
Action.c(285):     7.406 282.052-277.189-0.695-148.668-98.649-251.484-225.78-251.484v0zM1858.345 767.653c-72.
Action.c(285):     25 0-111.848-35.43-111.848-104.206v-205.634c0-74.334 35.43-109.764 111.848-109.764 108.374
Action.c(285):      0 182.014 79.891 182.014 207.023 0.695 125.047-73.639 212.581-182.014 212.581z",\n
Action.c(285):             "M3376.977 703.045c-7.642 0-22.231 20.841-41.682 20.841-11.115 0-17.368-14.589-17.
Action.c(285):     368-44.461v-571.050c0-28.483 4.168-54.187 4.168-75.028 0-14.589-4.168-20.841-16.673-20.841
Action.c(285):     -9.031 0-38.904 22.231-100.733 39.598-38.904 11.115-63.218 12.505-63.218 28.483 0 11.115 1
Action.c(285):     8.757 9.726 40.988 20.147 18.757 9.031 20.841 15.284 20.841 43.072v130.605c0 11.115-4.863 
Action.c(285):     16.673-10.421 16.673h-3.474l-17.368-5.558c-20.841-6.252-54.187-12.505-93.091-12.505-160.47
Action.c(285):     8 0-282.052 117.406-282.052 272.326 0 150.057 108.374 255.653 253.569 255.653 93.091 0 142
Action.c(285):     .415-50.019 150.057-50.019 11.115 0 13.199 47.935 33.346 47.935 11.115 0 50.019-22.925 120
Action.c(285):     .879-43.072 20.841-5.558 34.041-7.642 34.041-33.346 0.695-11.81-6.252-19.452-11.81-19.452v
Action.c(285):     0zM3206.079 640.521c0 77.113-5.558 109.069-86.144 109.069-121.574 0-195.908-78.502-195.908
Action.c(285):     -207.718 0-142.415 77.113-236.896 173.677-236.896 95.175 0 108.374 54.187 108.374 166.035v
Action.c(285):     169.509z",\n
Action.c(285):             "M2755.213 527.284c0 154.225-125.047 278.578-278.578 278.578s-278.578-125.047-278.
Action.c(285):     578-278.578c0-153.531 124.353-278.578 278.578-278.578s278.578 124.353 278.578 278.578z",\n
Action.c(285):             "M3456.869 127.826c-35.43 0-63.913-28.483-63.913-63.913s28.483-63.913 63.913-63.91
Action.c(285):     3c35.43 0 63.913 28.483 63.913 63.913s-28.483 63.913-63.913 63.913zM3456.869 9.726c-30.567
Action.c(285):      0-54.187 24.315-54.187 54.187s24.315 54.187 54.187 54.187c29.872 0 54.187-24.315 54.187-5
Action.c(285):     4.187-0-30.567-24.315-54.187-54.187-54.187zM3474.236 100.733l-18.757-29.178h-12.505v29.178
Action.c(285):     h-10.421v-73.639h29.872c12.505 0 23.62 9.031 23.62 22.231 0 15.978-14.589 21.536-18.757 21
Action.c(285):     .536l19.452 29.178h-12.505zM3462.426 36.125h-19.452v26.399h19.452c6.252 0 13.199-4.863 13.
Action.c(285):     199-12.505 0-8.336-6.947-13.894-13.199-13.894z"\n
Action.c(285):           ],\n
Action.c(285):           "attrs": [\n
Action.c(285):             {\n
Action.c(285):               "fill": "rgb(120, 29, 126)"\n
Action.c(285):             },\n
Action.c(285):             {\n
Action.c(285):               "fill": "rgb(120, 29, 126)"\n
Action.c(285):             },\n
Action.c(285):             {\n
Action.c(285):               "fill": "rgb(120, 29, 126)"\n
Action.c(285):             },\n
Action.c(285):             {\n
Action.c(285):               "fill": "rgb(120, 29, 126)"\n
Action.c(285):             },\n
Action.c(285):             {\n
Action.c(285):               "fill": "rgb(120, 29, 126)"\n
Action.c(285):             },\n
Action.c(285):             {\n
Action.c(285):               "fill": "rgb(120, 29, 126)"\n
Action.c(285):             },\n
Action.c(285):             {\n
Action.c(285):               "fill": "rgb(120, 29, 126)"\n
Action.c(285):             },\n
Action.c(285):             {\n
Action.c(285):               "fill": "rgb(120, 29, 126)"\n
Action.c(285):             },\n
Action.c(285):             {\n
Action.c(285):               "fill": "rgb(120, 29, 126)"\n
Action.c(285):             },\n
Action.c(285):             {\n
Action.c(285):               "fill": "rgb(120, 29, 126)"\n
Action.c(285):             },\n
Action.c(285):             {\n
Action.c(285):               "fill": "rgb(253, 185, 19)"\n
Action.c(285):             },\n
Action.c(285):             {\n
Action.c(285):               "fill": "rgb(238, 49, 36)"\n
Action.c(285):             },\n
Action.c(285):             {\n
Action.c(285):               "fill": "rgb(120, 29, 126)"\n
Action.c(285):             },\n
Action.c(285):             {\n
Action.c(285):               "fill": "rgb(141, 198, 63)"\n
Action.c(285):             },\n
Action.c(285):             {\n
Action.c(285):               "fill": "rgb(51, 51, 51)"\n
Action.c(285):             },\n
Action.c(285):             {\n
Action.c(285):               "fill": "rgb(51, 51, 51)"\n
Action.c(285):             },\n
Action.c(285):             {\n
Action.c(285):               "fill": "rgb(51, 51, 51)"\n
Action.c(285):             },\n
Action.c(285):             {\n
Action.c(285):               "fill": "rgb(51, 51, 51)"\n
Action.c(285):             },\n
Action.c(285):             {\n
Action.c(285):               "fill": "rgb(54, 54, 54)"\n
Action.c(285):             },\n
Action.c(285):             {\n
Action.c(285):               "fill": "rgb(51, 51, 51)"\n
Action.c(285):             },\n
Action.c(285):             {\n
Action.c(285):               "fill": "rgb(51, 51, 51)"\n
Action.c(285):             },\n
Action.c(285):             {\n
Action.c(285):               "fill": "rgb(94, 160, 0)"\n
Action.c(285):             },\n
Action.c(285):             {\n
Action.c(285):               "fill": "rgb(51, 51, 51)"\n
Action.c(285):             }\n
Action.c(285):           ],\n
Action.c(285):           "isMulticolor": true,\n
Action.c(285):           "width": 6872,\n
Action.c(285):           "grid": 32,\n
Action.c(285):           "tags": [\n
Action.c(285):             "peapod-logo-stopnshop"\n
Action.c(285):           ],\n
Action.c(285):           "defaultCode": 59901\n
Action.c(285):         },\n
Action.c(285):         {\n
Action.c(285):           "paths": [\n
Action.c(285):             "M398.222 568.889h910.222c34.133 0 56.889-22.756 56.889-56.889s-22.756-56.889-56.8
Action.c(285):     89-56.889h-910.222c-34.133 0-56.889 22.756-56.889 56.889s22.756 56.889 56.889 56.889zM398.
Action.c(285):     222 113.778h910.222c34.133 0 56.889-22.756 56.889-56.889s-22.756-56.889-56.889-56.889h-910
Action.c(285):     .222c-34.133 0-56.889 22.756-56.889 56.889s22.756 56.889 56.889 56.889zM398.222 1024h910.2
Action.c(285):     22c34.133 0 56.889-22.756 56.889-56.889s-22.756-56.889-56.889-56.889h-910.222c-34.133 0-56
Action.c(285):     .889 22.756-56.889 56.889s22.756 56.889 56.889 56.889zM0 56.889c0 34.133 22.756 56.889 56.
Action.c(285):     889 56.889s56.889-22.756 56.889-56.889-22.756-56.889-56.889-56.889-56.889 22.756-56.889 56
Action.c(285):     .889zM0 512c0 34.133 22.756 56.889 56.889 56.889s56.889-22.756 56.889-56.889-22.756-56.889
Action.c(285):     -56.889-56.889-56.889 22.756-56.889 56.889zM0 967.111c0 34.133 22.756 56.889 56.889 56.889
Action.c(285):     s56.889-22.756 56.889-56.889-22.756-56.889-56.889-56.889-56.889 22.756-56.889 56.889z"\n
Action.c(285):           ],\n
Action.c(285):           "width": 1365,\n
Action.c(285):           "grid": 32,\n
Action.c(285):           "tags": [\n
Action.c(285):             "icon_ul"\n
Action.c(285):           ],\n
Action.c(285):           "defaultCode": 59924\n
Action.c(285):         },\n
Action.c(285):         {\n
Action.c(285):           "paths": [\n
Action.c(285):             "M85.333 426.667h256c46.933 0 85.333-38.4 85.333-85.333v-256c0-46.933-38.4-85.333-
Action.c(285):     85.333-85.333h-256c-46.933 0-85.333 38.4-85.333 85.333v256c0 46.933 38.4 85.333 85.333 85.
Action.c(285):     333zM682.667 426.667h256c46.933 0 85.333-38.4 85.333-85.333v-256c0-46.933-38.4-85.333-85.3
Action.c(285):     33-85.333h-256c-46.933 0-85.333 38.4-85.333 85.333v256c0 46.933 38.4 85.333 85.333 85.333z
Action.c(285):     M0 938.667c0 46.933 38.4 85.333 85.333 85.333h256c46.933 0 85.333-38.4 85.333-85.333v-256c
Action.c(285):     0-46.933-38.4-85.333-85.333-85.333h-256c-46.933 0-85.333 38.4-85.333 85.333v256zM597.333 9
Action.c(285):     38.667c0 46.933 38.4 85.333 85.333 85.333h256c46.933 0 85.333-38.4 85.333-85.333v-256c0-46
Action.c(285):     .933-38.4-85.333-85.333-85.333h-256c-46.933 0-85.333 38.4-85.333 85.333v256z"\n
Action.c(285):           ],\n
Action.c(285):           "grid": 32,\n
Action.c(285):           "tags": [\n
Action.c(285):             "icon_grid-2x2"\n
Action.c(285):           ],\n
Action.c(285):           "defaultCode": 59925\n
Action.c(285):         },\n
Action.c(285):         {\n
Action.c(285):           "paths": [\n
Action.c(285):             "M56.889 568.889h398.222v398.222c0 34.133 22.756 56.889 56.889 56.889s56.889-22.75
Action.c(285):     6 56.889-56.889v-398.222h398.222c34.133 0 56.889-22.756 56.889-56.889s-22.756-56.889-56.88
Action.c(285):     9-56.889h-398.222v-398.222c0-34.133-22.756-56.889-56.889-56.889s-56.889 22.756-56.889 56.8
Action.c(285):     89v398.222h-398.222c-34.133 0-56.889 22.756-56.889 56.889s22.756 56.889 56.889 56.889z"\n
Action.c(285):           ],\n
Action.c(285):           "grid": 32,\n
Action.c(285):           "tags": 
Action.c(285): t=48237ms: 7378-byte DECODED response body for "https://stage.peapod.com/shop/images/icons/PeapodIcons.json" (RelFrameId=1, Internal ID=25)
Action.c(285):     [\n
Action.c(285):             "icon_plus"\n
Action.c(285):           ],\n
Action.c(285):           "defaultCode": 59926\n
Action.c(285):         },\n
Action.c(285):         {\n
Action.c(285):           "paths": [\n
Action.c(285):             "M1078.613 925.013l-474.453-887.467c-10.24-23.893-34.133-37.547-61.44-37.547v0c-23
Action.c(285):     .893 0-47.787 13.653-61.44 37.547l-474.453 887.467c-10.24 20.48-10.24 47.787 0 68.267 13.6
Action.c(285):     53 20.48 34.133 34.133 58.027 34.133h948.907c23.893 0 47.787-13.653 58.027-34.133 17.067-2
Action.c(285):     3.893 17.067-47.787 6.827-68.267zM68.267 955.733l474.453-887.467 474.453 887.467h-948.907z
Action.c(285):     M474.453 409.6v204.8c0 37.547 30.72 68.267 68.267 68.267s68.267-30.72 68.267-68.267v-204.8
Action.c(285):     c0-37.547-30.72-68.267-68.267-68.267s-68.267 30.72-68.267 68.267zM474.453 819.2c0 37.547 3
Action.c(285):     0.72 68.267 68.267 68.267s68.267-30.72 68.267-68.267-30.72-68.267-68.267-68.267-68.267 30.
Action.c(285):     72-68.267 68.267z"\n
Action.c(285):           ],\n
Action.c(285):           "width": 1085,\n
Action.c(285):           "grid": 32,\n
Action.c(285):           "tags": [\n
Action.c(285):             "icon_error-triangle_alt"\n
Action.c(285):           ],\n
Action.c(285):           "defaultCode": 59927\n
Action.c(285):         },\n
Action.c(285):         {\n
Action.c(285):           "paths": [\n
Action.c(285):             "M512 0c-283.733 0-512 228.267-512 512s228.267 512 512 512 512-228.267 512-512-228
Action.c(285):     .267-512-512-512zM512 960c-247.467 0-448-200.533-448-448s200.533-448 448-448 448 200.533 4
Action.c(285):     48 448-200.533 448-448 448zM736 309.333c-21.333-12.8-49.067-8.533-61.867 12.8l-215.467 328
Action.c(285):     .533-102.4-96c-19.2-17.067-46.933-14.933-64 2.133s-14.933 46.933 2.133 64l142.933 132.267c
Action.c(285):     0 0 2.133 0 2.133 0 2.133 0 2.133 2.133 4.267 4.267s4.267 2.133 6.4 2.133c2.133 2.133 4.26
Action.c(285):     7 2.133 6.4 2.133s4.267 0 8.533 2.133c4.267 0 6.4 0 10.667 0 2.133 0 2.133 0 4.267 0 4.267
Action.c(285):     -2.133 8.533-2.133 12.8-4.267 0 0 2.133 0 2.133-2.133 2.133-2.133 6.4-2.133 8.533-6.4 2.13
Action.c(285):     3-2.133 2.133-4.267 4.267-6.4 0 0 0 0 0 0l245.333-375.467c10.667-19.2 4.267-46.933-17.067-
Action.c(285):     59.733z"\n
Action.c(285):           ],\n
Action.c(285):           "attrs": [\n
Action.c(285):             {\n
Action.c(285):               "fill": "rgb(81, 81, 81)"\n
Action.c(285):             }\n
Action.c(285):           ],\n
Action.c(285):           "tags": [\n
Action.c(285):             "icon_check_circle"\n
Action.c(285):           ],\n
Action.c(285):           "grid": 32,\n
Action.c(285):           "defaultCode": 59928\n
Action.c(285):         },\n
Action.c(285):         {\n
Action.c(285):           "paths": [\n
Action.c(285):             "M890.88 993.28c0 0 0-10.24 0 0l716.8-798.72c40.96-40.96 40.96-112.64 0-163.84 0 0
Action.c(285):      0 0 0 0-20.48-20.48-40.96-30.72-71.68-30.72h-1433.6c-30.72 0-51.2 10.24-71.68 40.96v0c-40
Action.c(285):     .96 40.96-40.96 112.64 0 163.84l716.8 798.72c40.96 30.72 102.4 30.72 143.36-10.24z"\n
Action.c(285):           ],\n
Action.c(285):           "width": 1638,\n
Action.c(285):           "tags": [\n
Action.c(285):             "arrow_triangle-down"\n
Action.c(285):           ],\n
Action.c(285):           "grid": 32,\n
Action.c(285):           "defaultCode": 59929\n
Action.c(285):         },\n
Action.c(285):         {\n
Action.c(285):           "paths": [\n
Action.c(285):             "M1094.621 380.567c7.847 31.387 11.77 62.774 11.77 94.161 0 255.019-215.785 462.95
Action.c(285):     8-498.268 510.038 58.851 23.54 125.548 39.234 200.092 39.234 66.697 0 129.471-11.77 188.32
Action.c(285):     2-35.31 74.544 23.54 153.011 31.387 219.709 31.387-35.31-39.234-58.851-82.391-74.544-117.7
Action.c(285):     01 74.544-66.697 117.701-153.011 117.701-247.172-7.847-105.931-66.697-207.939-164.782-274.
Action.c(285):     636zM54.927 914.146c7.847 11.77 19.617 19.617 35.31 19.617 0 0 0 0 0 0 43.157 0 125.548-31
Action.c(285):     .387 211.862-86.314 47.080 7.847 153.011 23.54 188.322 23.54 274.636 0 490.421-192.245 490
Action.c(285):     .421-439.418 3.923-235.402-215.785-431.571-490.421-431.571s-490.421 196.169-490.421 435.49
Action.c(285):     4c0 113.778 51.004 219.709 137.318 302.1-19.617 47.080-47.080 94.161-78.467 133.395-7.847 
Action.c(285):     15.693-11.77 31.387-3.923 43.157zM78.467 439.418c0-200.092 184.398-360.95 411.954-360.95s4
Action.c(285):     11.954 160.858 411.954 360.95c0 204.015-176.552 360.95-411.954 360.95-31.387 0-153.011-19.
Action.c(285):     617-188.322-23.54-11.77-3.923-19.617 0-31.387 3.923-35.31 23.54-66.697 39.234-94.161 51.00
Action.c(285):     4 15.693-27.464 27.464-58.851 39.234-86.314 3.923-15.693 0-31.387-11.77-43.157-78.467-74.5
Action.c(285):     44-125.548-164.782-125.548-262.866z"\n
Action.c(285):           ],\n
Action.c(285):           "width": 1252,\n
Action.c(285):           "tags": [\n
Action.c(285):             "icon_chat_alt"\n
Action.c(285):           ],\n
Action.c(285):           "grid": 32,\n
Action.c(285):           "defaultCode": 59930\n
Action.c(285):         },\n
Action.c(285):         {\n
Action.c(285):           "paths": [\n
Action.c(285):             "M866.462 945.231h-787.692v-787.692h581.002l49.152-78.769h-630.154c-43.497 0.016-7
Action.c(285):     8.753 35.273-78.769 78.768l-0 787.694c0.016 43.497 35.273 78.753 78.768 78.769l787.694 0c4
Action.c(285):     3.497-0.016 78.753-35.273 78.769-78.768l0-520.115-78.769 126.267v393.846zM999.030 8.98c-8.
Action.c(285):     495-5.628-18.925-8.98-30.137-8.98-19.216 0-36.133 9.844-45.984 24.764l-428.317 617.914-165
Action.c(285):     .652-189.046c-9.802-9.097-22.976-14.678-37.455-14.678-30.445 0-55.126 24.681-55.126 55.126
Action.c(285):      0 15.967 6.788 30.349 17.636 40.416l199.164 227.281c1.541 2.029 3.115 3.828 4.804 5.513l5
Action.c(285):     .042 5.751c0.63 0.551 1.418 0.709 2.048 1.26 1.575 1.26 2.521 2.993 4.175 4.175 3.097 1.92
Action.c(285):      6.666 3.601 10.429 4.858 1.229 0.42 1.938 0.971 2.804 1.208 5.039 1.775 10.85 2.836 16.89
Action.c(285):     9 2.914 0.273 0 0.509-0.157 0.745-0.157 0.29 0.006 0.632 0.009 0.974 0.009 15.695 0 29.844
Action.c(285):     -6.625 39.801-17.23 2.075-2.235 2.863-4.913 4.517-7.355l0.236-0.236 469.386-677.179c5.625-
Action.c(285):     8.504 8.974-18.941 8.974-30.16 0-19.231-9.839-36.164-24.759-46.039z"\n
Action.c(285):           ],\n
Action.c(285):           "tags": [\n
Action.c(285):             "icon_box-checked"\n
Action.c(285):           ],\n
Action.c(285):           "grid": 32,\n
Action.c(285):           "defaultCode": 59931\n
Action.c(285):         },\n
Action.c(285):         {\n
Action.c(285):           "paths": [\n
Action.c(285):             "M393.756 163.923c-128.995 0-233.566 104.571-233.566 233.566s104.571 233.566 233.5
Action.c(285):     66 233.566c128.995 0 233.566-104.571 233.566-233.566 0-0.006 0-0.014 0-0.021 0-128.983-104
Action.c(285):     .561-233.545-233.545-233.545-0.007 0-0.015 0-0.022 0l0.001-0zM393.756 566.040c-93.065 0-16
Action.c(285):     8.509-75.444-168.509-168.509s75.444-168.509 168.509-168.509c93.065 0 168.509 75.444 168.50
Action.c(285):     9 168.509s-75.444 168.509-168.509 168.509z",\n
Action.c(285):             "M784.59 435.926l-40.527-88.798 13.95-96.583c0.217-1.384 0.341-2.979 0.341-4.604 0
Action.c(285):     -0.009-0-0.017-0-0.026 0-0.007 0-0.018 0-0.028 0-11.367-5.838-21.371-14.68-27.176l-82.436-
Action.c(285):     52.953-40.527-88.947c-5.254-11.294-16.497-18.988-29.54-19.005l-97.695-0-82.1-52.643c-4.989
Action.c(285):     -3.263-11.098-5.204-17.661-5.204s-12.673 1.941-17.786 5.281l-81.847 52.609h-97.628c-13.014
Action.c(285):      0.024-24.23 7.698-29.395 18.763l-40.739 89.147-82.1 52.75c-9.038 5.864-14.932 15.905-14.9
Action.c(285):     32 27.323 0 1.709 0.132 3.387 0.387 5.025l13.841 96.273-40.527 88.776c-1.885 3.956-2.986 8
Action.c(285):     .598-2.986 13.497 0 0.002 0 0.003 0 0.005-0 0.019-0 0.041-0 0.063 0 8.157 3.014 15.609 7.9
Action.c(285):     89 21.305l63.958 73.679 13.907 96.669c1.787 12.666 10.71 22.861 22.509 26.475l25.356 7.568
Action.c(285):     v316.349c-0 0.012-0 0.026-0 0.040 0 17.93 14.535 32.465 32.465 32.465 6.124 0 11.853-1.696
Action.c(285):      16.741-4.644l210.831-123.122 211.169 123.139c4.674 2.801 10.313 4.458 16.338 4.458 0.030 
Action.c(285):     0 0.061-0 0.091-0 17.937 0 32.481-14.544 32.481-32.486 0 0 0 0 0 0l-0-316.285 24.892-7.423
Action.c(285):     c12.073-3.56 21.086-13.658 23.014-26.097l13.973-97.021 63.991-73.739c4.917-5.667 7.914-13.
Action.c(285):     116 7.914-21.265 0-5.028-1.141-9.789-3.178-14.040zM588.949 934.754l-178.662-104.219c-4.71-
Action.c(285):     2.815-10.389-4.48-16.456-4.48s-11.747 1.665-16.605 4.562l-178.62 104.137v-240.669l3.711 1.
Action.c(285):     088 63.991 73.781c5.957 6.9 14.716 11.241 24.488 11.241 0.015 0 0.029-0 0.044-0-0.001 0 0 
Action.c(285):     0 0.002 0 3.361 0 6.604-0.507 9.656-1.448l93.28-27.433 93.661 27.516c2.736 0.853 5.881 1.3
Action.c(285):     44 9.141 1.344 0.033 0 0.067-0 0.1-0 0.011 0 0.031 0 0.050 0 9.747 0 18.484-4.324 24.398-1
Action.c(285):     1.158l64.025-73.886 3.711-1.088v240.669zM660.405 509.216c-4.009 4.42-6.742 10.066-7.577 16
Action.c(285):     .311l-12.495 85.604-82.74 24.295c-6.233 1.655-11.497 5.134-15.338 9.824l-56.588 65.322-82.
Action.c(285):     74-24.316c-2.696-0.839-5.796-1.323-9.009-1.323-0.057 0-0.115 0-0.172 0 0.008-0 0.007-0 0.0
Action.c(285):     07-0-3.347 0-6.575 0.507-9.613 1.448l-82.318 24.191-56.525-65.206c-3.831-4.722-9.025-8.202
Action.c(285):     -14.981-9.849l-83.138-24.386-12.286-85.321c-0.827-6.486-3.589-12.211-7.68-16.705l-56.61-65
Action.c(285):     .182 35.835-78.474c1.845-3.911 2.923-8.495 2.923-13.331 0-0.052-0-0.105-0-0.157-0.002-1.69
Action.c(285):     5-0.134-3.365-0.386-4.996l-12.071-85.031 72.523-46.649c5.305-3.13 9.432-7.766 11.852-13.31
Action.c(285):     7l36.077-78.872h86.387c0.021 0 0.045 0 0.070 0 6.55 0 12.645-1.95 17.735-5.301l72.231-46.6
Action.c(285):     59 72.523 46.649c4.975 3.236 11.061 5.161 17.597 5.162l86.388 0 35.792 78.
Action.c(285): t=48263ms: 12284-byte ENCODED response body received for "https://stage.peapod.com/shop/images/icons/PeapodIcons.json" (RelFrameId=1, Internal ID=25)
Action.c(285): t=48263ms: 12288-byte DECODED response body for "https://stage.peapod.com/shop/images/icons/PeapodIcons.json" (RelFrameId=1, Internal ID=25)
Action.c(285):     645c2.418 5.839 6.526 10.574 11.71 13.708l72.843 46.806-12.329 85.321c-0.217 1.379-0.341 2
Action.c(285):     .969-0.341 4.589 0 0.014 0 0.028 0 0.042-0 0.012-0 0.028-0 0.044 0 4.962 1.117 9.663 3.113
Action.c(285):      13.865l35.666 78.086z"\n
Action.c(285):           ],\n
Action.c(285):           "width": 788,\n
Action.c(285):           "tags": [\n
Action.c(285):             "vip_ribbon"\n
Action.c(285):           ],\n
Action.c(285):           "grid": 32,\n
Action.c(285):           "defaultCode": 59932\n
Action.c(285):         },\n
Action.c(285):         {\n
Action.c(285):           "paths": [\n
Action.c(285):             "M468.838 690.15l-11.75-47.898h-88.73l-11.75 47.898h-82.15l92.467-313.165h91.571l9
Action.c(285):     2.493 313.165h-82.15zM412.979 455.859l-29.568 120.32h58.675z",\n
Action.c(285):             "M804.992 690.15v-185.83l-63.386 185.933h-29.568l-62.925-185.933v185.933h-76.083v-
Action.c(285):     313.267h100.941l53.069 156.339 53.53-156.339h100.070v313.165h-75.648z",\n
Action.c(285):             "M931.686 690.15v-313.165h188.749v66.202h-112.64v54.938h109.389v66.227h-109.414v59
Action.c(285):     .622h112.64v66.202h-188.723z",\n
Action.c(285):             "M1328.23 690.15l-51.661-101.888-51.2 101.888h-86.835l90.598-160.102-85.453-153.06
Action.c(285):     2h86.886l46.080 95.77 45.542-95.77h87.322l-84.966 152.602 90.624 160.563h-86.938z"\n
Action.c(285):           ],\n
Action.c(285):           "width": 1690,\n
Action.c(285):           "attrs": [\n
Action.c(285):             {\n
Action.c(285):               "fill": "rgb(170, 170, 170)"\n
Action.c(285):             },\n
Action.c(285):             {\n
Action.c(285):               "fill": "rgb(170, 170, 170)"\n
Action.c(285):             },\n
Action.c(285):             {\n
Action.c(285):               "fill": "rgb(170, 170, 170)"\n
Action.c(285):             },\n
Action.c(285):             {\n
Action.c(285):               "fill": "rgb(170, 170, 170)"\n
Action.c(285):             }\n
Action.c(285):           ],\n
Action.c(285):           "tags": [\n
Action.c(285):             "cc_amex_bw"\n
Action.c(285):           ],\n
Action.c(285):           "grid": 32,\n
Action.c(285):           "defaultCode": 59933\n
Action.c(285):         },\n
Action.c(285):         {\n
Action.c(285):           "paths": [\n
Action.c(285):             "M352.102 510.131c0.138 1.962 0.216 4.253 0.216 6.561 0 27.174-10.89 51.805-28.544
Action.c(285):      69.767-19.909 16.637-45.799 26.748-74.050 26.748-2.764 0-5.506-0.097-8.222-0.287l-56.799 
Action.c(285):     0.021v-201.702h63.309c1.968-0.13 4.267-0.204 6.583-0.204 26.893 0 51.459 9.961 70.211 26.3
Action.c(285):     95 16.929 17.143 27.463 40.867 27.463 67.051 0 1.988-0.061 3.961-0.18 5.919zM307.686 511.2
Action.c(285):     58q0-64.973-57.344-64.973h-22.81v131.302h18.227q61.952 0.026 61.926-66.33z",\n
Action.c(285):             "M388.275 612.915v-201.702h42.752v201.702h-42.752z",\n
Action.c(285):             "M600.883 556.902c0.031 0.674 0.049 1.464 0.049 2.258 0 16.488-7.667 31.185-19.63 
Action.c(285):     40.72-13.902 10.032-31.149 15.997-49.788 15.997-1.758 0-3.504-0.053-5.237-0.158-0.488 0.02
Action.c(285):     6-1.345 0.035-2.203 0.035-19.859 0-38.671-4.483-55.479-12.492l0.78-39.396c9.55 4.556 21.02
Action.c(285):     0 8.913 32.871 12.377 9.414 2.632 18.307 3.969 27.49 4.108 0.751 0.044 1.534 0.069 2.323 0
Action.c(285):     .069 7.153 0 13.833-2.026 19.497-5.535 4.445-3.341 7.394-8.772 7.394-14.891 0-0.349-0.010-
Action.c(285):     0.696-0.029-1.040 0.003-0.028 0.004-0.118 0.004-0.208 0-3.87-1.259-7.445-3.389-10.339-2.62
Action.c(285):     8-3.519-5.866-6.489-9.571-8.775-7.275-4.46-15.84-9.015-24.678-13.078-12.173-5.377-21.302-1
Action.c(285):     0.969-29.593-17.569-5.747-4.94-10.689-11.124-14.325-18.099-3.64-7.23-5.678-15.36-5.678-23.
Action.c(285):     967 0-0.432 0.005-0.863 0.015-1.292-0.039-0.683-0.061-1.558-0.061-2.437 0-15.792 7.023-29.
Action.c(285):     944 18.117-39.502 12.601-9.722 28.526-15.548 45.813-15.548 1.559 0 3.107 0.047 4.642 0.141
Action.c(285):     -0.042-0.011 0.157-0.012 0.356-0.012 10.459 0 20.602 1.355 30.262 3.898 10.873 2.955 20.80
Action.c(285):     6 6.529 30.355 10.809l-15.104 32.757c-7.315-3.259-16.211-6.414-25.376-8.921-7.602-1.923-14
Action.c(285):     .755-2.855-22.121-2.881-0.586-0.042-1.251-0.067-1.921-0.067-6.332 0-12.16 2.154-16.792 5.7
Action.c(285):     7-3.94 3.623-6.439 8.873-6.439 14.708 0 3.631 0.968 7.036 2.66 9.971 2.178 3.163 4.958 5.8
Action.c(285):     7 8.181 7.95 7.483 4.578 16.375 9.303 25.544 13.531 16.938 7.091 29.873 16.281 40.392 27.7
Action.c(285):     26 6.705 8.708 10.702 19.665 10.702 31.555 0 0.643-0.012 1.283-0.035 1.921z",\n
Action.c(285):             "M723.098 443.904c-0.571-0.027-1.239-0.042-1.912-0.042-14.547 0-27.434 7.108-35.37
Action.c(285):     7 18.041-8.481 12.999-13.473 28.755-13.473 45.678 0 1.771 0.055 3.529 0.162 5.273q-0.012 6
Action.c(285):     7.191 50.599 67.217c18.688-0.706 36.281-4.533 52.556-10.973l-1.075 36.215c-15.706 6.491-33
Action.c(285):     .944 10.26-53.062 10.26-0.848 0-1.695-0.007-2.54-0.022-1.487 0.111-3.372 0.174-5.272 0.174
Action.c(285):     -24.422 0-46.429-10.338-61.884-26.876-14.735-18.928-23.597-42.974-23.597-69.091 0-2.676 0.
Action.c(285):     093-5.33 0.276-7.959-0.037-0.412-0.046-1.315-0.046-2.22 0-19.010 4.257-37.027 11.869-53.14
Action.c(285):     8 6.89-14.569 18.186-26.968 32.173-35.334 14.183-8.163 30.741-12.856 48.395-12.856 0.803 0
Action.c(285):      1.604 0.010 2.402 0.029 21.433 0.225 41.713 5.448 59.688 14.561l-14.571 34.41c-5.96-2.952
Action.c(285):     -13.494-6.116-21.22-8.875-8.282-2.981-16.013-4.433-24.079-4.463z",\n
Action.c(285):             "M1116.902 411.213h43.187l-68.506 201.702h-46.643l-68.403-201.702h43.213l37.965 12
Action.c(285):     0.013c2.099 7.117 4.352 15.36 6.554 24.781s3.61 15.898 4.198 19.635c2.871-17.388 6.431-32.
Action.c(285):     358 10.904-46.929z",\n
Action.c(285):             "M1301.632 612.915h-116.173v-201.702h116.173v35.072h-73.421v44.288h68.352v35.046h-
Action.c(285):     68.352v51.968h73.421v35.328z",\n
Action.c(285):             "M1386.496 535.526v77.389h-42.752v-201.702h58.88c2.28-0.184 4.936-0.289 7.617-0.28
Action.c(285):     9 19.727 0 38.125 5.686 53.646 15.509 11.721 10.723 19.313 26.517 19.313 44.085 0 12.19-3.
Action.c(285):     655 23.527-9.929 32.973-6.889 9.338-16.257 16.79-27.135 21.355q45.065 68.101 58.863 87.992
Action.c(285):     h-47.565l-48.154-77.389h-22.784zM1386.496 500.736h13.824c1.144 0.088 2.478 0.138 3.824 0.1
Action.c(285):     38 9.596 0 18.596-2.549 26.361-7.007 5.671-4.343 9.462-11.379 9.462-19.301 0-0.646-0.025-1
Action.c(285):     .286-0.075-1.92 0.062-0.51 0.094-1.201 0.094-1.899 0-7.698-3.928-14.479-9.889-18.447-7.79-
Action.c(285):     3.965-16.891-6.258-26.527-6.258-1.432 0-2.852 0.051-4.259 0.15l-12.867-0.011v54.502z",\n
Action.c(285):             "M981.018 512.077c0 55.706-45.158 100.864-100.864 100.864s-100.864-45.158-100.864-
Action.c(285):     100.864c0-55.706 45.158-100.864 100.864-100.864s100.864 45.158 100.864 100.864z"\n
Action.c(285):           ],\n
Action.c(285):           "width": 1690,\n
Action.c(285):           "attrs": [\n
Action.c(285):             {\n
Action.c(285):               "fill": "rgb(170, 170, 170)"\n
Action.c(285):             },\n
Action.c(285):             {\n
Action.c(285):               "fill": "rgb(170, 170, 170)"\n
Action.c(285):             },\n
Action.c(285):             {\n
Action.c(285):               "fill": "rgb(170, 170, 170)"\n
Action.c(285):             },\n
Action.c(285):             {\n
Action.c(285):               "fill": "rgb(170, 170, 170)"\n
Action.c(285):             },\n
Action.c(285):             {\n
Action.c(285):               "fill": "rgb(170, 170, 170)"\n
Action.c(285):             },\n
Action.c(285):             {\n
Action.c(285):               "fill": "rgb(170, 170, 170)"\n
Action.c(285):             },\n
Action.c(285):             {\n
Action.c(285):               "fill": "rgb(170, 170, 170)"\n
Action.c(285):             },\n
Action.c(285):             {\n
Action.c(285):               "fill": "rgb(198, 198, 198)"\n
Action.c(285):             }\n
Action.c(285):           ],\n
Action.c(285):           "isMulticolor": true,\n
Action.c(285):           "tags": [\n
Action.c(285):             "cc_discover_bw"\n
Action.c(285):           ],\n
Action.c(285):           "grid": 32,\n
Action.c(285):           "defaultCode": 59934\n
Action.c(285):         },\n
Action.c(285):         {\n
Action.c(285):           "paths": [\n
Action.c(285):             "M911.718 512c0 147.917-119.91 267.827-267.827 267.827s-267.827-119.91-267.827-267
Action.c(285):     .827c0-147.917 119.91-267.827 267.827-267.827s267.827 119.91 267.827 267.827z",\n
Action.c(285):             "M1044.864 246.784c-79.464 0.011-150.771 34.927-199.425 90.251-11.254 12.846-21.32
Action.c(285):     5 26.781-30.026 41.617l60.107 1.278c8.912 15.238 16.781 32.874 22.676 51.39l-107.156 1.883
Action.c(285):     c-5.113 15.387-9.028 33.424-11.010 52.040l129.846 1.157c0.995 7.816 1.651 17.044 1.814 26.
Action.c(285):     392 0.003 9.244-0.534 18.152-1.405 26.856h-130.355c2.095 19.803 6.027 37.865 11.692 55.143
Action.c(285):     l107.476-1.869c-6.564 20.404-14.563 38.031-24.283 54.521l-60.171-1.248c9.381 16.104 19.452
Action.c(285):      30.032 30.727 42.878 48.774 55.299 120.178 90.191 199.732 90.191 147.040 0 266.24-119.2 2
Action.c(285):     66.24-266.24s-119.2-266.24-266.24-266.24c-0.084 0-0.167 0-0.251 0z"\n
Action.c(285):           ],\n
Action.c(285):           "width": 1690,\n
Action.c(285):           "attrs": [\n
Action.c(285):             {\n
Action.c(285):               "fill": "rgb(170, 170, 170)"\n
Action.c(285):             },\n
Action.c(285):             {\n
Action.c(285):               "fill": "rgb(198, 198, 198)"\n
Action.c(285):             }\n
Action.c(285):           ],\n
Action.c(285):           "isMulticolor": true,\n
Action.c(285):           "tags": [\n
Action.c(285):             "cc_mastercard_bw"\n
Action.c(285):           ],\n
Action.c(285):           "grid": 32,\n
Action.c(285):           "defaultCode": 59942\n
Action.c(285):         },\n
Action.c(285):         {\n
Action.c(285):           "paths": [\n
Action.c(285):             "M645.274 687.334l59.597-349.773h95.334l-59.648 349.773h-95.283z",\n
Action.c(285):             "M1086.336 346.163c-24.926-9.311-53.728-14.7-83.789-14.7-0.585 0-1.17 0.002-1.754 
Action.c(285):     0.006-94.118-0-160.473 47.436-161.037 115.43-0.538 50.253 47.36 78.285 83.533 95.027 37.09
Action.c(285):     4 17.152 49.587 28.16 49.408 43.52-0.23 23.45-29.645 34.15-57.037 34.15-1.754 0.055-3.816 
Action.c(285):     0.087-5.885 0.087-30.42 0-59.253-6.798-85.062-18.958l-11.069-5.039-13.389 78.182c31.067 11
Action.c(285):     .822 66.992 18.667 104.516 18.667 0.588 0 1.176-0.002 1.763-0.005 100.134 0 165.183-46.899
Action.c(285):      165.926-119.5 0.358-39.782-25.037-70.067-80.051-95.027-33.28-16.179-53.76-26.982-53.504-4
Action.c(285):     3.366 0-14.541 17.28-30.080 54.605-30.080 1.158-0.027 2.523-0.043 3.891-0.043 24.339 0 47.
Action.c(285):     525 4.938 68.611 13.866l7.396 3.611 12.928-75.827z",\n
Action.c(285):             "M1330.816 337.92h-73.677c-1.822-0.248-3.927-0.39-6.066-0.39-19.687 0-36.571 11.99
Action.c(285):     9-43.738 29.082l-141.71 320.824h100.122s16.358-43.11 20.070-52.557l122.086 0.154c2.842 12.
Action.c(285):     237 11.597 52.403 11.597 52.403h88.499l-77.184-349.517zM1213.261 563.354c7.885-20.147 37.9
Action.c(285):     9-97.766 37.99-97.766-0.563 0.922 7.834-20.25 12.646-33.28l6.451 30.157s18.253 83.482 22.0
Action.c(285):     67 100.992h-79.155z",\n
Action.c(285):             "M565.299 337.92l-93.338 238.515-9.933-48.563c-24.863-64.312-71.423-115.624-130.51
Action.c(285):     2-145.998l83.818 305.179 100.864-0.128 150.093-349.005h-100.992z",\n
Action.c(285):             "M385.382 337.587h-153.728l-1.254 7.27c119.603 28.954 198.733 98.918 231.603 182.9
Action.c(285):     89l-33.408-160.742c-4.663-17.276-20.192-29.779-38.643-29.779-1.61 0-3.199 0.095-4.759 0.28
Action.c(285):     z"\n
Action.c(285):           ],\n
Action.c(285):           "width": 1690,\n
Action.c(285):           "attrs": [\n
Action.c(285):             {\n
Action.c(285):               "fill": "rgb(170, 170, 170)"\n
Action.c(285):             },\n
Action.c(285):             {\n
Action.c(285):               "fill": "rgb(170, 170, 170)"\n
Action.c(285):             },\n
Action.c(285):             {\n
Action.c(285):               "fill": "rgb(170, 170, 170)"\n
Action.c(285):             },\n
Action.c(285):             {\n
Action.c(285):               "fill": "rgb(170, 170, 170)"\n
Action.c(285):             },\n
Action.c(285):             {\n
Action.c(285):               "fill": "rgb(170, 170, 170)"\n
Action.c(285):             }\n
Action.c(285):           ],\n
Action.c(285):           "tags": [\n
Action.c(285):             "cc_visa_bw"\n
Action.c(285):           ],\n
Action.c(285):           "grid": 32,\n
Action.c(285):           "defaultCode": 59944\n
Action.c(285):         },\n
Action.c(285):         {\n
Action.c(285):           "paths": [\n
Action.c(285):             "M568.73 559.478c-154.5 0-279.748-125.247-279.748-279.748s125.247-279.748 279.748-
Action.c(285):     279.748c154.5 0 279.748 125.247 279.748 279.748-0.175 154.43-125.318 279.573-279.731 279.7
Action.c(285):     48zM568.73 51.208c-126.219 0-228.54 102.321-228.54 228.54s102.321 228.54 228.54 228.54c126
Action.c(285):     .219 0 228.54-102.321 228.54-228.54 0-0.006-0-0.012-0-0.018-0.117-126.168-102.37-228.415-2
Action.c(285):     28.53-228.522z",\n
Action.c(285):             "M265 894.069c-0.159-0.001-0.346-0.002-0.534-0.002-35.879 0-64.965 29.086-64.965 6
Action.c(285):     4.965s29.086 64.965 64.965 64.965c18.068 0 34.413-7.376 46.188-19.28 11.609-11.736 18.777-
Action.c(285):     27.874 18.777-45.685 0-35.692-28.782-64.661-64.403-64.963z",\n
Action.c(285):             "M849.604 894.069c-0.268-0.004-0.584-0.006-0.901-0.006-36.379 0-65.87 29.491-65.87
Action.c(285):      65.87s29.491 65.87 65.87 65.87c36.379 0 65.87-29.491 65.87-65.87 0-18.189-7.372-34.656-19
Action.c(285):     .291-46.576-11.391-11.897-27.401-19.291-45.139-19.291-0.189 0-0.378 0.001-0.567 0.003z",\n
Action.c(285):             "M480.687 303.832h60.801v60.801c0 14.141 11.463 25.604 25.604 25.604s25.604-11.463
Action.c(285):      25.604-25.604v-60.801h60.801c14.141 0 25.604-11.463 25.604-25.604s-11.463-25.604-25.604-2
Action.c(285):     5.604h-60.801v-60.903c0-14.141-11.463-25.604-25.604-25.604s-25.604 11.463-25.604 25.604v60
Action.c(285):     .903h-60.801c-14.141 0-25.604 11.463-25.604 25.604s11.463 25.604 25.604 25.604z",\n
Action.c(285):             "M868.158 673.108c0.001 0 0.003 0 0.004 0 10.716 0 19.894-6.583 23.711-15.925l148.
Action.c(285):     752-371.87c1.154-2.81 1.824-6.072 1.824-9.49 0-14.134-11.452-25.593-25.583-25.604l-127.201
Action.c(285):     -0c0.888 9.747 1.502 19.561 1.502 29.53 0 7.323-0.614 14.475-1.092 21.678h88.982l-128.224 
Action.c(285):     320.475h-605.958l-64.129-320.492h66.672c-0.478-7.203-1.092-14.355-1.092-21.678 0-9.968 0.6
Action.c(285):     14-19.8 1.502-29.53h-77.324l-20.654-103.32c-2.432-11.812-12.745-20.568-25.104-20.568-0.002
Action.c(285):      0-0.004 0-0.005 0l-99.138-0c-14.141 0-25.604 11.463-25.604 25.604s11.463 25.604 25.604 25
Action.c(285):     .604h78.143l20.654 103.32 73.21 366.084-23.897 145.174c-0.215 1.247-0.338 2.683-0.338 4.14
Action.c(285):     8 0 14.141 11.463 25.604 25.604 25.604 0.005 0 0.010-0 0.015-0l768.302 0c14.141 0 25.604-1
Action.c(285):     1.463 25.604-25.604s-11.463-25.604-25.604-25.604h-738.073l15.994-97.482h622.941z"\n
Action.c(285):           ],\n
Action.c(285):           "width": 1042,\n
Action.c(285):           "tags": [\n
Action.c(285):             "largeIcon_addToCart"\n
Action.c(285):           ],\n
Action.c(285):           "grid": 32,\n
Action.c(285):           "defaultCode": 59945\n
Action.c(285):         },\n
Action.c(285):         {\n
Action.c(285):           "paths": [\n
Action.c(285):             "M260.262 896.392c-0.156-0.001-0.34-0.002-0.524-0.002-35.238 0-63.804 28.566-63.80
Action.c(285):     4 63.804s28.566 63.804 63.804 63.804c17.745 0 33.798-7.244 45.363-18.936 11.401-11.526 18.
Action.c(285):     441-27.375 18.441-44.869 0-35.054-28.268-63.505-63.251-63.802z",\n
Action.c(285):             "M834.415 896.392c-0.258-0.004-0.563-0.006-0.868-0.006-35.729 0-64.693 28.964-64.6
Action.c(285):     93 64.693s28.964 64.693 64.693 64.693c35.729 0 64.693-28.964 64.693-64.693 0-17.872-7.247-
Action.c(285):     34.051-18.963-45.76-11.186-11.674-26.904-18.929-44.316-18.929-0.192 0-0.383 0.001-0.574 0.
Action.c(285):     003z",\n
Action.c(285):             "M560.188 568.57c157.006-0 284.285-127.279 284.285-284.285s-127.279-284.285-284.28
Action.c(285):     5-284.285c-157.006 0-284.285 127.279-284.285 284.285 0 0.006 0 0.012 0 0.018 0.181 156.929
Action.c(285):      127.354 284.096 284.269 284.267zM560.188 52.036c128.261 0.010 232.233 103.988 232.233 232
Action.c(285):     .249 0 128.268-103.982 232.249-232.249 232.249-128.262 0-232.24-103.972-232.249-232.232 0.
Action.c(285):     095-128.253 104.019-232.201 232.253-232.334z",\n
Action.c(285):             "M852.638 679.381c0.001 0 0.003 0 0.004 0 10.524 0 19.538-6.465 23.287-15.641l146.
Action.c(285):     093-365.222c1.133-2.76 1.791-5.964 1.791-9.321 0-13.881-11.247-25.135-25.126-25.146l-114.1
Action.c(285):     81-0c0.419 6.7
Action.c(285): t=48314ms: 12288-byte DECODED response body for "https://stage.peapod.com/shop/images/icons/PeapodIcons.json" (RelFrameId=1, Internal ID=25)
Action.c(285):     06 1.023 13.411 1.023 20.268 0 10.058-0.604 20.117-1.526 30.024h77.534l-125.915 314.746h-5
Action.c(285):     95.125l-62.983-314.762h58.859c-0.905-9.908-1.526-19.899-1.526-30.024 0-6.84 0.604-13.529 1
Action.c(285):     .023-20.268h-68.431l-20.285-101.423c-2.361-11.631-12.502-20.264-24.659-20.268l-97.349-0c-1
Action.c(285):     3.888 0-25.146 11.258-25.146 25.146s11.258 25.146 25.146 25.146h76.746l20.285 101.473 71.9
Action.c(285):     01 359.506-23.47 142.578c-0.211 1.225-0.332 2.635-0.332 4.074 0 13.888 11.258 25.146 25.14
Action.c(285):     6 25.146 0.005 0 0.010-0 0.014-0l754.567 0c13.888 0 25.146-11.258 25.146-25.146s-11.258-25
Action.c(285):     .146-25.146-25.146h-724.879l15.708-95.74h611.889z",\n
Action.c(285):             "M510.868 410.552c4.55 4.547 10.834 7.359 17.775 7.359 0.004 0 0.008-0 0.012-0l1.6
Action.c(285):     76 0c7.463-0.502 13.975-4.189 18.247-9.699l139.922-181.897c3.355-4.234 5.381-9.653 5.381-1
Action.c(285):     5.546 0-13.888-11.258-25.146-25.146-25.146-8.179 0-15.446 3.905-20.038 9.952l-122.507 159.
Action.c(285):     153-58.674-58.674c-4.579-4.736-10.99-7.677-18.087-7.677-13.888 0-25.146 11.258-25.146 25.1
Action.c(285):     46 0 7.098 2.941 13.508 7.67 18.081z"\n
Action.c(285):           ],\n
Action.c(285):           "tags": [\n
Action.c(285):             "largeIcon_addToCartSuccess"\n
Action.c(285):           ],\n
Action.c(285):           "grid": 32,\n
Action.c(285):           "defaultCode": 59946\n
Action.c(285):         },\n
Action.c(285):         {\n
Action.c(285):           "paths": [\n
Action.c(285):             "M980.975 129.076h-73.16v98.39c0.002 0.23 0.003 0.503 0.003 0.775 0 29.189-12.658 
Action.c(285):     55.422-32.783 73.509-18.195 16.653-42.415 26.808-69.006 26.808-0.113 0-0.225-0-0.338-0.001
Action.c(285):     -0.138 0.001-0.321 0.001-0.505 0.001-27.456 0-52.314-11.121-70.315-29.104-18.084-18.206-29
Action.c(285):     .261-43.293-29.261-70.991 0-0.333 0.002-0.665 0.005-0.997l-0-98.391h-378.622v98.39c0.002 0
Action.c(285):     .23 0.003 0.503 0.003 0.775 0 29.189-12.658 55.422-32.783 73.509-18.195 16.653-42.415 26.8
Action.c(285):     08-69.006 26.808-0.113 0-0.225-0-0.338-0.001-0.087 0-0.21 0.001-0.334 0.001-27.455 0-52.31
Action.c(285):     3-11.121-70.314-29.104-18.084-18.206-29.261-43.293-29.261-70.991 0-0.333 0.002-0.665 0.005
Action.c(285):     -0.997l-0-98.391h-73.332c-28.479 0.088-51.542 23.151-51.63 51.622l-0 791.672c0.088 28.479 
Action.c(285):     23.151 51.542 51.622 51.63l929.353 0c28.479-0.088 51.542-23.151 51.63-51.622l0-791.672c-0.
Action.c(285):     088-28.479-23.151-51.542-51.622-51.63zM980.975 972.37h-929.345v-533.513h929.345v533.513z",
Action.c(285):     \n
Action.c(285):             "M223.731 258.151c14.257 0 25.815-11.558 25.815-25.815v-206.521c0-14.257-11.558-25
Action.c(285):     .815-25.815-25.815s-25.815 11.558-25.815 25.815v206.521c0 14.257 11.558 25.815 25.815 25.8
Action.c(285):     15z",\n
Action.c(285):             "M808.874 258.151c14.257 0 25.815-11.558 25.815-25.815v-206.521c0-14.257-11.558-25
Action.c(285):     .815-25.815-25.815s-25.815 11.558-25.815 25.815v206.521c0 14.257 11.558 25.815 25.815 25.8
Action.c(285):     15z"\n
Action.c(285):           ],\n
Action.c(285):           "width": 1033,\n
Action.c(285):           "tags": [\n
Action.c(285):             "largeIcon_calendar"\n
Action.c(285):           ],\n
Action.c(285):           "grid": 32,\n
Action.c(285):           "defaultCode": 59947\n
Action.c(285):         },\n
Action.c(285):         {\n
Action.c(285):           "paths": [\n
Action.c(285):             "M182.426 219.002c13.976 0 25.306-11.33 25.306-25.306v-168.389c0-13.976-11.33-25.3
Action.c(285):     06-25.306-25.306s-25.306 11.33-25.306 25.306v168.389c0 13.976 11.33 25.306 25.306 25.306z"
Action.c(285):     ,\n
Action.c(285):             "M659.553 219.002c13.976 0 25.306-11.33 25.306-25.306v-168.389c0-13.976-11.33-25.3
Action.c(285):     06-25.306-25.306s-25.306 11.33-25.306 25.306v168.389c0 13.976 11.33 25.306 25.306 25.306z"
Action.c(285):     ,\n
Action.c(285):             "M50.613 788.599v-426.498h740.753v130.531c0.692 0 1.35-0.101 2.041-0.101 17.235 0.
Action.c(285):     104 34.023 1.714 50.328 4.705l-1.757-337.113c-0.086-27.918-22.695-50.527-50.605-50.613l-51
Action.c(285):     .144-0v80.221c0.002 0.189 0.003 0.412 0.003 0.635 0 23.8-10.323 45.189-26.736 59.934-14.84
Action.c(285):      13.582-34.592 21.863-56.279 21.863-0.092 0-0.185-0-0.277-0-0.086 0-0.205 0.001-0.323 0.00
Action.c(285):     1-22.408 0-42.695-9.085-57.378-23.772-14.796-14.856-23.943-35.347-23.943-57.975 0-0.241 0.
Action.c(285):     001-0.482 0.003-0.722l-0-80.201h-308.587v80.221c0.002 0.189 0.003 0.412 0.003 0.635 0 23.8
Action.c(285):     -10.323 45.189-26.736 59.934-14.84 13.582-34.592 21.863-56.279 21.863-0.092 0-0.185-0-0.27
Action.c(285):     7-0-0.086 0-0.205 0.001-0.323 0.001-22.408 0-42.695-9.085-57.378-23.772-14.776-14.853-23.9
Action.c(285):     09-35.331-23.909-57.942 0-0.253 0.001-0.505 0.003-0.758l-0-80.183h-51.203c-27.918 0.086-50
Action.c(285):     .527 22.695-50.613 50.605l-0 628.502c0.086 27.918 22.695 50.527 50.605 50.613l462.408 0c-3
Action.c(285):     .273-14.977-5.404-32.388-5.913-50.205l-456.487-0.407z",\n
Action.c(285):             "M793.391 534.725c-135.105 0-244.629 109.524-244.629 244.629s109.524 244.629 244.6
Action.c(285):     29 244.629c135.105 0 244.629-109.524 244.629-244.629-0.163-135.039-109.59-244.466-244.613-
Action.c(285):     244.629zM793.391 973.37c-107.152 0-194.016-86.864-194.016-194.016s86.864-194.016 194.016-1
Action.c(285):     94.016c107.152 0 194.016 86.864 194.016 194.016-0.077 107.138-86.885 193.976-194.004 194.1
Action.c(285):     z",\n
Action.c(285):             "M888.104 754.048h-69.39v-103.402c0-13.976-11.33-25.306-25.306-25.306s-25.306 11.3
Action.c(285):     3-25.306 25.306v128.709c0 13.976 11.33 25.306 25.306 25.306h94.697c13.976 0 25.306-11.33 2
Action.c(285):     5.306-25.306s-11.33-25.306-25.306-25.306z"\n
Action.c(285):           ],\n
Action.c(285):           "width": 1038,\n
Action.c(285):           "tags": [\n
Action.c(285):             "largeIcon_calendarClock"\n
Action.c(285):           ],\n
Action.c(285):           "grid": 32,\n
Action.c(285):           "defaultCode": 59948\n
Action.c(285):         },\n
Action.c(285):         {\n
Action.c(285):           "paths": [\n
Action.c(285):             "M512 0c-282.77 0-512 229.23-512 512s229.23 512 512 512c282.77 0 512-229.23 512-51
Action.c(285):     2-0.329-282.637-229.363-511.671-511.968-512zM512 971.338c-253.685 0-459.338-205.653-459.33
Action.c(285):     8-459.338s205.653-459.338 459.338-459.338c253.685 0 459.338 205.653 459.338 459.338-0.329 
Action.c(285):     253.553-205.785 459.008-459.306 459.338z",\n
Action.c(285):             "M582.216 256.009c44.026 0 114.102 52.223 114.102 114.102 0 14.542 11.789 26.331 2
Action.c(285):     6.331 26.331s26.331-11.789 26.331-26.331c0-89.807-91.703-166.764-166.764-166.764h-46.817v-
Action.c(285):     38.040c0-14.542-11.789-26.331-26.331-26.331s-26.331 11.789-26.331 26.331v38.040h-40.954c-7
Action.c(285):     5.061 0-166.764 76.957-166.764 166.764 0 91.948 59.052 166.764 131.656 166.764h76.062v228.
Action.c(285):     203h-40.954c-44.026 0-114.102-52.223-114.102-114.102 0-14.542-11.789-26.331-26.331-26.331s
Action.c(285):     -26.331 11.789-26.331 26.331c0 89.807 91.703 166.764 166.764 166.764h40.954v40.954c0 14.54
Action.c(285):     2 11.789 26.331 26.331 26.331s26.331-11.789 26.331-26.331v-40.954h46.817c75.061 0 166.764-
Action.c(285):     76.957 166.764-166.764 0-91.948-59.052-166.764-131.656-166.764h-81.925v-228.203h46.817zM61
Action.c(285):     7.325 536.874c42.814 0 78.993 52.259 78.993 114.102s-70.076 114.102-114.102 114.102h-46.81
Action.c(285):     7v-228.203h81.925zM482.737 484.212h-76.062c-42.814 0-78.993-52.259-78.993-114.102s70.076-1
Action.c(285):     14.102 114.102-114.102h40.954v228.203z"\n
Action.c(285):           ],\n
Action.c(285):           "tags": [\n
Action.c(285):             "largeIcon_dollarSign"\n
Action.c(285):           ],\n
Action.c(285):           "grid": 32,\n
Action.c(285):           "defaultCode": 59949\n
Action.c(285):         },\n
Action.c(285):         {\n
Action.c(285):           "paths": [\n
Action.c(285):             "M554.777 544.213c26.84-37.782 46.738-82.487 56.747-130.812 23.377-15.621 39.040-3
Action.c(285):     9.366 40.944-66.897 3.766-45.446-10.127-65.558-28.566-74.465-0.22-5.341 29.442-157.366-78.
Action.c(285):     573-196.221-12.304-18.726-95.609-132.318-246.755-40.157-29.75 18.061-54.932 40.336-75.612 
Action.c(285):     66.351-27.637 34.836-45.822 87.618-48.915 168.658-20.281 7.927-35.982 27.616-32.011 75.581
Action.c(285):      1.169 28.95 17.176 53.917 40.581 67.614 11.001 49.713 30.656 93.377 57.689 131.435-139.37
Action.c(285):     9 35.307-240.039 159.388-240.306 307.022l-0 78.722c0.067 51.311 41.645 92.888 92.949 92.95
Action.c(285):     6l608.444 0c51.311-0.067 92.888-41.645 92.956-92.949l0-78.698c-0.266-147.665-100.926-271.7
Action.c(285):     45-237.352-307.643zM234.181 254.023c132.437 0 212.463-54.793 256.896-102.758 32.598 33.815
Action.c(285):      57.781 75.013 72.784 120.821 3.64 18.299 5.373 36.793 5.4 55.687 0 136.922-80.415 256.919
Action.c(285):     -172.086 256.919s-172.086-119.997-172.086-256.896c-0-0.143-0-0.313-0-0.482 0-26.032 3.317-
Action.c(285):     51.29 9.551-75.374zM743.646 931.044c0 23.335-18.917 42.253-42.253 42.253h-223.094l-54.81-2
Action.c(285):     20.221c15.647-0.287 28.221-13.039 28.221-28.727 0-2.401-0.295-4.733-0.849-6.963l-11.789-48
Action.c(285):     .055c-3.142-12.507-14.287-21.621-27.561-21.621-0.18 0-0.359 0.002-0.539 0.005l-27.589-0c-0
Action.c(285):     .119-0.002-0.259-0.003-0.399-0.003-13.361 0-24.584 9.158-27.732 21.54l-11.687 48.467c-0.48
Action.c(285):     8 1.982-0.768 4.258-0.768 6.599 0 15.633 12.485 28.35 28.029 28.723l-54.775 220.255h-223.0
Action.c(285):     94c-23.335 0-42.253-18.917-42.253-42.253v-78.691c0.25-133.852 98.625-244.652 227.011-264.3
Action.c(285):     13 32.354 28.821 73.676 47.016 119.232 48.178 46.012-1.171 87.331-19.364 118.292-48.454 12
Action.c(285):     9.78 19.944 228.15 130.74 228.408 264.562l0 78.718z",\n
Action.c(285):             "M389.282 352.657h15.786c7.922 32.744 36.975 56.686 71.62 56.686 40.641 0 73.587-3
Action.c(285):     2.946 73.587-73.587s-32.946-73.587-73.587-73.587c-34.645 0-63.698 23.942-71.517 56.183l-15
Action.c(285):     .889 0.503c-7.922-32.744-36.975-56.686-71.62-56.686-40.641 0-73.587 32.946-73.587 73.587s3
Action.c(285):     2.946 73.587 73.587 73.587c34.645 0 63.698-23.942 71.517-56.183zM476.609 295.937c21.982 0 
Action.c(285):     39.802 17.82 39.802 39.802s-17.82 39.802-39.802 39.802c-21.976 0-39.792-17.81-39.802-39.78
Action.c(285):     4-0-0.006-0-0.012-0-0.018 0-21.982 17.82-39.802 39.802-39.802 0 0 0 0 0 0zM278.14 335.756c
Action.c(285):     0.019-21.939 17.809-39.717 39.751-39.717 21.954 0 39.751 17.797 39.751 39.751 0 21.936-17.
Action.c(285):     768 39.722-39.698 39.751-21.967-0.029-39.766-17.822-39.805-39.781z"\n
Action.c(285):           ],\n
Action.c(285):           "width": 794,\n
Action.c(285):           "tags": [\n
Action.c(285):             "largeIcon_orderGenius"\n
Action.c(285):           ],\n
Action.c(285):           "grid": 32,\n
Action.c(285):           "defaultCode": 59950\n
Action.c(285):         },\n
Action.c(285):         {\n
Action.c(285):           "paths": [\n
Action.c(285):             "M512 1024c-282.77 0-512-229.23-512-512s229.23-512 512-512c282.77 0 512 229.23 512
Action.c(285):      512-0.344 282.631-229.369 511.656-511.967 512zM512 50.361c-254.956 0-461.639 206.683-461.
Action.c(285):     639 461.639s206.683 461.639 461.639 461.639c254.956 0 461.639-206.683 461.639-461.639-0.29
Action.c(285):     6-254.837-206.802-461.343-461.611-461.639z",\n
Action.c(285):             "M437.869 730.146c-0.004 0-0.009 0-0.014 0-6.841 0-13.045-2.728-17.584-7.156l-185.
Action.c(285):     255-180.672c-4.684-4.582-7.588-10.966-7.588-18.029 0-13.925 11.289-25.214 25.214-25.214 6.
Action.c(285):     862 0 13.085 2.742 17.631 7.189l164.859 160.814 274.969-360.918c4.649-6.056 11.89-9.922 20
Action.c(285):     .035-9.922 13.912 0 25.189 11.278 25.189 25.189 0 5.767-1.938 11.081-5.198 15.327l-292.216
Action.c(285):      383.403c-4.279 5.577-10.746 9.29-18.095 9.849-0.723 0.123-1.344 0.223-1.948 0.139z"\n
Action.c(285):           ],\n
Action.c(285):           "tags": [\n
Action.c(285):             "largeIcon_success"\n
Action.c(285):           ],\n
Action.c(285):           "grid": 32,\n
Action.c(285):           "defaultCode": 59951\n
Action.c(285):         },\n
Action.c(285):         {\n
Action.c(285):           "paths": [\n
Action.c(285):             "M1536 1024h-1382.4c-84.831 0-153.6-68.769-153.6-153.6v-716.8c0-84.831 68.769-153.
Action.c(285):     6 153.6-153.6h1382.4c84.831 0 153.6 68.769 153.6 153.6v716.8c0 84.831-68.769 153.6-153.6 1
Action.c(285):     53.6z",\n
Action.c(285):             "M645.274 687.334l59.597-349.773h95.334l-59.648 349.773h-95.283z",\n
Action.c(285):             "M1086.336 346.163c-24.926-9.311-53.728-14.7-83.789-14.7-0.585 0-1.17 0.002-1.754 
Action.c(285):     0.006-94.118-0-160.473 47.436-161.037 115.43-0.538 50.253 47.36 78.285 83.533 95.027 37.09
Action.c(285):     4 17.152 49.587 28.16 49.408 43.52-0.23 23.45-29.645 34.15-57.037 34.15-1.754 0.055-3.816 
Action.c(285):     0.087-5.885 0.087-30.42 0-59.253-6.798-85.062-18.958l-11.069-5.039-13.389 78.182c31.067 11
Action.c(285):     .822 66.992 18.667 104.516 18.667 0.588 0 1.176-0.002 1.763-0.005 100.134 0 165.183-46.899
Action.c(285):      165.926-119.5 0.358-39.782-25.037-70.067-80.051-95.027-33.28-16.179-53.76-26.982-53.504-4
Action.c(285):     3.366 0-14.541 17.28-30.080 54.605-30.080 1.158-0.027 2.523-0.043 3.891-0.043 24.339 0 47.
Action.c(285):     525 4.938 68.611 13.866l7.396 3.611 12.928-75.827z",\n
Action.c(285):             "M1330.816 337.92h-73.677c-1.822-0.248-3.927-0.39-6.066-0.39-19.687 0-36.571 11.99
Action.c(285):     9-43.738 29.082l-141.71 320.824h100.122s16.358-43.11 20.070-52.557l122.086 0.154c2.842 12.
Action.c(285):     237 11.597 52.403 11.597 52.403h88.499l-77.184-349.517zM1213.261 563.354c7.885-20.147 37.9
Action.c(285):     9-97.766 37.99-97.766-0.563 0.922 7.834-20.25 12.646-33.28l6.451 30.157s18.253 83.482 22.0
Action.c(285):     67 100.992h-79.155z",\n
Action.c(285):             "M565.299 337.92l-93.338 238.515-9.933-48.563c-24.863-64.312-71.423-115.624-130.51
Action.c(285):     2-145.998l83.818 305.179 100.864-0.128 150.093-349.005h-100.992z",\n
Action.c(285):             "M385.382 337.587h-153.728l-1.254 7.27c119.603 28.954 198.733 98.918 231.603 182.9
Action.c(285):     89l-33.408-160.742c-4.663-17.276-20.192-29.779-38.643-29.779-1.61 0-3.199 0.095-4.759 0.28
Action.c(285):     z"\n
Action.c(285):           ],\n
Action.c(285):           "width": 1690,\n
Action.c(285):           "attrs": [\n
Action.c(285):             {\n
Action.c(285):               "fill": "rgb(255, 255, 255)"\n
Action.c(285):             },\n
Action.c(285):             {\n
Action.c(285):               "fill": "rgb(0, 79, 149)"\n
Action.c(285):             },\n
Action.c(285):             {\n
Action.c(285):               "fill": "rgb(0, 79, 149)"\n
Action.c(285):             },\n
Action.c(285):             {\n
Action.c(285):               "fill": "rgb(0, 79, 149)"\n
Action.c(285):             },\n
Action.c(285):             {\n
Action.c(285):               "fill": "rgb(0, 79, 149)"\n
Action.c(285):             },\n
Action.c(285):             {\n
Action.c(285):               "fill": "rgb(246, 163, 0)"\n
Action.c(285):             }\n
Action.c(285):           ],\n
Action.c(285):           "isMulticolor": true,\n
Action.c(285):           "tags": [\n
Action.c(285):             "cc_visa"\n
Action.c(285):           ],\n
Action.c(285):           "grid": 32,\n
Action.c(285):           "defaultCode": 59952\n
Action.c(285):         },\n
Action.c(285):         {\n
Action.c(285):           "paths": [\n
Action.c(285):             "M1536 1024h-1382.4c-84.831 0-153.6-68.769-153.6-153.6v-716.8c0-84.831 68.769-153.
Action.c(285):     6 153.6-153.6h1382.4c84.831 0 153.6 68.769 153.6 153.6v716.8c0 84.831-68.769 153.6-153.6 1
Action.c(285):     53.6z",\n
Action.c(285):             "M911.718 512c0 147.917-119.91 267.827-267.827 267.827s-267.827-119.91-267.827-267
Action.c(285):     .827c0-147.917 119.91-267.827 267.827-267.827s267.827 119.91 267.827 267.827z",\n
Action.c(285):             "M1044.864 246.784c-79.464 0.011-150.771 34.927-199.425 90.251-11.254 12.846-21.32
Action.c(285):     5 26.781-30.026 41.617l60.107 1.278c8.912 15.238 16.781 32.874 22.676 51.39l-107.156 1.883
Action.c(285):     c-5.113 15.387-9.028 33.424-11.010 52.040l129.846 1.157c0.995 7.816 1.651 17.044 1.814 26.
Action.c(285):     392 0.003 9.244-0.534 18.152-1.405 26.856h-130.355c2.095 19.803 6.027 37.8
Action.c(285): t=48357ms: 12288-byte DECODED response body for "https://stage.peapod.com/shop/images/icons/PeapodIcons.json" (RelFrameId=1, Internal ID=25)
Action.c(285):     65 11.692 55.143l107.476-1.869c-6.564 20.404-14.563 38.031-24.283 54.521l-60.171-1.248c9.3
Action.c(285):     81 16.104 19.452 30.032 30.727 42.878 48.774 55.299 120.178 90.191 199.732 90.191 147.040 
Action.c(285):     0 266.24-119.2 266.24-266.24s-119.2-266.24-266.24-266.24c-0.084 0-0.167 0-0.251 0z"\n
Action.c(285):           ],\n
Action.c(285):           "width": 1690,\n
Action.c(285):           "attrs": [\n
Action.c(285):             {\n
Action.c(285):               "fill": "rgb(255, 255, 255)"\n
Action.c(285):             },\n
Action.c(285):             {\n
Action.c(285):               "fill": "rgb(234, 86, 75)"\n
Action.c(285):             },\n
Action.c(285):             {\n
Action.c(285):               "fill": "rgb(233, 212, 25)"\n
Action.c(285):             }\n
Action.c(285):           ],\n
Action.c(285):           "isMulticolor": true,\n
Action.c(285):           "tags": [\n
Action.c(285):             "cc_mastercard"\n
Action.c(285):           ],\n
Action.c(285):           "grid": 32,\n
Action.c(285):           "defaultCode": 59958\n
Action.c(285):         },\n
Action.c(285):         {\n
Action.c(285):           "paths": [\n
Action.c(285):             "M1536 1024h-1382.4c-84.831 0-153.6-68.769-153.6-153.6v-716.8c0-84.831 68.769-153.
Action.c(285):     6 153.6-153.6h1382.4c84.831 0 153.6 68.769 153.6 153.6v716.8c0 84.831-68.769 153.6-153.6 1
Action.c(285):     53.6z",\n
Action.c(285):             "M352.102 510.131c0.138 1.962 0.216 4.253 0.216 6.561 0 27.174-10.89 51.805-28.544
Action.c(285):      69.767-19.909 16.637-45.799 26.748-74.050 26.748-2.764 0-5.506-0.097-8.222-0.287l-56.799 
Action.c(285):     0.021v-201.702h63.309c1.968-0.13 4.267-0.204 6.583-0.204 26.893 0 51.459 9.961 70.211 26.3
Action.c(285):     95 16.929 17.143 27.463 40.867 27.463 67.051 0 1.988-0.061 3.961-0.18 5.919zM307.686 511.2
Action.c(285):     58q0-64.973-57.344-64.973h-22.81v131.302h18.227q61.952 0.026 61.926-66.33z",\n
Action.c(285):             "M388.275 612.915v-201.702h42.752v201.702h-42.752z",\n
Action.c(285):             "M600.883 556.902c0.031 0.674 0.049 1.464 0.049 2.258 0 16.488-7.667 31.185-19.63 
Action.c(285):     40.72-13.902 10.032-31.149 15.997-49.788 15.997-1.758 0-3.504-0.053-5.237-0.158-0.488 0.02
Action.c(285):     6-1.345 0.035-2.203 0.035-19.859 0-38.671-4.483-55.479-12.492l0.78-39.396c9.55 4.556 21.02
Action.c(285):     0 8.913 32.871 12.377 9.414 2.632 18.307 3.969 27.49 4.108 0.751 0.044 1.534 0.069 2.323 0
Action.c(285):     .069 7.153 0 13.833-2.026 19.497-5.535 4.445-3.341 7.394-8.772 7.394-14.891 0-0.349-0.010-
Action.c(285):     0.696-0.029-1.040 0.003-0.028 0.004-0.118 0.004-0.208 0-3.87-1.259-7.445-3.389-10.339-2.62
Action.c(285):     8-3.519-5.866-6.489-9.571-8.775-7.275-4.46-15.84-9.015-24.678-13.078-12.173-5.377-21.302-1
Action.c(285):     0.969-29.593-17.569-5.747-4.94-10.689-11.124-14.325-18.099-3.64-7.23-5.678-15.36-5.678-23.
Action.c(285):     967 0-0.432 0.005-0.863 0.015-1.292-0.039-0.683-0.061-1.558-0.061-2.437 0-15.792 7.023-29.
Action.c(285):     944 18.117-39.502 12.601-9.722 28.526-15.548 45.813-15.548 1.559 0 3.107 0.047 4.642 0.141
Action.c(285):     -0.042-0.011 0.157-0.012 0.356-0.012 10.459 0 20.602 1.355 30.262 3.898 10.873 2.955 20.80
Action.c(285):     6 6.529 30.355 10.809l-15.104 32.757c-7.315-3.259-16.211-6.414-25.376-8.921-7.602-1.923-14
Action.c(285):     .755-2.855-22.121-2.881-0.586-0.042-1.251-0.067-1.921-0.067-6.332 0-12.16 2.154-16.792 5.7
Action.c(285):     7-3.94 3.623-6.439 8.873-6.439 14.708 0 3.631 0.968 7.036 2.66 9.971 2.178 3.163 4.958 5.8
Action.c(285):     7 8.181 7.95 7.483 4.578 16.375 9.303 25.544 13.531 16.938 7.091 29.873 16.281 40.392 27.7
Action.c(285):     26 6.705 8.708 10.702 19.665 10.702 31.555 0 0.643-0.012 1.283-0.035 1.921z",\n
Action.c(285):             "M723.098 443.904c-0.571-0.027-1.239-0.042-1.912-0.042-14.547 0-27.434 7.108-35.37
Action.c(285):     7 18.041-8.481 12.999-13.473 28.755-13.473 45.678 0 1.771 0.055 3.529 0.162 5.273q-0.012 6
Action.c(285):     7.191 50.599 67.217c18.688-0.706 36.281-4.533 52.556-10.973l-1.075 36.215c-15.706 6.491-33
Action.c(285):     .944 10.26-53.062 10.26-0.848 0-1.695-0.007-2.54-0.022-1.487 0.111-3.372 0.174-5.272 0.174
Action.c(285):     -24.422 0-46.429-10.338-61.884-26.876-14.735-18.928-23.597-42.974-23.597-69.091 0-2.676 0.
Action.c(285):     093-5.33 0.276-7.959-0.037-0.412-0.046-1.315-0.046-2.22 0-19.010 4.257-37.027 11.869-53.14
Action.c(285):     8 6.89-14.569 18.186-26.968 32.173-35.334 14.183-8.163 30.741-12.856 48.395-12.856 0.803 0
Action.c(285):      1.604 0.010 2.402 0.029 21.433 0.225 41.713 5.448 59.688 14.561l-14.571 34.41c-5.96-2.952
Action.c(285):     -13.494-6.116-21.22-8.875-8.282-2.981-16.013-4.433-24.079-4.463z",\n
Action.c(285):             "M1116.902 411.213h43.187l-68.506 201.702h-46.643l-68.403-201.702h43.213l37.965 12
Action.c(285):     0.013c2.099 7.117 4.352 15.36 6.554 24.781s3.61 15.898 4.198 19.635c2.871-17.388 6.431-32.
Action.c(285):     358 10.904-46.929z",\n
Action.c(285):             "M1301.632 612.915h-116.173v-201.702h116.173v35.072h-73.421v44.288h68.352v35.046h-
Action.c(285):     68.352v51.968h73.421v35.328z",\n
Action.c(285):             "M1386.496 535.526v77.389h-42.752v-201.702h58.88c2.28-0.184 4.936-0.289 7.617-0.28
Action.c(285):     9 19.727 0 38.125 5.686 53.646 15.509 11.721 10.723 19.313 26.517 19.313 44.085 0 12.19-3.
Action.c(285):     655 23.527-9.929 32.973-6.889 9.338-16.257 16.79-27.135 21.355q45.065 68.101 58.863 87.992
Action.c(285):     h-47.565l-48.154-77.389h-22.784zM1386.496 500.736h13.824c1.144 0.088 2.478 0.138 3.824 0.1
Action.c(285):     38 9.596 0 18.596-2.549 26.361-7.007 5.671-4.343 9.462-11.379 9.462-19.301 0-0.646-0.025-1
Action.c(285):     .286-0.075-1.92 0.062-0.51 0.094-1.201 0.094-1.899 0-7.698-3.928-14.479-9.889-18.447-7.79-
Action.c(285):     3.965-16.891-6.258-26.527-6.258-1.432 0-2.852 0.051-4.259 0.15l-12.867-0.011v54.502z",\n
Action.c(285):             "M981.018 512.077c0 55.706-45.158 100.864-100.864 100.864s-100.864-45.158-100.864-
Action.c(285):     100.864c0-55.706 45.158-100.864 100.864-100.864s100.864 45.158 100.864 100.864z"\n
Action.c(285):           ],\n
Action.c(285):           "width": 1690,\n
Action.c(285):           "attrs": [\n
Action.c(285):             {\n
Action.c(285):               "fill": "rgb(255, 255, 255)"\n
Action.c(285):             },\n
Action.c(285):             {\n
Action.c(285):               "fill": "rgb(65, 64, 66)"\n
Action.c(285):             },\n
Action.c(285):             {\n
Action.c(285):               "fill": "rgb(65, 64, 66)"\n
Action.c(285):             },\n
Action.c(285):             {\n
Action.c(285):               "fill": "rgb(65, 64, 66)"\n
Action.c(285):             },\n
Action.c(285):             {\n
Action.c(285):               "fill": "rgb(65, 64, 66)"\n
Action.c(285):             },\n
Action.c(285):             {\n
Action.c(285):               "fill": "rgb(65, 64, 66)"\n
Action.c(285):             },\n
Action.c(285):             {\n
Action.c(285):               "fill": "rgb(65, 64, 66)"\n
Action.c(285):             },\n
Action.c(285):             {\n
Action.c(285):               "fill": "rgb(65, 64, 66)"\n
Action.c(285):             },\n
Action.c(285):             {\n
Action.c(285):               "fill": "rgb(230, 161, 36)"\n
Action.c(285):             }\n
Action.c(285):           ],\n
Action.c(285):           "isMulticolor": true,\n
Action.c(285):           "tags": [\n
Action.c(285):             "cc_discover"\n
Action.c(285):           ],\n
Action.c(285):           "grid": 32,\n
Action.c(285):           "defaultCode": 59961\n
Action.c(285):         },\n
Action.c(285):         {\n
Action.c(285):           "paths": [\n
Action.c(285):             "M1536 1024h-1382.4c-84.831 0-153.6-68.769-153.6-153.6v-716.8c0-84.831 68.769-153.
Action.c(285):     6 153.6-153.6h1382.4c84.831 0 153.6 68.769 153.6 153.6v716.8c0 84.831-68.769 153.6-153.6 1
Action.c(285):     53.6z",\n
Action.c(285):             "M468.838 690.15l-11.75-47.898h-88.73l-11.75 47.898h-82.15l92.467-313.165h91.571l9
Action.c(285):     2.493 313.165h-82.15zM412.979 455.859l-29.568 120.32h58.675z",\n
Action.c(285):             "M804.992 690.15v-185.83l-63.386 185.933h-29.568l-62.925-185.933v185.933h-76.083v-
Action.c(285):     313.267h100.941l53.069 156.339 53.53-156.339h100.070v313.165h-75.648z",\n
Action.c(285):             "M931.686 690.15v-313.165h188.749v66.202h-112.64v54.938h109.389v66.227h-109.414v59
Action.c(285):     .622h112.64v66.202h-188.723z",\n
Action.c(285):             "M1328.23 690.15l-51.661-101.888-51.2 101.888h-86.835l90.598-160.102-85.453-153.06
Action.c(285):     2h86.886l46.080 95.77 45.542-95.77h87.322l-84.966 152.602 90.624 160.563h-86.938z"\n
Action.c(285):           ],\n
Action.c(285):           "width": 1690,\n
Action.c(285):           "attrs": [\n
Action.c(285):             {\n
Action.c(285):               "fill": "rgb(255, 255, 255)"\n
Action.c(285):             },\n
Action.c(285):             {\n
Action.c(285):               "fill": "rgb(26, 117, 207)"\n
Action.c(285):             },\n
Action.c(285):             {\n
Action.c(285):               "fill": "rgb(26, 117, 207)"\n
Action.c(285):             },\n
Action.c(285):             {\n
Action.c(285):               "fill": "rgb(26, 117, 207)"\n
Action.c(285):             },\n
Action.c(285):             {\n
Action.c(285):               "fill": "rgb(26, 117, 207)"\n
Action.c(285):             }\n
Action.c(285):           ],\n
Action.c(285):           "isMulticolor": true,\n
Action.c(285):           "tags": [\n
Action.c(285):             "cc_amex"\n
Action.c(285):           ],\n
Action.c(285):           "grid": 32,\n
Action.c(285):           "defaultCode": 59970\n
Action.c(285):         },\n
Action.c(285):         {\n
Action.c(285):           "paths": [\n
Action.c(285):             "M960 320h-64v-256c0-35.328-28.672-64-64-64h-640c-35.328 0-64 28.672-64 64v256h-64
Action.c(285):     c-35.328 0-64 28.672-64 64v320c0 35.328 28.672 64 64 64h64v192c0 35.328 28.672 64 64 64h64
Action.c(285):     0c35.328 0 64-28.672 64-64v-192h64c35.328 0 64-28.672 64-64v-320c0-35.328-28.672-64-64-64z
Action.c(285):     M192 640h640v320h-640v-320zM704 480c0-17.664 14.336-32 32-32s32 14.336 32 32-14.336 32-32 
Action.c(285):     32-32-14.336-32-32zM160 512c-17.664 0-32-14.336-32-32s14.336-32 32-32 32 14.336 32 32-14.3
Action.c(285):     36 32-32 32zM864 512c-17.664 0-32-14.336-32-32s14.336-32 32-32 32 14.336 32 32-14.336 32-3
Action.c(285):     2 32zM192 64h640v256h-640v-256zM768 736c0-17.664-14.336-32-32-32h-448c-17.664 0-32 14.336-
Action.c(285):     32 32s14.336 32 32 32h448c17.664 0 32-14.336 32-32zM736 832h-448c-17.664 0-32 14.336-32 32
Action.c(285):     s14.336 32 32 32h448c17.664 0 32-14.336 32-32s-14.336-32-32-32z"\n
Action.c(285):           ],\n
Action.c(285):           "tags": [\n
Action.c(285):             "icon_printer"\n
Action.c(285):           ],\n
Action.c(285):           "grid": 32,\n
Action.c(285):           "defaultCode": 59975\n
Action.c(285):         },\n
Action.c(285):         {\n
Action.c(285):           "paths": [\n
Action.c(285):             "M383.257 0c-0.004-0-0.009-0-0.014-0-211.667 0-383.257 171.59-383.257 383.257 0 12
Action.c(285):     8.188 62.933 241.677 159.589 311.256 2.671 1.865 4.331 2.887 5.864 3.973 15.66 15.317 25.3
Action.c(285):     7 36.661 25.37 60.274 0 2.054-0.073 4.091-0.218 6.109 0.016 1.071 0.016 2.412 0.016 3.69v1
Action.c(285):     25.708c0.013 24.657 13.993 46.045 34.458 56.682l129.257 66.024c8.466 4.428 18.492 7.026 29
Action.c(285):     .124 7.026 10.484 0 20.378-2.526 29.107-7.002l130.075-65.689c20.899-10.787 34.94-32.227 34
Action.c(285):     .94-56.946 0-0.033-0-0.067-0-0.1l0-125.064c-0.269-2.635-0.422-5.694-0.422-8.789 0-31.030 1
Action.c(285):     5.397-58.464 38.968-75.078 5.681-2.729 10.326-5.759 14.489-9.334 83.316-70.689 135.891-175
Action.c(285):     .574 135.891-292.739 0-211.661-171.579-383.247-383.237-383.257zM254.355 768.495s0-1.278 0-
Action.c(285):     1.98h259.529c0 0.958-0.256 1.661-0.256 2.683v61.193h-259.274v-61.896zM383.257 960.124l-128
Action.c(285):     .838-65.856h259.274zM589.322 627.265c-29.463 16.767-51.928 42.953-63.558 74.393l-281.373 0
Action.c(285):     .981c-8.202-25.124-24.546-45.69-45.857-59.075-82.036-58.889-134.545-153.515-134.545-260.40
Action.c(285):     5 0-176.389 142.992-319.381 319.381-319.381s319.381 142.992 319.381 319.381c0 97.691-43.86
Action.c(285):     1 185.139-112.965 243.723zM415.196 127.752c-17.639 0-31.938 14.299-31.938 31.938s14.299 31
Action.c(285):     .938 31.938 31.938c87.618 3.916 157.451 74.795 159.686 162.48 0.004 17.852 14.303 32.151 3
Action.c(285):     1.942 32.151s31.938-14.299 31.938-31.938c0.056-1.853 0.088-4.033 0.088-6.22 0-121.709-98.6
Action.c(285):     64-220.373-220.373-220.373-1.154 0-2.306 0.009-3.455 0.027z"\n
Action.c(285):           ],\n
Action.c(285):           "width": 767,\n
Action.c(285):           "tags": [\n
Action.c(285):             "icon_lightbulb"\n
Action.c(285):           ],\n
Action.c(285):           "grid": 32,\n
Action.c(285):           "defaultCode": 59976\n
Action.c(285):         },\n
Action.c(285):         {\n
Action.c(285):           "paths": [\n
Action.c(285):             "M1.893 730.617c-1.289-2.094-2.052-4.631-2.052-7.346 0-0.747 0.058-1.481 0.169-2.1
Action.c(285):     97 0.158-12.396 10.227-22.466 22.687-22.634l895.306-0c12.476 0.168 22.545 10.237 22.713 22
Action.c(285):     .698-0.521 3.721-1.182 6.924-2.024 10.053l0.131-0.574c-86.363 175.072-263.598 293.385-468.
Action.c(285):     466 293.385s-382.103-118.313-467.105-290.339l-1.361-3.046z",\n
Action.c(285):             "M107.889 132.495c1.893-1.893 1.893-3.786 3.786-5.678 2.98-3.491 7.385-5.69 12.303
Action.c(285):     -5.69s9.323 2.199 12.284 5.668l0.019 0.022 476.983 476.983c3.491 2.98 5.69 7.385 5.69 12.3
Action.c(285):     03s-2.199 9.323-5.668 12.284c-1.399 1.869-3.361 3.216-5.631 3.789l-0.069 0.015c-38.446 13.
Action.c(285):     732-82.796 21.669-129.001 21.669-108.416 0-206.626-43.699-277.977-114.443-70.367-71.826-11
Action.c(285):     3.809-170.317-113.809-278.955 0-45.803 7.722-89.803 21.936-130.767l-0.845 2.8z",\n
Action.c(285):             "M600.015 1.893c1.247-1.204 2.948-1.946 4.822-1.946 0.302 0 0.6 0.019 0.891 0.057 
Action.c(285):     0.057-0.006 0.164-0.007 0.272-0.007 7.15 0 12.947 5.796 12.947 12.947 0 0.108-0.001 0.215-
Action.c(285):     0.004 0.322l0-0.016v503.482c0.002 0.091 0.004 0.199 0.004 0.306 0 7.15-5.796 12.947-12.947
Action.c(285):      12.947-0.108 0-0.215-0.001-0.322-0.004-0.241 0.034-0.539 0.053-0.841 0.053-1.874 0-3.574-
Action.c(285):     0.742-4.824-1.948l0.002 0.002c-98.273-48.542-164.673-148.065-164.673-263.098s66.401-214.55
Action.c(285):     6 162.964-262.333l1.709-0.765z",\n
Action.c(285):             "M938.824 283.919c1.893 0 1.893 1.893 3.786 1.893 1.765 2.012 2.841 4.666 2.841 7.
Action.c(285):     571s-1.077 5.559-2.853 7.584l0.011-0.013-268.776 266.884c-2.012 1.765-4.666 2.841-7.571 2.
Action.c(285):     841s-5.559-1.077-7.584-2.853c-1.144-0.651-1.911-1.879-1.911-3.285 0-0.172 0.012-0.342 0.03
Action.c(285):     4-0.508l-0.002 0.019c-7.681-21.529-12.12-46.363-12.12-72.235 0-61.263 24.891-116.712 65.11
Action.c(285):     1-156.786 39.326-39.792 93.895-64.431 154.219-64.431 26.857 0 52.573 4.884 76.309 13.812l-
Action.c(285):     1.494-0.493z"\n
Action.c(285):           ],\n
Action.c(285):           "width": 945,\n
Action.c(285):           "attrs": [\n
Action.c(285):             {\n
Action.c(285):               "fill": "rgb(247, 168, 0)"\n
Action.c(285):             },\n
Action.c(285):             {\n
Action.c(285):               "fill": "rgb(226, 35, 26)"\n
Action.c(285):             },\n
Action.c(285):             {\n
Action.c(285):               "fill": "rgb(113, 33, 119)"\n
Action.c(285):             },\n
Action.c(285):             {\n
Action.c(285):               "fill": "rgb(130, 188, 0)"\n
Action.c(285):             }\n
Action.c(285):           ],\n
Action.c(285):           "isMulticolor": true,\n
Action.c(285):           "tags": [\n
Action.c(285):             "ahold-wedge"\n
Action.c(285):           ],\n
Action.c(285):           "grid": 32,\n
Action.c(285):           "defaultCode": 59977\n
Action.c(285):         },\n
Action.c(285):         {\n
Action.c(285):           "paths": [\n
Action.c(285):             "M981.333 0h-576c-35.346 0-64 28.654-64 64v330.901h64v-330.901h576v896h-576v-331.1
Action.c(285):     57h-64v331.157c0 35.346 28.654 64 64 64h576c35.346 0 64-28.654 64-64v-896c0-35.346-28.654-
Action.c(285):     64-64-64z",\n
Action.c(285):             "M108.032 543.509h585.301c0 0 0 0 0 0 17.473 0 31.637-14.165 31.637-31.637s-14.165
Action.c(285):     -31.637-31.637-31.637c-0 0-0 0-0 0h-585.301l135.808-135.808c5.733-5.733 9.278-13.652 9.278
Action.c(285):     -22.4 0-17.495-14.183-31.678-31.678-31.678-8.748 0-16.667 3.546-22.4 9.278l-190.059 190.18
Action.c(285):     7c-5.547 5.739-8.969 13.562-8.981 22.184l-0 0.002c0.044 4.33 0.95 8.437 2.553 12.174 1.54 
Action.c(285):     3.653 3.758 6.952 6.496 9.74l0.188 0.379 189.867 189.867c5.733 5.733 13.652 9.278 22.4 9.2
Action.c(285):     78 17.495 0 31.678-14.183 31.678-31.678 0-8.748-3.546-16.667-9.278-22.4z"\n
Action.c(285):           ],\n
Action.c(285):           "width": 1045,\n
Action.c(285):           "tags": [\n
Action.c(285):             "icon_logout"\n
Action.c(285):           ],\n
Action.c(285):           "grid": 32,\n
Action.c(285):           "defaultCode": 59981\n
Action.c(285):         },\n
Action.c(285):         {\n
Action.c(285):           "paths": [\n
Action.c(285):             "M981.333 0h-576c-35.346 0-64 28.654-64 64v330.901h64v-330.901h576v896h-576v-331.1
Action.c(285):     57h-64
Action.c(285): t=48399ms: 6863-byte DECODED response body for "https://stage.peapod.com/shop/images/icons/PeapodIcons.json" (RelFrameId=1, Internal ID=25)
Action.c(285):     v331.157c0 35.346 28.654 64 64 64h576c35.346 0 64-28.654 64-64v-896c0-35.346-28.654-64-64-
Action.c(285):     64z",\n
Action.c(285):             "M481.131 679.381c-5.733 5.733-9.278 13.652-9.278 22.4 0 17.495 14.183 31.678 31.6
Action.c(285):     78 31.678 8.748 0 16.667-3.546 22.4-9.278l189.867-189.867 0.192-0.384c2.745-2.78 4.971-6.0
Action.c(285):     80 6.516-9.738 1.583-3.745 2.467-7.863 2.487-12.185l0-0.178c-0.059-8.585-3.507-16.353-9.07
Action.c(285):     2-22.043l-0.186-0.314-189.867-189.867c-5.733-5.733-13.652-9.278-22.4-9.278-17.495 0-31.678
Action.c(285):      14.183-31.678 31.678 0 8.748 3.546 16.667 9.278 22.4l135.808 135.808h-585.237c-17.473 0-3
Action.c(285):     1.637 14.165-31.637 31.637s14.165 31.637 31.637 31.637h585.301z"\n
Action.c(285):           ],\n
Action.c(285):           "width": 1045,\n
Action.c(285):           "tags": [\n
Action.c(285):             "icon_login"\n
Action.c(285):           ],\n
Action.c(285):           "grid": 32,\n
Action.c(285):           "defaultCode": 59982\n
Action.c(285):         },\n
Action.c(285):         {\n
Action.c(285):           "paths": [\n
Action.c(285):             "M609.464 0c-0.017-0-0.038-0-0.059-0-228.854 0-414.377 185.523-414.377 414.377 0 9
Action.c(285):     8.954 34.685 189.806 92.561 261.063l-274.675 273.211c-7.504 7.9-12.12 18.607-12.12 30.391 
Action.c(285):     0 24.391 19.773 44.164 44.164 44.164 11.785 0 22.491-4.616 30.411-12.138l273.957-273.959c7
Action.c(285):     0.512 57.277 161.385 91.963 260.359 91.963 228.942 0 414.536-185.594 414.536-414.536s-185.
Action.c(285):     594-414.536-414.536-414.536c-0.078 0-0.156 0-0.234 0zM609.464 765.298c-193.72 0-350.761-15
Action.c(285):     7.041-350.761-350.761s157.041-350.761 350.761-350.761c193.72 0 350.761 157.041 350.761 350
Action.c(285):     .761-0.218 193.633-157.129 350.544-350.74 350.761z"\n
Action.c(285):           ],\n
Action.c(285):           "tags": [\n
Action.c(285):             "icon_search"\n
Action.c(285):           ],\n
Action.c(285):           "grid": 32,\n
Action.c(285):           "defaultCode": 59983\n
Action.c(285):         },\n
Action.c(285):         {\n
Action.c(285):           "paths": [\n
Action.c(285):             "M608.038-0c-0.073-0-0.16-0-0.247-0-229.659 0-415.834 186.175-415.834 415.834 0 99
Action.c(285):     .267 34.783 190.41 92.826 261.907l-271.791 270.415c-7.696 7.981-12.438 18.856-12.438 30.83
Action.c(285):     9 0 24.549 19.901 44.451 44.451 44.451 11.983 0 22.858-4.741 30.852-12.451l271.172-271.172
Action.c(285):     c70.752 57.444 161.921 92.23 261.216 92.23 229.765 0 416.026-186.261 416.026-416.026s-186.
Action.c(285):     261-416.026-416.026-416.026c-0.073 0-0.146 0-0.219 0zM608.038 768.048c-194.416 0-352.022-1
Action.c(285):     57.606-352.022-352.022s157.606-352.022 352.022-352.022c194.416 0 352.022 157.606 352.022 3
Action.c(285):     52.022-0.218 194.328-157.694 351.804-352.001 352.022zM800.050 384.024h-160.010v-160.010c0-
Action.c(285):     17.674-14.328-32.002-32.002-32.002s-32.002 14.328-32.002 32.002v160.010h-160.010c-17.674 0
Action.c(285):     -32.002 14.328-32.002 32.002s14.328 32.002 32.002 32.002h160.010v160.010c0 17.674 14.328 3
Action.c(285):     2.002 32.002 32.002s32.002-14.328 32.002-32.002v-160.010h160.010c17.674 0 32.002-14.328 32
Action.c(285):     .002-32.002s-14.328-32.002-32.002-32.002z"\n
Action.c(285):           ],\n
Action.c(285):           "tags": [\n
Action.c(285):             "icon_zoom-in_alt"\n
Action.c(285):           ],\n
Action.c(285):           "grid": 32,\n
Action.c(285):           "defaultCode": 59984\n
Action.c(285):         },\n
Action.c(285):         {\n
Action.c(285):           "paths": [\n
Action.c(285):             "M990.968 429.419v-198.194c0-36.486-29.578-66.065-66.065-66.065h-19.819l-22.132-13
Action.c(285):     7.414c-1.43-8.891-6.274-16.443-13.118-21.406-5.365-3.997-12.006-6.36-19.199-6.36-1.957 0-3
Action.c(285):     .873 0.175-5.733 0.51l-718.058 116.509c-15.814 2.65-27.716 16.236-27.716 32.602 0 1.878 0.
Action.c(285):     157 3.72 0.458 5.513l1.625 10.046h-35.146c-36.486 0-66.065 29.578-66.065 66.065v726.71c0 3
Action.c(285):     6.486 29.578 66.065 66.065 66.065h858.839c36.486 0 66.065-29.578 66.065-66.065v-198.194c36
Action.c(285):     .486 0 66.065-29.578 66.065-66.065v-198.194c0-36.486-29.578-66.065-66.065-66.065zM66.065 2
Action.c(285):     31.226h858.839v198.194h-264.258c-36.486 0-66.065 29.578-66.065 66.065v198.194c0 36.486 29.
Action.c(285):     578 66.065 66.065 66.065h264.258v198.194h-858.839v-726.71zM242.325 165.161l580.707-94.274 
Action.c(285):     15.261 94.274h-595.968zM660.645 693.677v-198.194h330.323v198.194h-330.323zM726.71 594.581c
Action.c(285):     0 18.243 14.789 33.032 33.032 33.032s33.032-14.789 33.032-33.032c0-18.243-14.789-33.032-33
Action.c(285):     .032-33.032s-33.032 14.789-33.032 33.032z"\n
Action.c(285):           ],\n
Action.c(285):           "width": 1057,\n
Action.c(285):           "tags": [\n
Action.c(285):             "icon_wallet"\n
Action.c(285):           ],\n
Action.c(285):           "grid": 32,\n
Action.c(285):           "defaultCode": 59985\n
Action.c(285):         },\n
Action.c(285):         {\n
Action.c(285):           "paths": [\n
Action.c(285):             "M511.984 191.994c-2.36-105.073-86.921-189.634-191.772-191.99-105.295 2.356-189.85
Action.c(285):     6 86.917-192.213 191.768 2.356 105.295 86.917 189.856 191.768 192.213 105.295-2.356 189.85
Action.c(285):     6-86.917 192.213-191.768zM319.99 447.986c-168.187 0-319.99 181.434-319.99 406.899s639.98 2
Action.c(285):     25.465 639.98 0-151.803-406.899-319.99-406.899z"\n
Action.c(285):           ],\n
Action.c(285):           "width": 640,\n
Action.c(285):           "tags": [\n
Action.c(285):             "icon_profile"\n
Action.c(285):           ],\n
Action.c(285):           "grid": 32,\n
Action.c(285):           "defaultCode": 59986\n
Action.c(285):         },\n
Action.c(285):         {\n
Action.c(285):           "paths": [\n
Action.c(285):             "M512 1024c35.346 0 64-28.654 64-64v-896c0-35.346-28.654-64-64-64h-448c-35.346 0-6
Action.c(285):     4 28.654-64 64v896c0 35.346 28.654 64 64 64h448zM256 924.032c0-19.865 16.103-35.968 35.968
Action.c(285):     -35.968s35.968 16.103 35.968 35.968c0 19.865-16.103 35.968-35.968 35.968 0 0 0 0 0 0-19.86
Action.c(285):     5 0-35.968-16.103-35.968-35.968zM416 64c17.673 0 32 14.327 32 32s-14.327 32-32 32h-64c-17.
Action.c(285):     673 0-32-14.327-32-32s14.327-32 32-32h64zM256 96c0 17.673-14.327 32-32 32s-32-14.327-32-32
Action.c(285):     c0-17.673 14.327-32 32-32s32 14.327 32 32zM64 192h448v640h-448v-640z"\n
Action.c(285):           ],\n
Action.c(285):           "width": 576,\n
Action.c(285):           "tags": [\n
Action.c(285):             "icon_mobile"\n
Action.c(285):           ],\n
Action.c(285):           "grid": 32,\n
Action.c(285):           "defaultCode": 59987\n
Action.c(285):         },\n
Action.c(285):         {\n
Action.c(285):           "paths": [\n
Action.c(285):             "M415.116 234.965c-13.337-153.408-173.378-228.681-180.151-231.753-4.237-2.039-9.21
Action.c(285):     3-3.231-14.467-3.231-2.068 0-4.093 0.185-6.059 0.538-184.553 30.623-212.344 138.155-213.46
Action.c(285):     1 142.624-0.625 2.461-0.984 5.286-0.984 8.194 0 3.809 0.616 7.475 1.753 10.903 220.301 683
Action.c(285):     .493 678.29 810.227 828.836 851.914 11.591 3.212 21.157 5.796 28.419 8.17 3.114 1.063 6.70
Action.c(285):     1 1.677 10.431 1.677 0.113 0 0.226-0.001 0.339-0.002 0.001 0 0.023 0 0.045 0 5.219 0 10.16
Action.c(285):     8-1.158 14.604-3.231 4.396-2.006 113.186-53.258 139.789-220.422 0.261-1.602 0.409-3.449 0.
Action.c(285):     409-5.331 0-5.858-1.443-11.379-3.992-16.227-47.873-76.828-124.673-132.051-214.858-150.614-
Action.c(285):     4.676-1.044-7.589-1.432-10.592-1.432-8.597 0-16.452 3.181-22.451 8.429-41.674 38.632-90.87
Action.c(285):     2 69.933-145.043 91.383-202.162-96.165-313.186-282.811-317.375-318.212-2.444-19.9 43.153-8
Action.c(285):     9.796 95.592-146.635 5.79-6.214 9.344-14.578 9.344-23.772 0-1.046-0.046-2.081-0.136-3.103z
Action.c(285):     "\n
Action.c(285):           ],\n
Action.c(285):           "width": 1025,\n
Action.c(285):           "tags": [\n
Action.c(285):             "icon_old-phone"\n
Action.c(285):           ],\n
Action.c(285):           "grid": 32,\n
Action.c(285):           "defaultCode": 59988\n
Action.c(285):         },\n
Action.c(285):         {\n
Action.c(285):           "paths": [\n
Action.c(285):             "M359.345 526.39c92.256 0 167.045-74.789 167.045-167.045s-74.789-167.045-167.045-1
Action.c(285):     67.045c-92.256 0-167.045 74.789-167.045 167.045 0.109 92.212 74.833 166.936 167.035 167.04
Action.c(285):     5zM359.345 256.401c56.855 0 102.945 46.090 102.945 102.945s-46.090 102.945-102.945 102.945
Action.c(285):     c-56.855 0-102.945-46.090-102.945-102.945 0.073-56.826 46.119-102.872 102.938-102.945zM336
Action.c(285):     .013 1008.231c4.381 4.972 9.529 9.139 15.283 12.349l0.549 0.15c2.81 1.966 6.3 3.141 10.064
Action.c(285):      3.141s7.253-1.175 10.121-3.179l0.199 0.038c6.047-3.361 11.195-7.528 15.522-12.436s298.12-
Action.c(285):     324.089 327.927-604.848c1.755-13.336 2.756-28.758 2.756-44.413 0-198.39-160.827-359.217-35
Action.c(285):     9.217-359.217s-359.217 160.827-359.217 359.217c0 0.11 0 0.22 0 0.329 0.136 15.869 1.297 31
Action.c(285):     .352 3.419 46.526 30.362 278.765 332.594 602.343 332.594 602.343zM359.345 64.1c0.574-0.004
Action.c(285):      1.252-0.006 1.931-0.006 161.997 0 293.322 131.325 293.322 293.322 0 13.837-0.958 27.449-2
Action.c(285):     .811 40.776-22.772 213.58-224.752 466.007-289.814 542.799-66.728-76.92-271.592-328.834-295
Action.c(285):     .309-544.851-1.
Action.c(285): t=48421ms: 4626-byte ENCODED response body received for "https://stage.peapod.com/shop/images/icons/PeapodIcons.json" (RelFrameId=1, Internal ID=25)
Action.c(285): t=48422ms: 12288-byte DECODED response body for "https://stage.peapod.com/shop/images/icons/PeapodIcons.json" (RelFrameId=1, Internal ID=25)
Action.c(285):     526-10.957-2.454-23.711-2.563-36.662 0.181-163.118 132.258-295.195 295.227-295.377z"\n
Action.c(285):           ],\n
Action.c(285):           "width": 719,\n
Action.c(285):           "tags": [\n
Action.c(285):             "icon_pin_alt"\n
Action.c(285):           ],\n
Action.c(285):           "grid": 32,\n
Action.c(285):           "defaultCode": 59989\n
Action.c(285):         },\n
Action.c(285):         {\n
Action.c(285):           "paths": [\n
Action.c(285):             "M1280 0h-1194.667c-47.128 0-85.333 38.205-85.333 85.333v853.333c0 47.128 38.205 8
Action.c(285):     5.333 85.333 85.333h1194.667c47.128 0 85.333-38.205 85.333-85.333v-853.333c0-47.128-38.205
Action.c(285):     -85.333-85.333-85.333zM484.693 599.637l197.973 134.656 196.949-135.595 340.053 339.968h-10
Action.c(285):     74.005zM85.333 878.336v-550.229l327.509 222.635zM951.211 549.547l328.789-226.304v555.093zM
Action.c(285):     1280 85.333v138.069l-1.792-2.56-595.541 410.197-597.333-406.016v-139.691h1194.667z"\n
Action.c(285):           ],\n
Action.c(285):           "width": 1365,\n
Action.c(285):           "tags": [\n
Action.c(285):             "icon_mail_alt"\n
Action.c(285):           ],\n
Action.c(285):           "grid": 32,\n
Action.c(285):           "defaultCode": 59990\n
Action.c(285):         },\n
Action.c(285):         {\n
Action.c(285):           "paths": [\n
Action.c(285):             "M448 0c-177.037 1.409-320.009 145.251-320.009 322.486 0 0.858 0.003 1.716 0.010 2
Action.c(285):     .573l-0.001 58.941h-64c-35.346 0-64 28.654-64 64v512c0 35.346 28.654 64 64 64h768c35.346 0
Action.c(285):      64-28.654 64-64v-512c0-35.346-28.654-64-64-64h-64v-59.072c0.006-0.725 0.009-1.583 0.009-2
Action.c(285):     .442 0-177.235-142.972-321.078-319.875-322.486zM192 324.928c-0.006-0.642-0.009-1.4-0.009-2
Action.c(285):     .159 0-141.947 114.285-257.201 255.861-258.768 141.872 1.567 256.157 116.821 256.157 258.7
Action.c(285):     68 0 0.759-0.003 1.517-0.010 2.275l0.001 58.956h-512v-59.072zM832 960h-768v-512h768v512zM5
Action.c(285):     76 704c0-70.692-57.308-128-128-128s-128 57.308-128 128c0 70.692 57.308 128 128 128s128-57.
Action.c(285):     308 128-128zM448 768c-35.346 0-64-28.654-64-64s28.654-64 64-64c35.346 0 64 28.654 64 64s-2
Action.c(285):     8.654 64-64 64z"\n
Action.c(285):           ],\n
Action.c(285):           "width": 896,\n
Action.c(285):           "tags": [\n
Action.c(285):             "icon_lock_alt"\n
Action.c(285):           ],\n
Action.c(285):           "grid": 32,\n
Action.c(285):           "defaultCode": 59991\n
Action.c(285):         },\n
Action.c(285):         {\n
Action.c(285):           "paths": [\n
Action.c(285):             "M512 0c-282.752 0-512 229.248-512 512s229.248 512 512 512 512-229.248 512-512-229
Action.c(285):     .248-512-512-512zM512 960c-247.040 0-448-200.96-448-448s200.96-448 448-448 448 200.96 448 
Action.c(285):     448-200.96 448-448 448zM512 384c-35.328 0-64 28.672-64 64v320c0 35.328 28.672 64 64 64s64-
Action.c(285):     28.672 64-64v-320c0-35.328-28.672-64-64-64zM448 257.024c0 35.346 28.654 64 64 64s64-28.654
Action.c(285):      64-64c0-35.346-28.654-64-64-64s-64 28.654-64 64z"\n
Action.c(285):           ],\n
Action.c(285):           "tags": [\n
Action.c(285):             "icon_info"\n
Action.c(285):           ],\n
Action.c(285):           "grid": 32,\n
Action.c(285):           "defaultCode": 59992\n
Action.c(285):         },\n
Action.c(285):         {\n
Action.c(285):           "paths": [\n
Action.c(285):             "M1396.364 0h-1303.273c-51.413 0-93.091 41.678-93.091 93.091v837.818c0 51.413 41.6
Action.c(285):     78 93.091 93.091 93.091h1303.273c51.413 0 93.091-41.678 93.091-93.091v-837.818c0-51.413-41
Action.c(285):     .678-93.091-93.091-93.091zM93.091 93.091h1303.273v837.818h-1303.273v-837.818zM1264.454 465
Action.c(285):     .455h-566.272c-25.706 0-46.545 20.839-46.545 46.545s20.839 46.545 46.545 46.545h566.272c25
Action.c(285):     .706 0 46.545-20.839 46.545-46.545s-20.839-46.545-46.545-46.545zM1264.454 651.636h-566.272
Action.c(285):     c-25.706 0-46.545 20.839-46.545 46.545s20.839 46.545 46.545 46.545h566.272c25.706 0 46.545
Action.c(285):     -20.839 46.545-46.545s-20.839-46.545-46.545-46.545zM1264.454 279.273h-566.272c-25.706 0-46
Action.c(285):     .545 20.839-46.545 46.545s20.839 46.545 46.545 46.545h566.272c25.706 0 46.545-20.839 46.54
Action.c(285):     5-46.545s-20.839-46.545-46.545-46.545zM259.724 298.636c0 0 0 0 0 0 0 62.107 50.347 112.454
Action.c(285):      112.454 112.454s112.454-50.347 112.454-112.454c0-0 0-0 0-0v0c0-62.107-50.347-112.454-112.
Action.c(285):     454-112.454s-112.454 50.347-112.454 112.454h0zM374.598 456.145c-101.655 0-183.761 110.313-
Action.c(285):     183.761 246.691s367.709 136.192 367.709 0-82.385-246.691-183.948-246.691z"\n
Action.c(285):           ],\n
Action.c(285):           "width": 1489,\n
Action.c(285):           "tags": [\n
Action.c(285):             "icon_id"\n
Action.c(285):           ],\n
Action.c(285):           "grid": 32,\n
Action.c(285):           "defaultCode": 59993\n
Action.c(285):         },\n
Action.c(285):         {\n
Action.c(285):           "paths": [\n
Action.c(285):             "M59.317 504.046l86.964-69.483v516.26c0 40.394 32.746 73.14 73.14 73.14h219.421c40
Action.c(285):     .394 0 73.14-32.746 73.14-73.14v-292.561h146.28v292.561c0 40.394 32.746 73.14 73.14 73.14h
Action.c(285):     219.421c40.394 0 73.14-32.746 73.14-73.14v-516.26l86.891 69.483c6.204 4.991 14.177 8.012 2
Action.c(285):     2.856 8.012 20.219 0 36.609-16.391 36.609-36.609 0-11.54-5.339-21.833-13.682-28.543l-548.6
Action.c(285):     23-438.897c-6.201-4.998-14.176-8.023-22.856-8.023s-16.655 3.025-22.927 8.077l-196.531 157.
Action.c(285):     197v-92.12c0-40.394-32.746-73.14-73.14-73.14s-73.14 32.746-73.14 73.14v209.145l-205.67 164
Action.c(285):     .566c-8.122 6.756-13.254 16.865-13.254 28.173 0 20.197 16.373 36.57 36.57 36.57 8.41 0 16.
Action.c(285):     157-2.839 22.335-7.611zM585.122 83.416l365.701 292.561v574.846h-219.421v-365.701h-292.561v
Action.c(285):     365.701h-219.421v-574.773z"\n
Action.c(285):           ],\n
Action.c(285):           "width": 1170,\n
Action.c(285):           "tags": [\n
Action.c(285):             "icon_house_alt"\n
Action.c(285):           ],\n
Action.c(285):           "grid": 32,\n
Action.c(285):           "defaultCode": 59994\n
Action.c(285):         },\n
Action.c(285):         {\n
Action.c(285):           "paths": [\n
Action.c(285):             "M1193.224 346.283c-3.134-183.102-151.69-346.283-335.165-346.283-107.32 2.138-201.
Action.c(285):     803 55.247-260.49 136.040-60.003-80.793-154.486-133.902-261.473-136.035-183.809-0.005-332.
Action.c(285):     365 163.175-335.499 346.277h-0.597c0 1.119 0.224 2.164 0.224 3.283s-0.224 1.642-0.224 2.53
Action.c(285):     7c0 5.148 1.268 9.028 1.492 13.953 16.415 466.635 590.718 657.945 590.718 657.945s582.734-
Action.c(285):     191.086 599.97-657.198c0.298-5.223 1.642-9.327 1.642-14.699 0-0.895-0.224-1.716-0.224-2.53
Action.c(285):     7s0.224-2.164 0.224-3.283h-0.597zM1117.64 364.041c-13.207 358.146-422.165 540.204-525.281 
Action.c(285):     580.421-102.221-40.291-503.643-221.528-516.328-581.988-0.19-3.999-0.564-7.7-1.12-11.342l0.
Action.c(285):     299-3.581c0.414-146.28 115.383-265.574 259.895-272.911 83.694 2.125 156.592 43.686 201.59 
Action.c(285):     106.573 14.287 18.859 35.826 30.417 60.066 30.417s45.779-11.558 59.408-29.464c45.713-63.91
Action.c(285):     6 118.738-105.5 201.574-107.546 145.485 7.357 260.453 126.651 260.867 272.89 0 1.539 0.082
Action.c(285):      3.018 0.24 4.474-0.538 3.476-0.986 7.356-1.21 12.056z"\n
Action.c(285):           ],\n
Action.c(285):           "width": 1194,\n
Action.c(285):           "tags": [\n
Action.c(285):             "icon_heart_alt"\n
Action.c(285):           ],\n
Action.c(285):           "grid": 32,\n
Action.c(285):           "defaultCode": 59995\n
Action.c(285):         },\n
Action.c(285):         {\n
Action.c(285):           "paths": [\n
Action.c(285):             "M85.333 426.667h256c47.128 0 85.333-38.205 85.333-85.333v-256c0-47.128-38.205-85.
Action.c(285):     333-85.333-85.333h-256c-47.128 0-85.333 38.205-85.333 85.333v256c0 47.128 38.205 85.333 85
Action.c(285):     .333 85.333zM682.667 426.667h256c47.128 0 85.333-38.205 85.333-85.333v-256c0-47.128-38.205
Action.c(285):     -85.333-85.333-85.333h-256c-47.128 0-85.333 38.205-85.333 85.333v256c0 47.128 38.205 85.33
Action.c(285):     3 85.333 85.333zM0 938.667c0 47.128 38.205 85.333 85.333 85.333h256c47.128 0 85.333-38.205
Action.c(285):      85.333-85.333v-256c0-47.128-38.205-85.333-85.333-85.333h-256c-47.128 0-85.333 38.205-85.3
Action.c(285):     33 85.333v256zM597.333 938.667c0 47.128 38.205 85.333 85.333 85.333h256c47.128 0 85.333-38
Action.c(285):     .205 85.333-85.333v-256c0-47.128-38.205-85.333-85.333-85.333h-256c-47.128 0-85.333 38.205-
Action.c(285):     85.333 85.333v256z"\n
Action.c(285):           ],\n
Action.c(285):           "tags": [\n
Action.c(285):             "icon_grid-2x2"\n
Action.c(285):           ],\n
Action.c(285):           "grid": 32,\n
Action.c(285):           "defaultCode": 59996\n
Action.c(285):         },\n
Action.c(285):         {\n
Action.c(285):           "paths": [\n
Action.c(285):             "M960 256h-896c-35.328 0-64 28.672-64 64v192h64v448c0 35.328 28.672 64 64 64h768c3
Action.c(285):     5.328 0 64-28.672 64-64v-448h64v-192c0-35.328-28.672-64-64-64zM64 320h384v128h-384v-128zM1
Action.c(285):     28 960v-448h320v448h-320zM896 960h-318.656v-448h318.656v448zM960 448h-382.656v-128h382.656
Action.c(285):     v128zM512 192c0-0.128-0.064-0.384-0.064-0.512h0.192c-0.064 0.128-0.128 0.384-0.128 0.512 0
Action.c(285):      0 167.616 0 256 0s128-43.008 128-96-39.616-96-128-96c-82.752 0-147.904 37.248-192 80.448-
Action.c(285):     19.328-11.456-41.664-18.432-65.856-18.432-23.168 0-44.608 6.528-63.424 17.152-44.032-42.68
Action.c(285):     8-108.8-79.168-190.72-79.168-88.384 0-128 43.008-128 96s39.616 96 128 96c88.384 0 256 0 25
Action.c(285):     6 0zM832 96c0 26.432-34.816 32-64 32h-145.344c-0.512-0.896-0.96-1.856-1.472-2.688 32.512-3
Action.c(285):     1.616 81.792-61.312 146.816-61.312 29.184 0 64 5.568 64 32zM192 96c0-26.432 34.816-32 64-3
Action.c(285):     2 63.616 0 111.872 28.48 144.384 59.008-1.024 1.6-1.792 3.328-2.752 4.992h-141.632c-29.184
Action.c(285):      0-64-5.568-64-32z"\n
Action.c(285):           ],\n
Action.c(285):           "tags": [\n
Action.c(285):             "icon_gift_alt"\n
Action.c(285):           ],\n
Action.c(285):           "grid": 32,\n
Action.c(285):           "defaultCode": 59997\n
Action.c(285):         },\n
Action.c(285):         {\n
Action.c(285):           "paths": [\n
Action.c(285):             "M512 0c-282.752 0-512 229.248-512 512s229.248 512 512 512 512-229.248 512-512-229
Action.c(285):     .248-512-512-512zM512 960c-247.040 0-448-200.96-448-448s200.96-448 448-448 448 200.96 448 
Action.c(285):     448-200.96 448-448 448zM512 192c-35.328 0-64 28.672-64 64v320c0 35.328 28.672 64 64 64s64-
Action.c(285):     28.672 64-64v-320c0-35.328-28.672-64-64-64zM448 766.976c0 35.346 28.654 64 64 64s64-28.654
Action.c(285):      64-64c0-35.346-28.654-64-64-64s-64 28.654-64 64z"\n
Action.c(285):           ],\n
Action.c(285):           "tags": [\n
Action.c(285):             "icon_error-circle_alt"\n
Action.c(285):           ],\n
Action.c(285):           "grid": 32,\n
Action.c(285):           "defaultCode": 59998\n
Action.c(285):         },\n
Action.c(285):         {\n
Action.c(285):           "paths": [\n
Action.c(285):             "M64 1024h768c35.346 0 64-28.654 64-64v-896c0-35.346-28.654-64-64-64h-768c-35.346 
Action.c(285):     0-64 28.654-64 64v896c0 35.346 28.654 64 64 64zM64 64h768v896h-768v-896zM672 192h-256c-17.
Action.c(285):     673 0-32 14.327-32 32s14.327 32 32 32h256c17.673 0 32-14.327 32-32s-14.327-32-32-32zM672 3
Action.c(285):     84h-448c-17.673 0-32 14.327-32 32s14.327 32 32 32h448c17.673 0 32-14.327 32-32s-14.327-32-
Action.c(285):     32-32zM672 576h-448c-17.673 0-32 14.327-32 32s14.327 32 32 32h448c17.673 0 32-14.327 32-32
Action.c(285):     s-14.327-32-32-32zM672 768h-448c-17.673 0-32 14.327-32 32s14.327 32 32 32h448c17.673 0 32-
Action.c(285):     14.327 32-32s-14.327-32-32-32z"\n
Action.c(285):           ],\n
Action.c(285):           "width": 896,\n
Action.c(285):           "tags": [\n
Action.c(285):             "icon_document_alt"\n
Action.c(285):           ],\n
Action.c(285):           "grid": 32,\n
Action.c(285):           "defaultCode": 59999\n
Action.c(285):         },\n
Action.c(285):         {\n
Action.c(285):           "paths": [\n
Action.c(285):             "M512 0c-282.77 0-512 229.23-512 512s229.23 512 512 512c282.77 0 512-229.23 512-51
Action.c(285):     2s-229.23-512-512-512zM512 955.733c-245.067 0-443.733-198.666-443.733-443.733s198.666-443.
Action.c(285):     733 443.733-443.733c245.067 0 443.733 198.666 443.733 443.733-0.291 244.95-198.783 443.442
Action.c(285):     -443.705 443.733zM570.505 273.067c1.362-0.062 2.959-0.097 4.564-0.097 57.656 0 104.733 45.
Action.c(285):     295 107.588 102.242 0.010 19.107 15.292 34.389 34.144 34.389s34.133-15.282 34.133-34.133c-
Action.c(285):     2.912-94.901-80.541-170.725-175.88-170.725-1.6 0-3.194 0.021-4.784 0.064l-24.137-0.005v-34
Action.c(285):     .133c0-18.851-15.282-34.133-34.133-34.133s-34.133 15.282-34.133 34.133v34.133h-24.371c-1.3
Action.c(285):     55-0.037-2.95-0.059-4.549-0.059-95.339 0-172.968 75.824-175.873 170.458 2.905 95.169 80.53
Action.c(285):     4 170.993 175.873 170.993 1.6 0 3.194-0.021 4.784-0.064l24.137 0.005v204.8h-24.371c-1.362 
Action.c(285):     0.062-2.959 0.097-4.564 0.097-57.656 0-104.733-45.295-107.588-102.242-0.010-19.107-15.292-
Action.c(285):     34.389-34.144-34.389s-34.133 15.282-34.133 34.133c2.912 94.901 80.541 170.725 175.88 170.7
Action.c(285):     25 1.6 0 3.194-0.021 4.784-0.064l24.137 0.005v34.133c0 18.851 15.282 34.133 34.133 34.133s
Action.c(285):     34.133-15.282 34.133-34.133v-34.133h24.371c1.355 0.037 2.95 0.059 4.549 0.059 95.339 0 172
Action.c(285):     .968-75.824 175.873-170.458-2.905-95.169-80.534-170.993-175.873-170.993-1.6 0-3.194 0.021-
Action.c(285):     4.784 0.064l-24.137-0.005v-204.8h24.371zM570.505 546.133c1.362-0.062 2.959-0.097 4.564-0.0
Action.c(285):     97 57.656 0 104.733 45.295 107.588 102.242-2.855 57.457-49.932 102.752-107.588 102.752-1.6
Action.c(285):     05 0-3.202-0.035-4.79-0.105l-24.145 0.008v-204.8h24.371zM477.867 477.867h-24.371c-1.362 0.
Action.c(285):     062-2.959 0.097-4.564 0.097-57.656 0-104.733-45.295-107.588-102.242 2.855-57.457 49.932-10
Action.c(285):     2.752 107.588-102.752 1.605 0 3.202 0.035 4.79 0.105l24.145-0.008v204.8z"\n
Action.c(285):           ],\n
Action.c(285):           "tags": [\n
Action.c(285):             "icon_currency"\n
Action.c(285):           ],\n
Action.c(285):           "grid": 32,\n
Action.c(285):           "defaultCode": 60000\n
Action.c(285):         },\n
Action.c(285):         {\n
Action.c(285):           "paths": [\n
Action.c(285):             "M1280 0h-1194.667c-47.128 0-85.333 38.205-85.333 85.333v853.333c0 47.128 38.205 8
Action.c(285):     5.333 85.333 85.333h1194.667c47.128 0 85.333-38.205 85.333-85.333v-853.333c0-47.128-38.205
Action.c(285):     -85.333-85.333-85.333zM1280 938.667h-1194.667v-512h1194.667v512zM85.333 259.584v-174.251h1
Action.c(285):     194.667v174.251h-1194.667zM213.333 853.333h426.667c23.564 0 42.667-19.103 42.667-42.667s-1
Action.c(285):     9.103-42.667-42.667-42.667h-426.667c-23.564 0-42.667 19.103-42.667 42.667s19.103 42.667 42
Action.c(285):     .667 42.667zM768 810.667c0 23.564 19.103 42.667 42.667 42.667s42.667-19.103 42.667-42.667c
Action.c(285):     0-23.564-19.103-42.667-42.667-42.667s-42.667 19.103-42.667 42.667zM938.667 810.667c0 23.56
Action.c(285):     4 19.103 42.667 42.667 42.667s42.667-19.103 42.667-42.667c0-23.564-19.103-42.667-42.667-42
Action.c(285):     .667s-42.667 19.103-42.667 42.667zM1109.333 810.667c0 23.564 19.103 42.667 42.667 42.667s4
Action.c(285):     2.667-19.103 42.667-42.667c0-23.564-19.103-42.667-42.667-42.667s-42.667 19.103-42.667 42.6
Action.c(285):     67z"\n
Action.c(285):           ],\n
Action.c(285):           "width": 1365,\n
Action.c(285):           "tags": [\n
Action.c(285):             "icon_creditcard"\n
Action.c(285):           ],\n
Action.c(285):           "grid": 32,\n
Action.c(285):           "defaultCode": 60001\n
Action.c(285):         },\n
Action.c(285):         {\n
Action.c(285):           "paths": [\n
Action.c(285):             "M832 0h-768c-35.328 0-64 28.672-64 64v896c0 35.328 28.672 64 64 64h768c35.328 0 6
Action.c(285):     4-28.672 64-64v-896c0-35.328-28.672-64-64-64zM64 64h128v896h-128v-896zM832 960h-576v-896h5
Action.c(285):     76v896zM443.584 343.488c0 0 0 0 0 0 0 53.514 43.382 96.896 96.896 96.896s96.896-43.382 96.
Action.c(285):     896-96.896c0-0 0-0 0-0s0-0 0-0c0-53.514-43.382-96.896-96.896-96.896s-96.896 43.382-96.896 
Action.c(285):     96.896c0 0 0 0 0 0zM542.464 479.104c-87.488 0-158.464 95.168-158.464 212.544s316.992 117.3
Action.c(285):     76 316.992 0-70.976-212.544-158.528-212.544zM960 64h64v192h-64zM960 320h64v192h-64zM960 57
Action.c(285):     6h64v192h-64z"\n
Action.c(285):           ],\n
Action.c(285):           "tags": [\n
Action.c(285):             "icon_contacts_alt"\n
Action.c(285):           ],\n
Action.c(285):           "grid": 32,\n
Action.c(285):           "defaultCode": 60002\n
Action.c(285):         },\n
Action.c(285):         {\n
Action.c(285):           "paths": [\n
Action.c(285):             "
Action.c(285): t=48463ms: 3669-byte DECODED response body for "https://stage.peapod.com/shop/images/icons/PeapodIcons.json" (RelFrameId=1, Internal ID=25)
Action.c(285):     M65.146 1002.871c5.993 12.585 18.609 21.129 33.221 21.129 0.004 0 0.009-0 0.013-0 0.414 0.
Action.c(285):     001 0.904 0.002 1.395 0.002 109.106 0 210.791-31.771 296.309-86.567 52.304 9.977 117.347 1
Action.c(285):     6.211 183.367 18.619 324.161 0.086 585.406-214.354 585.406-478.020s-261.245-478.033-582.42
Action.c(285):     8-478.033-582.428 214.367-582.428 478.033c3.235 134.868 66.767 254.268 164.569 332.691-25.
Action.c(285):     233 58.921-57.094 109.114-95.058 153.979-4.545 5.415-7.774 13.67-7.774 22.679 0 5.62 1.256
Action.c(285):      10.947 3.504 15.715zM73.363 478.033c0-223.17 228.379-404.67 509.065-404.67s509.065 181.57
Action.c(285):     3 509.065 404.743-228.379 404.67-509.065 404.67c-68.982-2.568-134.049-9.142-197.824-19.562
Action.c(285):      7.044 0.842 4.724 0.624 2.353 0.624-7.133 0-13.806 1.967-19.508 5.388-54.594 36.174-119.1
Action.c(285):     38 62.701-188.537 75.29 22.29-37.347 45.209-80.664 63.436-126.36 3.239-8.654 4.157-13.23 4
Action.c(285):     .157-18.019 0-11.897-5.664-22.472-14.443-29.174-93.924-65.492-155.406-171.698-158.689-292.
Action.c(285):     431z"\n
Action.c(285):           ],\n
Action.c(285):           "width": 1165,\n
Action.c(285):           "tags": [\n
Action.c(285):             "icon_comment_alt"\n
Action.c(285):           ],\n
Action.c(285):           "grid": 32,\n
Action.c(285):           "defaultCode": 60003\n
Action.c(285):         },\n
Action.c(285):         {\n
Action.c(285):           "paths": [\n
Action.c(285):             "M366.179 1009.121c1.872 1.497 2.995 3.556 4.96 4.96 2.534 1.319 5.512 2.528 8.61 
Action.c(285):     3.459 3.397 1.669 6.962 3.131 10.666 4.276 3.656 0.95 7.397 1.55 11.234 1.8 2.545 0.323 5.
Action.c(285):     274 0.501 8.045 0.501s5.5-0.179 8.177-0.525c1.836-0.341 3.895-0.902 6.047-1.464 6.954-1.76
Action.c(285):      13.064-4.393 18.622-7.835 0.749-0.493 1.591-1.242 2.621-1.897 4.26-2.406 7.942-5.103 11.2
Action.c(285):     69-8.178 1.785-2.447 3.526-5.266 5.038-8.222l0.444-0.632 557.644-893.97c6.69-10.104 10.674
Action.c(285):     -22.507 10.674-35.841 0-36.181-29.331-65.512-65.512-65.512-22.847 0-42.963 11.696-54.686 2
Action.c(285):     9.426l-515.216 825.714-284.858-277.091c-11.848-11.818-28.2-19.125-46.259-19.125-36.178 0-6
Action.c(285):     5.506 29.328-65.506 65.506 0 19.852 8.831 37.641 22.778 49.654l342.776 333.498c0.676 0.474
Action.c(285):      1.471 0.97 2.291 1.425z"\n
Action.c(285):           ],\n
Action.c(285):           "width": 1030,\n
Action.c(285):           "tags": [\n
Action.c(285):             "icon_check"\n
Action.c(285):           ],\n
Action.c(285):           "grid": 32,\n
Action.c(285):           "defaultCode": 60004\n
Action.c(285):         },\n
Action.c(285):         {\n
Action.c(285):           "paths": [\n
Action.c(285):             "M221.55 950.857c0 40.396 32.747 73.143 73.143 73.143s73.143-32.747 73.143-73.143c
Action.c(285):     0-40.396-32.747-73.143-73.143-73.143s-73.143 32.747-73.143 73.143zM879.835 950.857c0 40.39
Action.c(285):     6 32.747 73.143 73.143 73.143s73.143-32.747 73.143-73.143c0-40.396-32.747-73.143-73.143-73
Action.c(285):     .143s-73.143 32.747-73.143 73.143zM0 36.571c0 20.198 16.374 36.571 36.571 36.571h75.995l45
Action.c(285):     .422 194.267 63.561 317.733c0.435 2.88 0.97 5.352 1.644 7.766l-37.337 167.045c-0.57 2.418-
Action.c(285):     0.896 5.194-0.896 8.046 0 20.198 16.374 36.571 36.571 36.571 0.006 0 0.013-0 0.019-0l829.7
Action.c(285):     32 0c20.198 0 36.571-16.374 36.571-36.571s-16.374-36.571-36.571-36.571h-784.091l16.75-75.3
Action.c(285):     37c3.048 0.931 6.69 1.701 10.428 2.162l667.021 0.033c3.338 0.522 7.189 0.819 11.108 0.819 
Action.c(285):     34.684 0 63.919-23.324 72.878-55.143l118.912-364.931c4.039-8.221 6.402-17.894 6.402-28.118
Action.c(285):      0-35.871-29.079-64.951-64.951-64.951-2.28 0-4.533 0.118-6.753 0.347l-877.436-0.023c-5.887
Action.c(285):      0.482-11.333 1.624-16.506 3.36l-27.892-121.413c-3.914-16.304-18.368-28.233-35.608-28.233-
Action.c(285):     0.004 0-0.009 0-0.013 0l-104.959-0c-20.198 0-36.571 16.374-36.571 36.571zM223.086 219.429h
Action.c(285):     870.766l-116.736 358.4c-1.23 2.834-2.38 5.116-3.636 7.329-2.215-0.161-6.018 0.059-12.016 0
Action.c(285):     .059h-666.77v-7.387l-1.39-7.022z"\n
Action.c(285):           ],\n
Action.c(285):           "width": 1170,\n
Action.c(285):           "tags": [\n
Action.c(285):             "icon_cart_alt"\n
Action.c(285):           ],\n
Action.c(285):           "grid": 32,\n
Action.c(285):           "defaultCode": 60005\n
Action.c(285):         },\n
Action.c(285):         {\n
Action.c(285):           "paths": [\n
Action.c(285):             "M64 1024h640c35.346 0 64-28.654 64-64v-704c0-35.346-28.654-64-64-64h-128.32c0-0 0
Action.c(285):     -0 0-0 0-105.862-85.818-191.68-191.68-191.68s-191.68 85.818-191.68 191.68c0 0 0 0 0 0l-128
Action.c(285):     .32-0c-35.346 0-64 28.654-64 64v704c0 35.346 28.654 64 64 64zM704 256v704h-640v-704h640zM3
Action.c(285):     84 64c70.251 0.929 126.932 57.722 127.679 127.929l-255.359 0.071c0.748-70.278 57.
Action.c(285): t=48473ms: 4229-byte ENCODED response body received for "https://stage.peapod.com/shop/images/icons/PeapodIcons.json" (RelFrameId=1, Internal ID=25)
Action.c(285): t=48473ms: 12288-byte DECODED response body for "https://stage.peapod.com/shop/images/icons/PeapodIcons.json" (RelFrameId=1, Internal ID=25)
Action.c(285):     429-127.071 127.592-127.999zM288 384h192c17.673 0 32-14.327 32-32s-14.327-32-32-32h-192c-1
Action.c(285):     7.673 0-32 14.327-32 32s14.327 32 32 32z"\n
Action.c(285):           ],\n
Action.c(285):           "width": 768,\n
Action.c(285):           "tags": [\n
Action.c(285):             "icon_bag_alt"\n
Action.c(285):           ],\n
Action.c(285):           "grid": 32,\n
Action.c(285):           "defaultCode": 60006\n
Action.c(285):         },\n
Action.c(285):         {\n
Action.c(285):           "paths": [\n
Action.c(285):             "M1020.224 179.968c-8.064-26.048-31.488-45.312-60.224-45.312h-64v99.328c0 52.928-4
Action.c(285):     3.072 96-96 96s-96-43.072-96-96v-99.328h-384.32v99.328c0 52.928-43.072 96-96 96s-96-43.072
Action.c(285):     -96-96v-99.328h-63.68c-28.736 0-52.16 19.264-60.224 45.312l-3.776-0v780.032c0 35.328 28.67
Action.c(285):     2 64 64 64h896c35.328 0 64-28.672 64-64v-780.032h-3.776zM960 960h-896v-512h896v512zM223.68
Action.c(285):      265.984c17.664 0 32-14.336 32-32v-201.984c0-17.664-14.336-32-32-32s-32 14.336-32 32v201.9
Action.c(285):     84c0 17.664 14.336 32 32 32zM800 265.984c17.664 0 32-14.336 32-32v-201.984c0-17.664-14.336
Action.c(285):     -32-32-32s-32 14.336-32 32v201.984c0 17.664 14.336 32 32 32z"\n
Action.c(285):           ],\n
Action.c(285):           "tags": [\n
Action.c(285):             "icon_calendar"\n
Action.c(285):           ],\n
Action.c(285):           "grid": 32,\n
Action.c(285):           "defaultCode": 60007\n
Action.c(285):         },\n
Action.c(285):         {\n
Action.c(285):           "paths": [\n
Action.c(285):             "M512 0c-282.77 0-512 229.23-512 512s229.23 512 512 512c282.77 0 512-229.23 512-51
Action.c(285):     2s-229.23-512-512-512zM512 955.733c-245.067 0-443.733-198.666-443.733-443.733s198.666-443.
Action.c(285):     733 443.733-443.733c245.067 0 443.733 198.666 443.733 443.733-0.291 244.95-198.783 443.442
Action.c(285):     -443.705 443.733zM738.441 489.677l-263.305-208.555c-7.429-5.439-16.748-8.703-26.829-8.703s
Action.c(285):     -19.4 3.264-26.958 8.793c0.032 0.041-0.081 0.154-0.208 0.248-6.807 4.781-11.269 12.493-11.
Action.c(285):     54 21.261l-0.001 417.151c0.337 8.96 4.985 16.767 11.919 21.443l0.096 0.061c7.429 5.439 16.
Action.c(285):     748 8.703 26.829 8.703s19.4-3.264 26.958-8.793l264.404-208.806c6.739-4.664 11.098-12.353 1
Action.c(285):     1.098-21.060s-4.359-16.396-11.013-21.005c-0.457-0.276-0.905-0.505-1.368-0.706z"\n
Action.c(285):           ],\n
Action.c(285):           "tags": [\n
Action.c(285):             "arrow_triangle-right_alt2"\n
Action.c(285):           ],\n
Action.c(285):           "grid": 32,\n
Action.c(285):           "defaultCode": 60008\n
Action.c(285):         },\n
Action.c(285):         {\n
Action.c(285):           "paths": [\n
Action.c(285):             "M224.96 528c0.007 0 0.014 0 0.022 0 10.235 0 19.347-4.805 25.205-12.282l140.853-1
Action.c(285):     81.51 96.512 113.344c5.987 6.876 14.738 11.212 24.503 11.264 9.759-0.068 18.464-4.486 24.2
Action.c(285):     89-11.407l224.040-266.865c4.247-5.38 6.812-12.26 6.812-19.738 0-17.673-14.327-32-32-32-9.4
Action.c(285):     55 0-17.952 4.101-23.81 10.621l-199.706 237.853-97.28-114.56c-6.536-6.374-15.271-10.52-24.
Action.c(285):     963-11.193-10.104 0.214-18.929 4.97-24.648 12.275l-165.109 212.55c-4.204 5.364-6.742 12.21
Action.c(285):     -6.742 19.648 0 17.673 14.327 32 32 32 0.008 0 0.016-0 0.023-0zM927.296 0h-894.592c-0.096-
Action.c(285):     0.001-0.209-0.002-0.322-0.002-17.751 0-32.166 14.282-32.382 31.981 0.216 17.74 14.631 32.0
Action.c(285):     22 32.382 32.022 0.113 0 0.226-0.001 0.34-0.002l31.279 0v576c0 35.346 28.654 64 64 64h320v
Action.c(285):     99.904l-181.504 164.416c-6.057 5.831-9.819 14.009-9.819 23.065 0 17.673 14.327 32 32 32 7.
Action.c(285):     974 0 15.266-2.916 20.869-7.741l138.454-125.405v101.76c0 17.673 14.327 32 32 32s32-14.327 
Action.c(285):     32-32v-101.76l138.496 125.44c5.743 5.529 13.564 8.935 22.181 8.935 17.673 0 32-14.327 32-3
Action.c(285):     2 0-9.699-4.315-18.391-11.131-24.259l-181.546-164.451v-99.904h320c35.346 0 64-28.654 64-64
Action.c(285):     v-576h31.296c0.096 0.001 0.209 0.002 0.322 0.002 17.751 0 32.166-14.282 32.382-31.981-0.21
Action.c(285):     6-17.74-14.631-32.022-32.382-32.022-0.113 0-0.226 0.001-0.34 0.002zM832 640h-704v-576h704v
Action.c(285):     576z"\n
Action.c(285):           ],\n
Action.c(285):           "width": 960,\n
Action.c(285):           "tags": [\n
Action.c(285):             "icon_easel"\n
Action.c(285):           ],\n
Action.c(285):           "grid": 32,\n
Action.c(285):           "defaultCode": 60009\n
Action.c(285):         },\n
Action.c(285):         {\n
Action.c(285):           "paths": [\n
Action.c(285):             "M19.964 560.51l443.458 443.458c26.665 26.665 70.012 26.665 96.677 0s26.665-70.012
Action.c(285):      0-96.677l-395.324-395.324 395.324-395.324c26.665-26.665 26.665-70.012 0-96.677s-70.012-26
Action.c(285):     .665-96.677 0l-443.458 443.526c-13.401 13.332-19.964 30.904-19.964 48.475s6.564 35.143 19.
Action.c(285):     964 48.544z"\n
Action.c(285):           ],\n
Action.c(285):           "width": 580,\n
Action.c(285):           "tags": [\n
Action.c(285):             "arrow_carrot-left"\n
Action.c(285):           ],\n
Action.c(285):           "grid": 32,\n
Action.c(285):           "defaultCode": 60010\n
Action.c(285):         },\n
Action.c(285):         {\n
Action.c(285):           "paths": [\n
Action.c(285):             "M20.033 1003.967c26.665 26.665 70.012 26.665 96.677 0l443.458-443.458c13.401-13.4
Action.c(285):     01 20.101-31.041 19.964-48.544 0-17.64-6.564-35.143-19.964-48.544l-443.458-443.389c-26.665
Action.c(285):     -26.665-70.012-26.665-96.677 0s-26.665 70.012 0 96.677l395.324 395.324-395.324 395.324c-26
Action.c(285):     .665 26.665-26.665 70.012-0 96.609z"\n
Action.c(285):           ],\n
Action.c(285):           "width": 580,\n
Action.c(285):           "tags": [\n
Action.c(285):             "arrow_carrot-right"\n
Action.c(285):           ],\n
Action.c(285):           "grid": 32,\n
Action.c(285):           "defaultCode": 60011\n
Action.c(285):         },\n
Action.c(285):         {\n
Action.c(285):           "paths": [\n
Action.c(285):             "M206.031 988.756l697.875-697.875 697.875 697.875c47.072 47.072 123.595 47.072 170
Action.c(285):     .667 0s47.072-123.595 0-170.667l-782.967-782.846c-23.536-23.657-54.435-35.244-85.575-35.24
Action.c(285):     4s-62.039 11.587-85.695 35.244l-782.846 782.846c-47.072 47.072-47.072 123.595 0 170.667s12
Action.c(285):     3.595 47.072 170.667 0z"\n
Action.c(285):           ],\n
Action.c(285):           "width": 1808,\n
Action.c(285):           "tags": [\n
Action.c(285):             "arrow_carrot-up"\n
Action.c(285):           ],\n
Action.c(285):           "grid": 32,\n
Action.c(285):           "defaultCode": 60012\n
Action.c(285):         },\n
Action.c(285):         {\n
Action.c(285):           "paths": [\n
Action.c(285):             "M1601.471 35.36l-697.792 697.792-697.792-697.792c-47.067-47.067-123.58-47.067-170
Action.c(285):     .647 0s-47.067 123.58 0 170.647l782.754 782.754c23.654 23.654 54.79 35.481 85.685 35.24 31
Action.c(285):     .136 0 62.031-11.586 85.685-35.24l782.754-782.754c47.067-47.067 47.067-123.58 0-170.647-47
Action.c(285):     .067-47.187-123.459-47.187-170.647 0z"\n
Action.c(285):           ],\n
Action.c(285):           "width": 1807,\n
Action.c(285):           "tags": [\n
Action.c(285):             "arrow_carrot-down"\n
Action.c(285):           ],\n
Action.c(285):           "grid": 32,\n
Action.c(285):           "defaultCode": 60013\n
Action.c(285):         },\n
Action.c(285):         {\n
Action.c(285):           "paths": [\n
Action.c(285):             "M539.186 849.557v-849.556l-167.646 337.557-371.54 54.372 269.593 262.796-63.433 3
Action.c(285):     69.273 333.026-174.443z",\n
Action.c(285):             "M872.212 1023.999l-63.433-369.273 269.593-262.796-371.54-54.372-167.646-337.557v8
Action.c(285):     49.556l333.026 174.443z"\n
Action.c(285):           ],\n
Action.c(285):           "width": 1078,\n
Action.c(285):           "attrs": [\n
Action.c(285):             {\n
Action.c(285):               "fill": "rgb(81, 81, 81)"\n
Action.c(285):             },\n
Action.c(285):             {\n
Action.c(285):               "fill": "rgb(164, 164, 164)"\n
Action.c(285):             }\n
Action.c(285):           ],\n
Action.c(285):           "isMulticolor": true,\n
Action.c(285):           "tags": [\n
Action.c(285):             "icon_star-half-color"\n
Action.c(285):           ],\n
Action.c(285):           "grid": 32,\n
Action.c(285):           "defaultCode": 60014\n
Action.c(285):         },\n
Action.c(285):         {\n
Action.c(285):           "paths": [\n
Action.c(285):             "M512 0.041c-131.031 0-262.066 49.983-362.041 149.956-199.946 199.946-199.946 524.
Action.c(285):     135 0 724.005 100.041 99.973 231.003 149.956 362.041 149.956s262.066-49.983 362.041-149.95
Action.c(285):     6c199.946-199.946 199.946-524.135 0-724.005-99.972-99.973-231.003-149.956-362.041-149.956v
Action.c(285):     0zM825.557 825.525c-83.723 83.723-195.078 129.866-313.561 129.866-118.416 0-229.771-46.144
Action.c(285):     -313.561-129.866-83.723-83.723-129.866-195.078-129.866-313.561s46.144-229.771 129.866-313.
Action.c(285):     561c83.723-83.723 195.078-129.866 313.561-129.866 118.416 0 229.771 46.144 313.561 129.866
Action.c(285):     s129.866 195.146 129.866 313.561-46.144 229.839-129.866 313.561zM715.439 475.419h-171.421v
Action.c(285):     -240.466c0-18.926-15.358-34.283-34.283-34.283s-34.283 15.358-34.283 34.283v274.751c0 18.92
Action.c(285):     6 15.358 34.283 34.283 34.283h205.705c18.926 0 34.283-15.358 34.283-34.283s-15.358-34.284-
Action.c(285):     34.283-34.284v0z"\n
Action.c(285):           ],\n
Action.c(285):           "tags": [\n
Action.c(285):             "icon_clock_alt"\n
Action.c(285):           ],\n
Action.c(285):           "grid": 32,\n
Action.c(285):           "defaultCode": 60016\n
Action.c(285):         },\n
Action.c(285):         {\n
Action.c(285):           "paths": [\n
Action.c(285):             "M20.685 1003.315c27.546 27.546 72.397 27.546 99.942 0l391.373-391.373 391.373 391
Action.c(285):     .373c27.546 27.546 72.397 27.546 99.942 0s27.546-72.397 0-99.942l-391.373-391.373 391.373-
Action.c(285):     391.373c27.546-27.546 27.546-72.397 0-99.942s-72.397-27.546-99.942 0l-391.373 391.373-391.
Action.c(285):     373-391.373c-27.546-27.546-72.397-27.546-99.942 0s-27.546 72.397 0 99.942l391.373 391.373-
Action.c(285):     391.373 391.373c-27.597 27.546-27.597 72.397 0 99.942z"\n
Action.c(285):           ],\n
Action.c(285):           "tags": [\n
Action.c(285):             "icon_close"\n
Action.c(285):           ],\n
Action.c(285):           "grid": 32,\n
Action.c(285):           "defaultCode": 60017\n
Action.c(285):         },\n
Action.c(285):         {\n
Action.c(285):           "paths": [\n
Action.c(285):             "M512 0c-212.032 0-384 171.968-384 384 0 246.656 276.544 554.432 320 601.472 17.98
Action.c(285):     4 19.52 33.024 38.528 64 38.528s46.016-19.008 64-38.528c43.456-47.040 320-354.816 320-601.
Action.c(285):     472 0-212.032-171.968-384-384-384zM512 640c-141.376 0-256-114.624-256-256s114.624-256 256-
Action.c(285):     256 256 114.624 256 256-114.624 256-256 256zM512 256c-70.656 0-128 57.344-128 128s57.344 1
Action.c(285):     28 128 128 128-57.344 128-128-57.344-128-128-128z"\n
Action.c(285):           ],\n
Action.c(285):           "grid": 32,\n
Action.c(285):           "tags": [\n
Action.c(285):             "location_alt"\n
Action.c(285):           ],\n
Action.c(285):           "defaultCode": 60018\n
Action.c(285):         },\n
Action.c(285):         {\n
Action.c(285):           "paths": [\n
Action.c(285):             "M588.454 457.099l17.080-158.602-34.567 9.353-10.573 120.782-69.134-99.635-34.974 
Action.c(285):     9.353 93.535 128.915z",\n
Action.c(285):             "M389.185 483.94l61.407-16.267 15.454 21.96 34.567-9.353-93.535-128.915-38.227 10.
Action.c(285):     167-17.080 158.195 34.567-9.353 2.847-26.434zM396.505 387.152l39.041 55.714-44.734 11.793 
Action.c(285):     5.693-67.508z",\n
Action.c(285):             "M764.137 410.332l-7.32-26.84-71.168 18.707-8.54-32.534 69.541-18.707-7.32-26.84-6
Action.c(285):     9.541 18.3-7.727-30.094 70.761-18.707-6.913-26.84-101.668 26.84 38.227 143.555z",\n
Action.c(285):             "M329.404 564.461l-10.98 98.821-58.967-80.521-42.701 11.387 38.227 143.555 30.5-8.
Action.c(285):     133-27.654-103.295 68.321 92.721 13.42-3.66 12.607-114.275 27.654 103.701 30.907-8.133-38.
Action.c(285):     227-143.962z",\n
Action.c(285):             "M301.344 490.040c2.033 8.54-3.66 17.894-20.74 22.774-19.927 5.287-37.82 0.407-50.
Action.c(285):     834-7.32l-10.573 28.467c17.080 9.76 39.447 13.827 67.101 6.507 38.634-10.167 52.054-34.974
Action.c(285):      45.141-61.407-14.234-53.681-92.721-16.267-98.821-39.041-2.44-8.54 3.66-16.267 16.267-19.5
Action.c(285):     2 14.64-4.067 31.314-3.253 45.954 4.473l10.98-27.247c-17.894-9.353-38.634-11.387-61.407-5.
Action.c(285):     287-33.754 8.947-49.207 34.16-42.701 58.154 15.047 53.681 93.128 14.234 99.635 39.447z",\n
Action.c(285):             "M742.176 608.381l101.668-27.247-6.913-26.84-71.168 18.707-8.947-32.534 69.948-18.
Action.c(285):     707-7.32-26.84-69.541 18.707-8.133-30.094 71.168-19.114-7.32-26.84-101.668 26.84z",\n
Action.c(285):             "M693.376 516.88c-6.913-26.84-30.907-41.481-60.594-33.347l-67.101 17.894 38.227 14
Action.c(285):     3.555 30.5-8.133-13.42-51.241 22.367-6.1 41.887 43.514 35.38-9.353-47.174-45.954c14.234-7.
Action.c(285):     32 26.84-25.62 19.927-50.834zM645.795 550.227l-32.127 8.54-10.167-38.634 32.127-8.54c12.2-
Action.c(285):     3.253 23.18 1.627 26.434 13.42 3.253 12.2-4.067 21.96-16.267 25.214z",\n
Action.c(285):             "M468.486 524.607c-43.514 11.387-67.101 50.834-55.307 94.348 11.387 43.107 51.241 
Action.c(285):     65.881 94.755 54.494 43.107-11.387 66.694-50.834 55.307-94.348-11.387-43.107-51.647-65.881
Action.c(285):     -94.755-54.494zM501.020 646.202c-26.84 6.913-49.207-8.947-56.121-35.38-7.32-26.84 4.473-51
Action.c(285):     .647 31.314-58.967 26.434-6.913 48.801 8.54 56.121 35.787 6.507 26.434-4.88 51.647-31.314 
Action.c(285):     58.561z",\n
Action.c(285):             "M1021.967 522.573c-35.787-26.027-69.541-51.241-104.921-77.268 25.62-36.194 50.021
Action.c(285):     -70.761 76.048-107.768-43.921-12.2-84.994-23.994-127.695-35.787 10.573-43.107 20.74-84.181
Action.c(285):      31.314-128.508-44.327 2.847-86.621 6.1-130.948 8.947-6.1-41.481-12.2-82.554-18.3-125.255-
Action.c(285):     40.667 18.3-78.488 35.787-117.528 53.681-21.147-37.007-41.887-73.201-63.441-111.021-29.687
Action.c(285):      32.534-57.747 62.627-86.621 93.941-33.347-27.654-65.881-54.494-99.635-82.554-17.487 42.70
Action.c(285):     1-33.347 82.554-50.021 123.222-41.074-14.64-80.521-28.060-123.222-43.107 0 45.141 0 87.434
Action.c(285):      0 131.355-44.327 2.847-85.808 5.287-129.728 7.727 15.454 41.481 30.5 80.928 45.954 121.59
Action.c(285):     5-40.667 18.3-79.708 35.787-121.188 54.494 30.907 32.94 60.187 63.441 89.061 94.348-30.5 3
Action.c(285):     1.314-60.187 61.814-90.688 93.535 39.447 20.74 78.488 41.074 117.935 61.814-18.707 39.854-
Action.c(285):     36.6 77.268-55.307 115.902 45.954 5.287 88.248 10.167 131.762 15.047-3.253 43.921-6.1 85.4
Action.c(285):     01-9.353 128.915 44.327-13.014 86.214-25.214 128.915-37.414 14.234 42.701 27.654 83.368 41
Action.c(285):     .481 126.068 34.974-26.84 67.914-52.461 101.668-78.894 28.874 33.347 56.527 65.068 85.808 
Action.c(285):     99.228 22.774-38.227 44.327-74.421 66.288-111.021 40.261 22.774 77.674 44.327 117.935 67.1
Action.c(285):     01 8.133-45.141 15.454-86.214 23.18-129.322 41.887 5.693 82.961 11.793 127.288 17.894-6.50
Action.c(285):     7-37.82-11.387-72.388-18.707-106.548-4.067-19.927-0.813-28.874 21.147-31.72 32.94-4.88 65.
Action.c(285):     474-13.42 100.041-21.147-22.774-39.447-43.921-76.048-65.474-113.868 35.787-25.214 70.354-4
Action.c(285):     8.801 106.955-73.608zM245.223 392.032c22.774-6.1 43.514-4.067 61.407 5.287l-10.98 27.247c-
Action.c(285):     14.64-7.727-31.314-8.54-45.954-4.473-13.014 3.253-18.707 10.98-16.267 19.52 6.1 22.774 84.
Action.c(285):     588-14.64 98.821 39.041 6.913 26.434-6.507 51.241-45.141 61.407-27.654 7.32-50.021 3.253-6
Action.c(285):     7.101-6.507l10.573-28.467c13.014 7.727 30.907 12.607 50.834 7.32 17.080-4.473 22.774-14.23
Action.c(285):     4 20.74-22.774-6.507-24.807-84.588 14.64-99.228-39.447-6.913-23.587 8.54-49.207 42.294-58.
Action.c(285):     154zM720.216 614.075l-35.38 9.353-41.887-43.514-22.367 6.1 13.42 51.241-30.5 8.133-38.227-
Action.c(285):     143.555 67.101-17.894c30.094-8.133 53.681 6.507 60.594 33.347 6.507 25.214-5.693 43.107-20
Action.c(285):     .334 51.241l47.581 45.547zM662.469 437.172l-38.227-143.555 101.668-26.84 7.32 26.84-71.168
Action.c(285):      18.707 8.133 30.094 69.541-18.707 7.32 26.84-69.541 18.707 8.54 32.534 71.168-18.707 7.32
Action.c(285):      26.84-102.075 27.247zM570.967 307.851l34.567-9.353-17.080 158.195-38.227 10.167-93.535-12
Action.c(285):     8.915 34.567-9.353 69.134 99.635 10.573-120.375zM501.020 480.28l-34.567 9.353-15.454-21.96
Action.c(285):     -61.407 16.267-2.44 26.84-34.567 9.353 17.080-158.195 38.227-10.167 93.128 128.508zM216.75
Action.c(285):     6 594.148l42.701-11.387 58.967 
Action.c(285): t=48507ms: 808-byte DECODED response body for "https://stage.peapod.com/shop/images/icons/PeapodIcons.json" (RelFrameId=1, Internal ID=25)
Action.c(285):     80.521 10.98-99.228 43.107-11.387 38.227 143.555-30.907 8.133-27.654-103.701-13.014 114.27
Action.c(285):     5-13.42 3.66-67.914-92.315 27.654 103.701-30.5 8.133-38.227-143.962zM413.179 618.955c-11.3
Action.c(285):     87-43.107 11.793-82.554 55.307-94.348 43.107-11.387 83.368 10.98 94.755 54.494 11.387 43.1
Action.c(285):     07-11.793 82.554-55.307 94.348-43.514 11.387-83.368-10.98-94.755-54.494zM703.949 464.419l1
Action.c(285):     01.668-26.84 7.32 26.84-71.168 18.707 8.133 30.094 69.541-18.707 7.32 26.84-69.541 18.3 8.
Action.c(285):     54 32.534 71.168-18.707 7.32 26.84-101.668 27.247-38.634-143.149z",\n
Action.c(285):             "M396.505 387.152l-6.1 67.508 45.141-11.793z",\n
Action.c(285):             "M475.806 551.854c-26.84 6.913-38.227 31.72-31.314 58.967 6.913 26.84 29.687 42.70
Action.c(285):     1 56.121 35.38 26.434-6.913 38.227-32.127 30.907-58.561-6.913-27.247-29.28-42.701-55.714-3
Action.c(285):     5.787z",\n
Action.c(285):             "M635.628 511.593l-32.127 8.54 10.167 
Action.c(285): t=48509ms: 1783-byte ENCODED response body received for "https://stage.peapod.com/shop/images/icons/PeapodIcons.json" (RelFrameId=1, Internal ID=25)
Action.c(285): t=48509ms: 6471-byte DECODED response body for "https://stage.peapod.com/shop/images/icons/PeapodIcons.json" (RelFrameId=1, Internal ID=25)
Action.c(285):     38.634 32.127-8.54c12.2-3.253 19.52-13.014 16.267-25.214-3.253-11.793-14.234-16.674-26.434
Action.c(285):     -13.42z"\n
Action.c(285):           ],\n
Action.c(285):           "attrs": [\n
Action.c(285):             {\n
Action.c(285):               "fill": "rgb(255, 255, 255)"\n
Action.c(285):             },\n
Action.c(285):             {\n
Action.c(285):               "fill": "rgb(255, 255, 255)"\n
Action.c(285):             },\n
Action.c(285):             {\n
Action.c(285):               "fill": "rgb(255, 255, 255)"\n
Action.c(285):             },\n
Action.c(285):             {\n
Action.c(285):               "fill": "rgb(255, 255, 255)"\n
Action.c(285):             },\n
Action.c(285):             {\n
Action.c(285):               "fill": "rgb(255, 255, 255)"\n
Action.c(285):             },\n
Action.c(285):             {\n
Action.c(285):               "fill": "rgb(255, 255, 255)"\n
Action.c(285):             },\n
Action.c(285):             {\n
Action.c(285):               "fill": "rgb(255, 255, 255)"\n
Action.c(285):             },\n
Action.c(285):             {\n
Action.c(285):               "fill": "rgb(255, 255, 255)"\n
Action.c(285):             },\n
Action.c(285):             {\n
Action.c(285):               "fill": "rgb(0, 0, 0)"\n
Action.c(285):             },\n
Action.c(285):             {\n
Action.c(285):               "fill": "rgb(0, 0, 0)"\n
Action.c(285):             },\n
Action.c(285):             {\n
Action.c(285):               "fill": "rgb(0, 0, 0)"\n
Action.c(285):             },\n
Action.c(285):             {\n
Action.c(285):               "fill": "rgb(0, 0, 0)"\n
Action.c(285):             }\n
Action.c(285):           ],\n
Action.c(285):           "width": 1022,\n
Action.c(285):           "isMulticolor": true,\n
Action.c(285):           "grid": 32,\n
Action.c(285):           "tags": [\n
Action.c(285):             "bmsm-sticker"\n
Action.c(285):           ],\n
Action.c(285):           "defaultCode": 60019\n
Action.c(285):         },\n
Action.c(285):         {\n
Action.c(285):           "paths": [\n
Action.c(285):             "M882.478 520.133c0 179.904-164.594 325.744-367.631 325.744s-367.631-145.841-367.6
Action.c(285):     31-325.744c0-179.904 164.594-325.744 367.631-325.744s367.631 145.841 367.631 325.744z",\n
Action.c(285):             "M1004.073 382.272c-40.667-15.047-79.708-29.687-119.968-44.734 14.64-40.667 28.467
Action.c(285):     -80.114 43.107-122.002-44.734 0-86.621 0.407-130.135 0.407-1.627-43.514-2.847-84.994-4.473
Action.c(285):     -129.728-41.074 14.64-80.114 28.874-121.188 43.514-16.674-37.414-33.347-74.421-50.834-113.
Action.c(285):     461-33.347 28.060-64.661 54.901-96.788 82.148-30.094-29.28-59.374-58.154-89.468-87.841-19.
Action.c(285):     52 38.634-37.82 74.421-56.934 111.835-39.041-17.080-76.454-33.754-115.902-51.241-4.88 44.7
Action.c(285):     34-9.76 87.028-14.234 129.728-42.701-2.847-83.774-5.287-127.695-7.727 12.2 42.294 23.18 82
Action.c(285):     .554 34.974 124.035-40.667 13.827-79.301 27.247-120.375 41.074 25.62 34.974 50.427 68.321 
Action.c(285):     75.641 102.888-33.347 28.060-65.881 55.307-100.041 83.774 37.82 22.774 73.608 43.921 108.9
Action.c(285):     88 65.068-20.334 37.82-40.261 74.421-61.001 112.241 42.701 8.947 84.994 17.894 128.102 26.
Action.c(285):     84-7.32 42.701-14.234 82.554-21.147 124.442 45.141-7.32 85.808-14.234 128.508-21.147 8.947
Action.c(285):      42.294 17.080 82.148 25.62 124.442 38.634-23.994 74.828-46.767 111.835-69.541 24.807 36.6
Action.c(285):      47.987 71.168 72.794 107.768 25.62-34.974 50.021-67.914 75.234-101.668 36.194 23.587 70.7
Action.c(285):     61 46.361 107.768 70.761 11.387-41.887 22.367-82.148 32.94-122.408 43.921 10.98 84.994 21.
Action.c(285):     147 129.322 32.127-4.473-44.734-8.54-85.808-12.607-128.508 41.074-5.693 81.741-10.98 124.8
Action.c(285):     48-17.080-16.267-33.754-30.094-65.474-46.361-95.568-9.353-17.487-8.54-26.84 11.387-35.787 
Action.c(285):     30.094-13.42 58.561-30.5 89.061-46.767-31.72-31.314-61.814-60.187-92.315-90.281 27.247-32.
Action.c(285):     94 53.274-64.254 81.334-97.601z",\n
Action.c(285):             "M286.704 537.214l-85.808-114.275 30.907-8.54 63.441 88.248 7.727-108.581 30.907-8
Action.c(285):     .54-13.014 142.335-34.16 9.353z",\n
Action.c(285):             "M396.912 506.307l-36.194-128.102 27.247-7.727 36.194 128.102-27.247 7.727z",\n
Action.c(285):             "M464.013 487.193l-36.194-128.102 90.688-25.62 6.913 23.994-63.441 17.894 7.727 26
Action.c(285):     .84 62.221-17.487 6.913 23.994-62.221 17.487 8.133 29.28 63.441-17.894 6.913 23.994-91.095
Action.c(285):      25.62z",\n
Action.c(285):             "M688.496 423.752l-47.174-81.741 2.44 94.348-28.874 8.133-72.794-117.935 30.5-8.54
Action.c(285):      48.801 86.214-2.033-99.228 21.147-6.1 50.427 85.808-3.66-99.228 30.5-8.54-0.407 138.675-2
Action.c(285):     8.874 8.133z",\n
Action.c(285):             "M297.684 713.709l-36.194-128.102 50.427-14.234c40.261-11.387 75.234 6.507 86.214 
Action.c(285):     44.734 10.98 39.041-9.76 71.981-49.614 83.368l-50.834 14.234zM370.478 623.835c-6.507-22.36
Action.c(285):     7-25.214-36.194-51.241-28.874l-23.587 6.507 22.774 80.114 23.18-6.507c25.214-6.507 34.974-
Action.c(285):     29.28 28.874-51.241z",\n
Action.c(285):             "M450.186 670.602l-36.194-128.102 90.688-25.62 6.913 23.994-63.441 17.894 7.727 26
Action.c(285):     .84 62.221-17.487 6.913 23.994-62.221 17.487 8.133 29.28 63.441-17.894 6.913 23.994-91.095
Action.c(285):      25.62z",\n
Action.c(285):             "M665.315 610.008l-14.234-19.52-54.901 15.454-2.033 23.994-30.907 8.54 13.014-142.
Action.c(285):     335 34.16-9.76 85.808 114.275-30.907 9.353zM601.468 518.913l-4.473 61.001 39.854-11.387-35
Action.c(285):     .38-49.614z",\n
Action.c(285):             "M721.843 594.148l-36.194-128.102 27.654-7.727 29.28 104.108 54.087-15.454 6.913 2
Action.c(285):     3.994-81.741 23.18z"\n
Action.c(285):           ],\n
Action.c(285):           "attrs": [\n
Action.c(285):             {\n
Action.c(285):               "fill": "rgb(255, 255, 255)"\n
Action.c(285):             },\n
Action.c(285):             {\n
Action.c(285):               "fill": "rgb(0, 0, 0)"\n
Action.c(285):             },\n
Action.c(285):             {\n
Action.c(285):               "fill": "rgb(255, 255, 255)"\n
Action.c(285):             },\n
Action.c(285):             {\n
Action.c(285):               "fill": "rgb(255, 255, 255)"\n
Action.c(285):             },\n
Action.c(285):             {\n
Action.c(285):               "fill": "rgb(255, 255, 255)"\n
Action.c(285):             },\n
Action.c(285):             {\n
Action.c(285):               "fill": "rgb(255, 255, 255)"\n
Action.c(285):             },\n
Action.c(285):             {\n
Action.c(285):               "fill": "rgb(255, 255, 255)"\n
Action.c(285):             },\n
Action.c(285):             {\n
Action.c(285):               "fill": "rgb(255, 255, 255)"\n
Action.c(285):             },\n
Action.c(285):             {\n
Action.c(285):               "fill": "rgb(255, 255, 255)"\n
Action.c(285):             },\n
Action.c(285):             {\n
Action.c(285):               "fill": "rgb(255, 255, 255)"\n
Action.c(285):             }\n
Action.c(285):           ],\n
Action.c(285):           "width": 1022,\n
Action.c(285):           "isMulticolor": true,\n
Action.c(285):           "grid": 32,\n
Action.c(285):           "tags": [\n
Action.c(285):             "view-deal-sticker"\n
Action.c(285):           ],\n
Action.c(285):           "defaultCode": 60031\n
Action.c(285):         },\n
Action.c(285):         {\n
Action.c(285):           "paths":[\n
Action.c(285):             "M1024 511.988c0-282.758-229.232-511.988-512-511.988s-512 229.23-512 511.988c0 282
Action.c(285):     .778 229.228 512.012 512 512.012s512-229.234 512-512.012zM938.667 511.988c0 235.651-191.02
Action.c(285):     3 426.679-426.667 426.679s-426.667-191.028-426.667-426.679c0-235.63 191.027-426.654 426.66
Action.c(285):     7-426.654s426.667 191.025 426.667 426.654zM469.338 725.168c0 23.564 19.103 42.666 42.667 4
Action.c(285):     2.666s42.666-19.103 42.666-42.667l-0.004-234.5c0-23.564-19.103-42.666-42.667-42.666s-42.66
Action.c(285):     6 19.103-42.666 42.667l0.004 234.5zM469.338 338.164c0 25.314 19.103 45.836 42.667 45.836s4
Action.c(285):     2.667-20.521 42.667-45.836v-36.329c0-25.314-19.103-45.836-42.667-45.836s-42.667 20.521-42.
Action.c(285):     667 45.836v36.329z"\n
Action.c(285):           ],\n
Action.c(285):           "grid": 32,\n
Action.c(285):           "width": 1024,\n
Action.c(285):           "defaultCode": 60041,\n
Action.c(285):           "tags": [\n
Action.c(285):             "tool-tip"\n
Action.c(285):           ]\n
Action.c(285):         }\n
Action.c(285):       ],\n
Action.c(285):       "colorThemes": [],\n
Action.c(285):       "colorThemeIdx": 0,\n
Action.c(285):       "preferences": {\n
Action.c(285):         "showGlyphs": true,\n
Action.c(285):         "showQuickUse": true,\n
Action.c(285):         "showQuickUse2": true,\n
Action.c(285):         "showSVGs": true,\n
Action.c(285):         "fontPref": {\n
Action.c(285):           "prefix": "icon-",\n
Action.c(285):           "metadata": {\n
Action.c(285):             "fontFamily": "icomoon"\n
Action.c(285):           },\n
Action.c(285):           "metrics": {\n
Action.c(285):             "emSize": 1024,\n
Action.c(285):             "baseline": 14.306640625,\n
Action.c(285):             "whitespace": 33.447265625\n
Action.c(285):           },\n
Action.c(285):           "embed": false\n
Action.c(285):         },\n
Action.c(285):         "imagePref": {\n
Action.c(285):           "prefix": "icon-",\n
Action.c(285):           "png": true,\n
Action.c(285):           "useClassSelector": true,\n
Action.c(285):           "color": 7763574,\n
Action.c(285):           "bgColor": 16777215,\n
Action.c(285):           "classSelector": ".icon",\n
Action.c(285):           "height": 32,\n
Action.c(285):           "columns": 16,\n
Action.c(285):           "margin": 16,\n
Action.c(285):           "name": "icomoon",\n
Action.c(285):           "minifyJs": false,\n
Action.c(285):           "pdf": false\n
Action.c(285):         },\n
Action.c(285):         "historySize": 100,\n
Action.c(285):         "showCodes": true,\n
Action.c(285):         "gridSize": 16,\n
Action.c(285):         "showGrid": true\n
Action.c(285):       },\n
Action.c(285):       "IcoMoonType": "icon-set"\n
Action.c(285):     }
Action.c(285): web_custom_request("PeapodIcons.json_3") was successful, 218778 body bytes, 724 header bytes  	[MsgId: MMSG-26386]
Action.c(294): web_custom_request("profile_2") started  	[MsgId: MMSG-26355]
Action.c(294): t=49789ms: 770-byte response headers for "https://stage.peapod.com/api/v3.0/user/profile" (RelFrameId=1, Internal ID=26)
Action.c(294):     HTTP/1.1 200 OK\r\n
Action.c(294):     Date: Sun, 24 Nov 2019 16:40:07 GMT\r\n
Action.c(294):     Content-Type: application/json;charset=utf-8\r\n
Action.c(294):     Transfer-Encoding: chunked\r\n
Action.c(294):     Connection: keep-alive\r\n
Action.c(294):     Strict-Transport-Security: max-age=63072000; includeSubdomains;\r\n
Action.c(294):     access-control-allow-credentials: true\r\n
Action.c(294):     access-control-allow-origin:\r\n
Action.c(294):     Pragma: no-cache\r\n
Action.c(294):     Cache-Control: no-store\r\n
Action.c(294):     Expires: 0\r\n
Action.c(294):     Vary: Accept-Encoding,User-Agent\r\n
Action.c(294):     Content-Encoding: gzip\r\n
Action.c(294):     X-XSS-Protection: 1; mode=block\r\n
Action.c(294):     X-Content-Type-Options: nosniff\r\n
Action.c(294):     Strict-Transport-Security: max-age=86400; includeSubDomains\r\n
Action.c(294):     Content-Security-Policy: frame-ancestors 'self' *.giantfood.com\r\n
Action.c(294):     CF-Cache-Status: DYNAMIC\r\n
Action.c(294):     Expect-CT: max-age=604800, report-uri="https://report-uri.cloudflare.com/cdn-cgi/beacon/ex
Action.c(294):     pect-ct"\r\n
Action.c(294):     Server: cloudflare\r\n
Action.c(294):     CF-RAY: 53acd2a41af1ea40-IAD\r\n
Action.c(294):     \r\n
Action.c(294): t=49794ms: 593-byte ENCODED response body received for "https://stage.peapod.com/api/v3.0/user/profile" (RelFrameId=1, Internal ID=26)
Action.c(294): t=49794ms: 1488-byte DECODED response body for "https://stage.peapod.com/api/v3.0/user/profile" (RelFrameId=1, Internal ID=26)
Action.c(294):     \n
Action.c(294):     \n
Action.c(294):     \n
Action.c(294):     \n
Action.c(294):             {"response":{"information":{"handle":"perftest22nov5201@test.com","email":"perftes
Action.c(294):     t22nov5201@test.com","buddyEmail":"","userId":91117310,"currentOrderId":135983265,"userGui
Action.c(294):     d":"4c9763bd-a101-480c-a45e-f39c7b5acb4a","userType":"C","attributes":{"Mrch2TargCd":"N","
Action.c(294):     Mktg5TargCd":"N","TimeOrdQy":"0","Prgm3SaleQy":"0.0","PrgmPup2OrdQy":"0","Prgm4OrdQy":"0",
Action.c(294):     "Prgm1SaleQy":"0.0","PrgmPup1OrdQy":"0","Mktg2TargCd":"N","Mktg4TargCd":"N","PupTimeOrdQy"
Action.c(294):     :"0","Mrch4TargCd":"N","Prgm3OrdQy":"0","mail_opt_spec_cd":"Y","Prgm4SaleQy":"0.0","Prgm2S
Action.c(294):     aleQy":"0.0","PrgmPup1SaleQy":"0.0","Mrch1TargCd":"N","mail_opt_news_cd":"Y","Mrch6TargCd"
Action.c(294):     :"N","Mktg1TargCd":"N","LastSvcDt":"1980-01-01","Prgm5OrdQy":"0","Mrch5TargCd":"N","Prgm2O
Action.c(294):     rdQy":"0","Prgm5SaleQy":"0.0","Prgm1OrdQy":"0","Mrch3TargCd":"N","PrgmPup2SaleQy":"0.0","M
Action.c(294):     ktg3TargCd":"N"}},"addresses":[{"addressId":"1","addressLine1":"7801 Main street","address
Action.c(294):     Line2":"","city":"Allston","state":"MA","zip":"02134","intersection":"","instructions":"",
Action.c(294):     "unattendedInstructions":"","name":{"firstName":"PerfKeithaabc","lastName":"TestAshbyabc",
Action.c(294):     "middleInitial":""},"phone":{"areaCode":"408","prefix":"717","suffix":"1001"},"alternatePh
Action.c(294):     one":{}},{"addressId":"2","addressLine1":"7801 Main street","addressLine2":"","city":"Alls
Action.c(294):     ton","state":"MA","zip":"02134","name":{"firstName":"PerfKeithaabc","lastName":"TestAshbya
Action.c(294):     bc","middleInitial":""},"phone":{"areaCode":"408","prefix":"716","suffix":"2501"}}],"addre
Action.c(294):     ssDefaults":{"deliveryAddressId":"1","billin
Action.c(294): t=49797ms: 447-byte ENCODED response body received for "https://stage.peapod.com/api/v3.0/user/profile" (RelFrameId=1, Internal ID=26)
Action.c(294): t=49797ms: 1642-byte DECODED response body for "https://stage.peapod.com/api/v3.0/user/profile" (RelFrameId=1, Internal ID=26)
Action.c(294):     gAddressId":"2"},"retailerCard":{"cardNumber":""},"opco":{"title":"Stop & Shop","name":"ST
Action.c(294):     SH","hasLoyaltyProgram":true},"refData":{"deliveryServiceLocation":{"serviceLocationId":26
Action.c(294):     425,"storeId":2,"priceZone":1,"zip":"02134","city":"Allston","maxPupRadius":100,"unattende
Action.c(294):     dDeliveryAllowed":false,"feeAmounts":{"standardFee":6.95,"standardQty":100.00,"level3Fee":
Action.c(294):     9.95,"level3Qty":60.00,"pickupFee":2.95,"pickupQty":60.00,"oneWayFee":0.00},"loyaltyCardAs
Action.c(294):     signmentAllowed":false,"loyaltyCardProgramTitle":"Stop & Shop Card","loyaltyCardNumberLeng
Action.c(294):     th":13,"numberOfOrdersAhead":5,"orderStatusEnabled":true,"hoursOffset":1,"showRegularPrice
Action.c(294):     ":true,"podBagAvailable":false,"oneWayAvailable":false,"serviceTypeSelectionForNewOrdersEn
Action.c(294):     abled":true,"topSpecialsEnabled":true,"loadedCouponsEnabled":true,"serviceType":"D","click
Action.c(294):     AndCollect":false},"fuelSurcharge":0.05,"availableServiceTypes":["D","P"],"customerDefault
Action.c(294):     DeliveryServiceLocation":{"serviceLocationId":26425,"storeId":2,"priceZone":1,"zip":"02134
Action.c(294):     ","city":"Allston","maxPupRadius":100,"unattendedDeliveryAllowed":false,"feeAmounts":{"sta
Action.c(294):     ndardFee":6.95,"standardQty":100.00,"level3Fee":9.95,"level3Qty":60.00,"pickupFee":2.95,"p
Action.c(294):     ickupQty":60.00,"oneWayFee":0.00},"loyaltyCardAssignmentAllowed":false,"loyaltyCardProgram
Action.c(294):     Title":"Stop & Shop Card","loyaltyCardNumberLength":13,"numberOfOrdersAhead":5,"orderStatu
Action.c(294):     sEnabled":true,"hoursOffset":1,"showRegularPrice":true,"podBagAvailable":false,"oneWayAvai
Action.c(294):     lable":false,"serviceTypeSelectionForNewOrdersEnabled":true,"topSpecialsEnabled":true,"loa
Action.c(294):     dedCouponsEnabled":true,"serviceType":"D","clickAndCollect":false}}},"sessionId":"IIFRJAZ4
Action.c(294):     OWS4UCWWM4JCF3Q"}\n
Action.c(294):         
Action.c(294): web_custom_request("profile_2") was successful, 1040 body bytes, 770 header bytes  	[MsgId: MMSG-26386]
Action.c(303): web_custom_request("cart") started  	[MsgId: MMSG-26355]
Action.c(303): t=50769ms: 752-byte response headers for "https://stage.peapod.com/api/v3.0/user/cart?flags=true&image=true&sort=category+asc" (RelFrameId=1, Internal ID=27)
Action.c(303):     HTTP/1.1 200 OK\r\n
Action.c(303):     Date: Sun, 24 Nov 2019 16:40:08 GMT\r\n
Action.c(303):     Content-Type: application/json;charset=utf-8\r\n
Action.c(303):     Transfer-Encoding: chunked\r\n
Action.c(303):     Connection: keep-alive\r\n
Action.c(303):     Strict-Transport-Security: max-age=63072000; includeSubdomains;\r\n
Action.c(303):     access-control-allow-credentials: true\r\n
Action.c(303):     access-control-allow-origin:\r\n
Action.c(303):     expires: 0\r\n
Action.c(303):     Vary: Accept-Encoding,User-Agent\r\n
Action.c(303):     Content-Encoding: gzip\r\n
Action.c(303):     Cache-Control: no-store\r\n
Action.c(303):     X-XSS-Protection: 1; mode=block\r\n
Action.c(303):     X-Content-Type-Options: nosniff\r\n
Action.c(303):     Strict-Transport-Security: max-age=86400; includeSubDomains\r\n
Action.c(303):     Content-Security-Policy: frame-ancestors 'self' *.giantfood.com\r\n
Action.c(303):     CF-Cache-Status: DYNAMIC\r\n
Action.c(303):     Expect-CT: max-age=604800, report-uri="https://report-uri.cloudflare.com/cdn-cgi/beacon/ex
Action.c(303):     pect-ct"\r\n
Action.c(303):     Server: cloudflare\r\n
Action.c(303):     CF-RAY: 53acd2ab0d18cee0-IAD\r\n
Action.c(303):     \r\n
Action.c(303): t=50774ms: 351-byte ENCODED response body received for "https://stage.peapod.com/api/v3.0/user/cart?flags=true&image=true&sort=category+asc" (RelFrameId=1, Internal ID=27)
Action.c(303): t=50774ms: 684-byte DECODED response body for "https://stage.peapod.com/api/v3.0/user/cart?flags=true&image=true&sort=category+asc" (RelFrameId=1, Internal ID=27)
Action.c(303):     {"response":{"items":[],"removedItems":[],"subTotalPrice":0.0,"tax":0.0,"driverTip":0.0,"f
Action.c(303):     ees":{"deliveryFee":9.95,"electPmtDiscount":0.0,"promotionSavings":0.0,"giftCardDiscount":
Action.c(303):     0.0,"fuelSurcharge":0.05},"total":10.0,"savings":{"couponSavings":0.0,"coupons":[],"inStor
Action.c(303):     eCouponSavings":0.0,"inStoreCoupons":[],"weeklySavingsTotal":0.0,"weeklySavingsItems":[],"
Action.c(303):     buyMoreSaveMoreSavingsTotal":0.0,"buyMoreSaveMoreSavingsItems":[],"promotionSavingsTotal":
Action.c(303):     0.0,"promotionSavings":[],"pepDiscount":0.0,"delivDiscount":0.0,"hasPersonalCoupons":false
Action.c(303):     ,"totalSavingsAmt":0.0},"orderId":"d135967125","orderStatusCode":"WORKING","orderLocationC
Action.c(303):     onfirmed":true},"sessionId":"IIFRJAZ4OWS4UCWWM4JCF3Q"}
Action.c(303): web_custom_request("cart") was successful, 351 body bytes, 752 header bytes  	[MsgId: MMSG-26386]
Action.c(312): web_custom_request("slots_2") started  	[MsgId: MMSG-26355]
Action.c(312): t=51798ms: 752-byte response headers for "https://stage.peapod.com/api/v2.0/user/slots?delivAvail=true&headers=false&pupAvail=true&selected=true" (RelFrameId=1, Internal ID=28)
Action.c(312):     HTTP/1.1 200 OK\r\n
Action.c(312):     Date: Sun, 24 Nov 2019 16:40:09 GMT\r\n
Action.c(312):     Content-Type: application/json;charset=utf-8\r\n
Action.c(312):     Transfer-Encoding: chunked\r\n
Action.c(312):     Connection: keep-alive\r\n
Action.c(312):     Strict-Transport-Security: max-age=63072000; includeSubdomains;\r\n
Action.c(312):     access-control-allow-credentials: true\r\n
Action.c(312):     access-control-allow-origin:\r\n
Action.c(312):     expires: 0\r\n
Action.c(312):     Vary: Accept-Encoding,User-Agent\r\n
Action.c(312):     Content-Encoding: gzip\r\n
Action.c(312):     Cache-Control: no-store\r\n
Action.c(312):     X-XSS-Protection: 1; mode=block\r\n
Action.c(312):     X-Content-Type-Options: nosniff\r\n
Action.c(312):     Strict-Transport-Security: max-age=86400; includeSubDomains\r\n
Action.c(312):     Content-Security-Policy: frame-ancestors 'self' *.giantfood.com\r\n
Action.c(312):     CF-Cache-Status: DYNAMIC\r\n
Action.c(312):     Expect-CT: max-age=604800, report-uri="https://report-uri.cloudflare.com/cdn-cgi/beacon/ex
Action.c(312):     pect-ct"\r\n
Action.c(312):     Server: cloudflare\r\n
Action.c(312):     CF-RAY: 53acd2b109f123e8-IAD\r\n
Action.c(312):     \r\n
Action.c(312): t=51802ms: 132-byte ENCODED response body received for "https://stage.peapod.com/api/v2.0/user/slots?delivAvail=true&headers=false&pupAvail=true&selected=true" (RelFrameId=1, Internal ID=28)
Action.c(312): t=51803ms: 123-byte DECODED response body for "https://stage.peapod.com/api/v2.0/user/slots?delivAvail=true&headers=false&pupAvail=true&selected=true" (RelFrameId=1, Internal ID=28)
Action.c(312):     {"response":{"serviceType":"D","delivAvail":true,"pupAvail":true,"selectedSlotId":0},"sess
Action.c(312):     ionId":"IIFRJAZ4OWS4UCWWM4JCF3Q"}
Action.c(312): web_custom_request("slots_2") was successful, 132 body bytes, 752 header bytes  	[MsgId: MMSG-26386]
Action.c(321): web_custom_request("preferred-pup_2") started  	[MsgId: MMSG-26355]
Action.c(321): t=52814ms: 770-byte response headers for "https://stage.peapod.com/api/v2.0/user/preferences/preferred-pup" (RelFrameId=1, Internal ID=29)
Action.c(321):     HTTP/1.1 200 OK\r\n
Action.c(321):     Date: Sun, 24 Nov 2019 16:40:10 GMT\r\n
Action.c(321):     Content-Type: application/json;charset=utf-8\r\n
Action.c(321):     Transfer-Encoding: chunked\r\n
Action.c(321):     Connection: keep-alive\r\n
Action.c(321):     Strict-Transport-Security: max-age=63072000; includeSubdomains;\r\n
Action.c(321):     access-control-allow-credentials: true\r\n
Action.c(321):     access-control-allow-origin:\r\n
Action.c(321):     Pragma: no-cache\r\n
Action.c(321):     Cache-Control: no-store\r\n
Action.c(321):     Expires: 0\r\n
Action.c(321):     Vary: Accept-Encoding,User-Agent\r\n
Action.c(321):     Content-Encoding: gzip\r\n
Action.c(321):     X-XSS-Protection: 1; mode=block\r\n
Action.c(321):     X-Content-Type-Options: nosniff\r\n
Action.c(321):     Strict-Transport-Security: max-age=86400; includeSubDomains\r\n
Action.c(321):     Content-Security-Policy: frame-ancestors 'self' *.giantfood.com\r\n
Action.c(321):     CF-Cache-Status: DYNAMIC\r\n
Action.c(321):     Expect-CT: max-age=604800, report-uri="https://report-uri.cloudflare.com/cdn-cgi/beacon/ex
Action.c(321):     pect-ct"\r\n
Action.c(321):     Server: cloudflare\r\n
Action.c(321):     CF-RAY: 53acd2b82cfaf12a-IAD\r\n
Action.c(321):     \r\n
Action.c(321): t=52818ms: 126-byte ENCODED response body received for "https://stage.peapod.com/api/v2.0/user/preferences/preferred-pup" (RelFrameId=1, Internal ID=29)
Action.c(321): t=52818ms: 122-byte DECODED response body for "https://stage.peapod.com/api/v2.0/user/preferences/preferred-pup" (RelFrameId=1, Internal ID=29)
Action.c(321):     \n
Action.c(321):     \n
Action.c(321):     \n
Action.c(321):     \n
Action.c(321):             {"response":{"preference":{"name":"preferred-pup","value":""}},"sessionId":"IIFRJA
Action.c(321):     Z4OWS4UCWWM4JCF3Q"}\n
Action.c(321):         \n
Action.c(321):     \n
Action.c(321):     \n
Action.c(321):     \n
Action.c(321): web_custom_request("preferred-pup_2") was successful, 126 body bytes, 770 header bytes  	[MsgId: MMSG-26386]
Action.c(330): web_custom_request("cms_8") started  	[MsgId: MMSG-26355]
Action.c(330): t=54068ms: 752-byte response headers for "https://stage.peapod.com/api/v2.0/cms?regions=%7B%22notification_center_content%22:%7B%22limit%22:50%7D%7D" (RelFrameId=1, Internal ID=30)
Action.c(330):     HTTP/1.1 200 OK\r\n
Action.c(330):     Date: Sun, 24 Nov 2019 16:40:11 GMT\r\n
Action.c(330):     Content-Type: application/json;charset=utf-8\r\n
Action.c(330):     Transfer-Encoding: chunked\r\n
Action.c(330):     Connection: keep-alive\r\n
Action.c(330):     Strict-Transport-Security: max-age=63072000; includeSubdomains;\r\n
Action.c(330):     access-control-allow-credentials: true\r\n
Action.c(330):     access-control-allow-origin:\r\n
Action.c(330):     expires: 0\r\n
Action.c(330):     Vary: Accept-Encoding,User-Agent\r\n
Action.c(330):     Content-Encoding: gzip\r\n
Action.c(330):     Cache-Control: no-store\r\n
Action.c(330):     X-XSS-Protection: 1; mode=block\r\n
Action.c(330):     X-Content-Type-Options: nosniff\r\n
Action.c(330):     Strict-Transport-Security: max-age=86400; includeSubDomains\r\n
Action.c(330):     Content-Security-Policy: frame-ancestors 'self' *.giantfood.com\r\n
Action.c(330):     CF-Cache-Status: DYNAMIC\r\n
Action.c(330):     Expect-CT: max-age=604800, report-uri="https://report-uri.cloudflare.com/cdn-cgi/beacon/ex
Action.c(330):     pect-ct"\r\n
Action.c(330):     Server: cloudflare\r\n
Action.c(330):     CF-RAY: 53acd2bf0de4e0b2-IAD\r\n
Action.c(330):     \r\n
Action.c(330): t=54071ms: 611-byte ENCODED response body received for "https://stage.peapod.com/api/v2.0/cms?regions=%7B%22notification_center_content%22:%7B%22limit%22:50%7D%7D" (RelFrameId=1, Internal ID=30)
Action.c(330): t=54071ms: 1275-byte DECODED response body for "https://stage.peapod.com/api/v2.0/cms?regions=%7B%22notification_center_content%22:%7B%22limit%22:50%7D%7D" (RelFrameId=1, Internal ID=30)
Action.c(330):     {"response":{"regionContents":[{"region":"notification_center_content","contents":[{"map":
Action.c(330):     {"Friendly Tracking Description":"Romaine Lettuce Advisory","moduleType":"Content: Notific
Action.c(330):     ation","SEO Excluded":"No","Customer Status":{"myArrayList":["New Customer","Existing Cust
Action.c(330):     omer"]},"Create Multipanel":{"myArrayList":["Left Panel","Right Panel"]},"Test script fiel
Action.c(330):     d (migration)":"CS-92193","Site_Location":"notification_center_content","Customer Type":{"
Action.c(330):     myArrayList":["Consumer","Merchant"]},"scheduledContentData":{"map":{"Notification Message
Action.c(330):     ":"Due to an advisory from federal health officials that romaine lettuce from the Salinas,
Action.c(330):      California, growing region may be linked to some cases of illness nationally, we have vol
Action.c(330):     untarily removed this product from our site. We apologize for any inconvenience. ","Notifi
Action.c(330):     cation Headline":"Romaine Lettuce Advisory","parts":{"myArrayList":[]},"Products Targeted"
Action.c(330):     :"No","id":"380605","Create Multipanel":{"myArrayList":["Left Panel","Right Panel"]},"Test
Action.c(330):      script field (migration)":"CS-92192","key":"CS-92192"}},"Scheduled_Priority":"1","Start D
Action.c(330):     ate":"2019-11-23","Content_Active":"Yes","End Date":"2019-11-30","Products Targeted":"No",
Action.c(330):     "Sent to QA":"2019-11-23T19:09:52.741-0600","id":"380606","StoreCodes":{"myArrayList":[]},
Action.c(330):     "key":"CS-92193
Action.c(330): t=54073ms: 62-byte ENCODED response body received for "https://stage.peapod.com/api/v2.0/cms?regions=%7B%22notification_center_content%22:%7B%22limit%22:50%7D%7D" (RelFrameId=1, Internal ID=30)
Action.c(330): t=54075ms: 62-byte DECODED response body for "https://stage.peapod.com/api/v2.0/cms?regions=%7B%22notification_center_content%22:%7B%22limit%22:50%7D%7D" (RelFrameId=1, Internal ID=30)
Action.c(330):     "}}]}],"resultCount":1},"sessionId":"IIFRJAZ4OWS4UCWWM4JCF3Q"}
Action.c(330): web_custom_request("cms_8") was successful, 673 body bytes, 752 header bytes  	[MsgId: MMSG-26386]
Action.c(339): web_custom_request("categories") started  	[MsgId: MMSG-26355]
Action.c(339): t=55175ms: 728-byte response headers for "https://stage.peapod.com/api/v2.0/user/categories?pc=true" (RelFrameId=1, Internal ID=31)
Action.c(339):     HTTP/1.1 200 OK\r\n
Action.c(339):     Date: Sun, 24 Nov 2019 16:40:12 GMT\r\n
Action.c(339):     Content-Type: application/json;charset=utf-8\r\n
Action.c(339):     Transfer-Encoding: chunked\r\n
Action.c(339):     Connection: keep-alive\r\n
Action.c(339):     CF-Ray: 53acd2c62841e0ae-IAD\r\n
Action.c(339):     Content-Encoding: gzip\r\n
Action.c(339):     CF-Cache-Status: DYNAMIC\r\n
Action.c(339):     Cache-Control: no-store\r\n
Action.c(339):     Expires: 0\r\n
Action.c(339):     Strict-Transport-Security: max-age=63072000; includeSubdomains;, max-age=86400; includeSub
Action.c(339):     Domains\r\n
Action.c(339):     Vary: Accept-Encoding,User-Agent\r\n
Action.c(339):     access-control-allow-credentials: true\r\n
Action.c(339):     Content-Security-Policy: frame-ancestors 'self' *.giantfood.com\r\n
Action.c(339):     Expect-CT: max-age=604800, report-uri="https://report-uri.cloudflare.com/cdn-cgi/beacon/ex
Action.c(339):     pect-ct"\r\n
Action.c(339):     Pragma: no-cache\r\n
Action.c(339):     X-Content-Type-Options: nosniff\r\n
Action.c(339):     X-sw-debug: 1\r\n
Action.c(339):     X-XSS-Protection: 1; mode=block\r\n
Action.c(339):     Server: cloudflare\r\n
Action.c(339):     \r\n
Action.c(339): t=55179ms: 636-byte ENCODED response body received for "https://stage.peapod.com/api/v2.0/user/categories?pc=true" (RelFrameId=1, Internal ID=31)
Action.c(339): t=55179ms: 2584-byte DECODED response body for "https://stage.peapod.com/api/v2.0/user/categories?pc=true" (RelFrameId=1, Internal ID=31)
Action.c(339):     \n
Action.c(339):     \n
Action.c(339):     \n
Action.c(339):     \n
Action.c(339):             {"response":{"category":{"categoryId":1,"categoryTreeId":1,"consumCatId":0,"catego
Action.c(339):     ryName":"Global Primary Category"},"childCategories":[{"productCount":11,"categoryId":3770
Action.c(339):     ,"categoryTreeId":4147,"consumCatId":450,"categoryName":"Meal Kits","hasChildren":true,"ca
Action.c(339):     tImageURL":"https://i5.peapod.com/c/J6/J6NPM.png"},{"productCount":770,"categoryId":866,"c
Action.c(339):     ategoryTreeId":2098,"consumCatId":455,"categoryName":"Produce","hasChildren":true,"catImag
Action.c(339):     eURL":"https://i5.peapod.com/c/KB/KBVI5.png"},{"productCount":602,"categoryId":2477,"categ
Action.c(339):     oryTreeId":1563,"consumCatId":465,"categoryName":"Meat","hasChildren":true,"catImageURL":"
Action.c(339):     https://i5.peapod.com/c/A0/A0NLW.png"},{"productCount":72,"categoryId":2541,"categoryTreeI
Action.c(339):     d":1633,"consumCatId":470,"categoryName":"Seafood","hasChildren":true,"catImageURL":"https
Action.c(339):     ://i5.peapod.com/c/7I/7I0SN.png"},{"productCount":761,"categoryId":2583,"categoryTreeId":9
Action.c(339):     21,"consumCatId":475,"categoryName":"Deli","hasChildren":true,"catImageURL":"https://i5.pe
Action.c(339):     apod.com/c/UQ/UQTCC.png"},{"productCount":977,"categoryId":1834,"categoryTreeId":805,"cons
Action.c(339):     umCatId":485,"categoryName":"Dairy","hasChildren":true,"catImageURL":"https://i5.peapod.co
Action.c(339):     m/c/9A/9ALXR.png"},{"productCount":1683,"categoryId":2,"categoryTreeId":365,"consumCatId":
Action.c(339):     505,"categoryName":"Beverages","hasChildren":true,"catImageURL":"https://i5.peapod.com/c/9
Action.c(339):     P/9PBXU.png"},{"productCount":510,"categoryId":2209,"categoryTreeId":85,"consumCatId":515,
Action.c(339):     "categoryName":"Bread & Bakery","hasChildren":true,"catImageURL":"https://i5.peapod.com/c/
Action.c(339):     54/544J3.png"},{"productCount":901,"categoryId":2883,"categoryTreeId":995,"consumCatId":49
Action.c(339):     5,"categoryName":"Frozen","hasChildren":true,"catImageURL":"https://i5.peapod.com/c/X3/X3J
Action.c(339):     8P.png"},{"productCount":608,"categoryId":1284,"categoryTreeId":1066,"consumCatId":545,"ca
Action.c(339):     tegoryName":"Rice, Grains, Pasta & Beans","hasChildren":true,"catImageURL":"https://i5.pea
Action.c(339):     pod.com/c/71/71MX9.png"},{"productCount":935,"categoryId":385,"categoryTreeId":166,"consum
Action.c(339):     CatId":575,"categoryName":"Baking & Cooking Needs","hasChildren":true,"catImageURL":"https
Action.c(339):     ://i5.peapod.com/c/D7/D74TZ.png"},{"productCount":1013,"categoryId":605,"categoryTreeId":5
Action.c(339):     69,"consumCatId":605,"categoryName":"Condiments & Sauces","hasChildren":true,"catImageURL"
Action.c(339):     :"https://i5.peapod.com/c/67/67798.png"},{"productCount":940,"categoryId":2029,"categoryTr
Action.c(339):     eeId":2708,"consumCatId":565,"categoryName":"Soups & Canned Goods","hasChildren":true,"cat
Action.c(339):     ImageURL":"https://i5.peapod.com/c/N3/N3PRW.png"},{"productCount":2027,"categoryId":2332,"
Action.c(339):     categoryTreeId":2543,"consumCatId":535,"categoryName":"Snack
Action.c(339): t=55185ms: 297-byte ENCODED response body received for "https://stage.peapod.com/api/v2.0/user/categories?pc=true" (RelFrameId=1, Internal ID=31)
Action.c(339): t=55186ms: 1430-byte DECODED response body for "https://stage.peapod.com/api/v2.0/user/categories?pc=true" (RelFrameId=1, Internal ID=31)
Action.c(339):     s & Candy","hasChildren":true,"catImageURL":"https://i5.peapod.com/c/W2/W2DQH.png"},{"prod
Action.c(339):     uctCount":945,"categoryId":2677,"categoryTreeId":530,"consumCatId":525,"categoryName":"Bre
Action.c(339):     akfast & Cereal","hasChildren":true,"catImageURL":"https://i5.peapod.com/c/59/593U3.png"},
Action.c(339):     {"productCount":5,"categoryId":300,"categoryTreeId":2,"consumCatId":675,"categoryName":"Al
Action.c(339):     coholic Beverages","hasChildren":true,"catImageURL":"https://i5.peapod.com/c/KQ/KQ4AP.png"
Action.c(339):     },{"productCount":850,"categoryId":1483,"categoryTreeId":1448,"consumCatId":635,"categoryN
Action.c(339):     ame":"Laundry, Paper & Cleaning","hasChildren":true,"catImageURL":"https://i5.peapod.com/c
Action.c(339):     /HU/HU5G8.png"},{"productCount":331,"categoryId":1580,"categoryTreeId":1675,"consumCatId":
Action.c(339):     655,"categoryName":"Office, Home & Garden","hasChildren":true,"catImageURL":"https://i5.pe
Action.c(339):     apod.com/c/RT/RT8IF.png"},{"productCount":1678,"categoryId":2933,"categoryTreeId":1201,"co
Action.c(339):     nsumCatId":645,"categoryName":"Health & Beauty","hasChildren":true,"catImageURL":"https://
Action.c(339):     i5.peapod.com/c/W1/W1N7E.png"},{"productCount":427,"categoryId":2832,"categoryTreeId":1370
Action.c(339):     ,"consumCatId":615,"categoryName":"Baby & Childcare","hasChildren":true,"catImageURL":"htt
Action.c(339):     ps://i5.peapod.com/c/0S/0S48M.png"},{"productCount":473,"categoryId":1447,"categoryTreeId"
Action.c(339):     :2057,"consumCatId":625,"categoryName":"Pet Store","hasChildren":true,"catImageURL":"https
Action.c(339):     ://i5.peapod.com/c/E9/E96GY.png"}]},"sessionId":"IIFRJAZ4OWS4UCWWM4JCF3Q"}\n
Action.c(339):         \n
Action.c(339): web_custom_request("categories") was successful, 933 body bytes, 728 header bytes  	[MsgId: MMSG-26386]
Action.c(348): web_custom_request("cms_9") started  	[MsgId: MMSG-26355]
Action.c(348): t=56354ms: 752-byte response headers for "https://stage.peapod.com/api/v2.0/cms?regions=%7B%22header_mainnav%22:%7B%7D,%22header_subnav%22:%7B%7D,%22header_usernav%22:%7B%7D,%22header_guestnav%22:%7B%7D,%22header_shopnav%22:%7B%7D%7D" (RelFrameId=1, Internal ID=32)
Action.c(348):     HTTP/1.1 200 OK\r\n
Action.c(348):     Date: Sun, 24 Nov 2019 16:40:13 GMT\r\n
Action.c(348):     Content-Type: application/json;charset=utf-8\r\n
Action.c(348):     Transfer-Encoding: chunked\r\n
Action.c(348):     Connection: keep-alive\r\n
Action.c(348):     Strict-Transport-Security: max-age=63072000; includeSubdomains;\r\n
Action.c(348):     access-control-allow-credentials: true\r\n
Action.c(348):     access-control-allow-origin:\r\n
Action.c(348):     expires: 0\r\n
Action.c(348):     Vary: Accept-Encoding,User-Agent\r\n
Action.c(348):     Content-Encoding: gzip\r\n
Action.c(348):     Cache-Control: no-store\r\n
Action.c(348):     X-XSS-Protection: 1; mode=block\r\n
Action.c(348):     X-Content-Type-Options: nosniff\r\n
Action.c(348):     Strict-Transport-Security: max-age=86400; includeSubDomains\r\n
Action.c(348):     Content-Security-Policy: frame-ancestors 'self' *.giantfood.com\r\n
Action.c(348):     CF-Cache-Status: DYNAMIC\r\n
Action.c(348):     Expect-CT: max-age=604800, report-uri="https://report-uri.cloudflare.com/cdn-cgi/beacon/ex
Action.c(348):     pect-ct"\r\n
Action.c(348):     Server: cloudflare\r\n
Action.c(348):     CF-RAY: 53acd2ce1fe7e0b6-IAD\r\n
Action.c(348):     \r\n
Action.c(348): t=56357ms: 611-byte ENCODED response body received for "https://stage.peapod.com/api/v2.0/cms?regions=%7B%22header_mainnav%22:%7B%7D,%22header_subnav%22:%7B%7D,%22header_usernav%22:%7B%7D,%22header_guestnav%22:%7B%7D,%22header_shopnav%22:%7B%7D%7D" (RelFrameId=1, Internal ID=32)
Action.c(348): t=56357ms: 2092-byte DECODED response body for "https://stage.peapod.com/api/v2.0/cms?regions=%7B%22header_mainnav%22:%7B%7D,%22header_subnav%22:%7B%7D,%22header_usernav%22:%7B%7D,%22header_guestnav%22:%7B%7D,%22header_shopnav%22:%7B%7D%7D" (RelFrameId=1, Internal ID=32)
Action.c(348):     {"response":{"regionContents":[{"region":"header_subnav","contents":[]},{"region":"header_
Action.c(348):     shopnav","contents":[]},{"region":"header_guestnav","contents":[{"map":{"Friendly Tracking
Action.c(348):      Description":"Global Header: Guest Navigation for All Brands","moduleType":"Content: Nav 
Action.c(348):     Group","SEO Excluded":"No","Customer Status":{"myArrayList":["New Customer","Existing Cust
Action.c(348):     omer"]},"Approved":"2019-10-25T12:53:00.000-0500","Opcos":{"myArrayList":["GNTC","GNTL","M
Action.c(348):     RTN","STSH"]},"Create Multipanel":{"myArrayList":["Left Panel","Right Panel"]},"Test scrip
Action.c(348):     t field (migration)":"CS-88455","Site_Location":"header_guestnav","Customer Type":{"myArra
Action.c(348):     yList":["Consumer","Merchant"]},"scheduledContentData":{"map":{"parts":{"myArrayList":[{"m
Action.c(348):     ap":{"Friendly Tracking Description":"Nav Item: Create Account","moduleType":"Content Modu
Action.c(348):     le: Nav Item","Button Link Type":"Modal","Button Link":"/modal/create-account","id":"37528
Action.c(348):     4","Create Multipanel":{"myArrayList":["Left Panel","Right Panel"]},"Test script field (mi
Action.c(348):     gration)":"CS-88450","Headline Copy":"Create Account","key":"CS-88450"}},{"map":{"Friendly
Action.c(348):      Tracking Description":"Nav Item: Login","moduleType":"Content Module: Nav Item","Button L
Action.c(348):     ink Type":"Modal","Button Link":"/modal/guest-transfer-modal","id":"375285","Create Multip
Action.c(348):     anel":{"myArrayList":["Left Panel","Right Panel"]},"Test script field (migration)":"CS-884
Action.c(348):     51","Headline Copy":"Login","key":"CS-88451"}},{"map":{"Friendly Tracking Description":"Na
Action.c(348):     v Item: Notifications","moduleType":"Content Module: Nav Item","Button Link Type":"Modal",
Action.c(348):     "Button Link":"/modal/notifications-modal","id":"375286","Create Multipanel":{"myArrayList
Action.c(348):     ":["Left Panel","Right Panel"]},"Test script field (migration)":"CS-88452","Headline Copy"
Action.c(348):     :"Notifications","key":"CS-88452"}},{"map":{"Friendly Tracking Description":"Nav Item: Fee
Action.c(348):     dback","moduleType":"Content Module: Nav Item","Button Link Type":"Modal","Button Link":"/
Action.c(348):     modal/user-feedback-modal","id":"375288","Create Multipanel":{"myArrayList":["Left Panel",
Action.c(348):     "Right Panel"]},"Test script field (migration)":"CS-88454","Headline Copy":"Give Us Feedba
Action.c(348):     ck","key":"CS-88454"}}
Action.c(348): t=56360ms: 497-byte ENCODED response body received for "https://stage.peapod.com/api/v2.0/cms?regions=%7B%22header_mainnav%22:%7B%7D,%22header_subnav%22:%7B%7D,%22header_usernav%22:%7B%7D,%22header_guestnav%22:%7B%7D,%22header_shopnav%22:%7B%7D%7D" (RelFrameId=1, Internal ID=32)
Action.c(348): t=56361ms: 4158-byte DECODED response body for "https://stage.peapod.com/api/v2.0/cms?regions=%7B%22header_mainnav%22:%7B%7D,%22header_subnav%22:%7B%7D,%22header_usernav%22:%7B%7D,%22header_guestnav%22:%7B%7D,%22header_shopnav%22:%7B%7D%7D" (RelFrameId=1, Internal ID=32)
Action.c(348):     ]},"id":"375283","Create Multipanel":{"myArrayList":["Left Panel","Right Panel"]},"Test sc
Action.c(348):     ript field (migration)":"CS-88449","key":"CS-88449"}},"Scheduled_Priority":"1","Start Date
Action.c(348):     ":"2019-06-10","Content_Active":"Yes","End Date":"2029-06-11","Sent to QA":"2019-10-25T12:
Action.c(348):     54:24.934-0500","id":"375289","StoreCodes":{"myArrayList":[]},"key":"CS-88455"}}]},{"regio
Action.c(348):     n":"header_mainnav","contents":[{"map":{"Friendly Tracking Description":"Global Header: Ma
Action.c(348):     in Navigation for All Brands","moduleType":"Content: Nav Group","SEO Excluded":"No","Custo
Action.c(348):     mer Status":{"myArrayList":["New Customer","Existing Customer"]},"Approved":"2019-08-15T15
Action.c(348):     :34:41.089-0500","Test Scripted Field":"<h2>new value</h2>","Create Multipanel":{"myArrayL
Action.c(348):     ist":["Left Panel","Right Panel"]},"Test script field (migration)":"CS-77012","Site_Locati
Action.c(348):     on":"header_mainnav","Customer Type":{"myArrayList":["Consumer","Merchant"]},"scheduledCon
Action.c(348):     tentData":{"map":{"parts":{"myArrayList":[{"map":{"Friendly Tracking Description":"Nav Ite
Action.c(348):     m: Browse Aisles","moduleType":"Content Module: Nav Item","Button Link Type":"Dropdown Men
Action.c(348):     u","Button Link":"/menu/browse-aisles-menu","Test Scripted Field":"<h2>new value</h2>","id
Action.c(348):     ":"359701","Create Multipanel":{"myArrayList":["Left Panel","Right Panel"]},"Test script f
Action.c(348):     ield (migration)":"CS-77009","Headline Copy":"Browse Aisles","key":"CS-77009"}},{"map":{"F
Action.c(348):     riendly Tracking Description":"Nav Item: My Shop","moduleType":"Content Module: Nav Item",
Action.c(348):     "Button Link Type":"Dropdown Menu","Button Link":"my-shop-menu","Test Scripted Field":"<h2
Action.c(348):     >new value</h2>","id":"359702","Create Multipanel":{"myArrayList":["Left Panel","Right Pan
Action.c(348):     el"]},"Test script field (migration)":"CS-77010","Headline Copy":"My Shop","key":"CS-77010
Action.c(348):     "}}]},"Test Scripted Field":"<h2>new value</h2>","id":"359700","Create Multipanel":{"myArr
Action.c(348):     ayList":["Left Panel","Right Panel"]},"Test script field (migration)":"CS-77008","key":"CS
Action.c(348):     -77008"}},"Scheduled_Priority":"1","Start Date":"2019-08-15","Content_Active":"Yes","End D
Action.c(348):     ate":"2029-12-31","Sent to QA":"2019-08-15T15:33:32.216-0500","id":"359704","StoreCodes":{
Action.c(348):     "myArrayList":[]},"key":"CS-77012"}}]},{"region":"header_usernav","contents":[{"map":{"Fri
Action.c(348):     endly Tracking Description":"Global Header: Logged In User Navigation for All Brands","mod
Action.c(348):     uleType":"Content: Nav Group","SEO Excluded":"No","Customer Status":{"myArrayList":["New C
Action.c(348):     ustomer","Existing Customer"]},"Approved":"2019-10-25T12:50:10.996-0500","Opcos":{"myArray
Action.c(348):     List":["GNTC","GNTL","MRTN","STSH"]},"Create Multipanel":{"myArrayList":["Left Panel","Rig
Action.c(348):     ht Panel"]},"Test script field (migration)":"CS-88448","Site_Location":"header_usernav","C
Action.c(348):     ustomer Type":{"myArrayList":["Consumer","Merchant"]},"scheduledContentData":{"map":{"part
Action.c(348):     s":{"myArrayList":[{"map":{"Friendly Tracking Description":"Nav Item: My Account","moduleT
Action.c(348):     ype":"Content Module: Nav Item","Button Link Type":"Modal","Button Link":"/modal/user-acco
Action.c(348):     unt-modal","id":"375277","Create Multipanel":{"myArrayList":["Left Panel","Right Panel"]},
Action.c(348):     "Test script field (migration)":"CS-88444","Headline Copy":"My Account","key":"CS-88444"}}
Action.c(348):     ,{"map":{"Friendly Tracking Description":"Nav Item: Notifications","moduleType":"Content M
Action.c(348):     odule: Nav Item","Button Link Type":"Modal","Button Link":"notifications-modal","id":"3752
Action.c(348):     78","Create Multipanel":{"myArrayList":["Left Panel","Right Panel"]},"Test script field (m
Action.c(348):     igration)":"CS-88445","Headline Copy":"Notifications","key":"CS-88445"}},{"map":{"Friendly
Action.c(348):      Tracking Description":"Nav Item: Feedback","moduleType":"Content Module: Nav Item","Butto
Action.c(348):     n Link Type":"Modal","Button Link":"/modal/user-feedback-modal","id":"375280","Create Mult
Action.c(348):     ipanel":{"myArrayList":["Left Panel","Right Panel"]},"Test script field (migration)":"CS-8
Action.c(348):     8447","Headline Copy":"Give Us Feedback","key":"CS-88447"}}]},"id":"375276","Create Multip
Action.c(348):     anel":{"myArrayList":["Left Panel","Right Panel"]},"Test script field (migration)":"CS-884
Action.c(348):     43","key":"CS-88443"}},"Scheduled_Priority":"1","Start Date":"2019-06-10","Content_Active"
Action.c(348):     :"Yes","End Date":"2029-06-11","Sent to QA":"2019-10-25T12:50:09.025-0500","id":"375281","
Action.c(348):     StoreCodes":{"myArrayList":[]},"key":"CS-88448"}}]}],"resultCount":0},"sessionId":"IIFRJAZ
Action.c(348):     4OWS4UCWWM4JCF3Q"}
Action.c(348): web_custom_request("cms_9") was successful, 1108 body bytes, 752 header bytes  	[MsgId: MMSG-26386]
Action.c(357): web_custom_request("cms_10") started  	[MsgId: MMSG-26355]
Action.c(357): t=57419ms: 752-byte response headers for "https://stage.peapod.com/api/v2.0/cms?regions=%7B%22footer_mainnav%22:%7B%7D,%22footer_socialnav%22:%7B%7D,%22footer_subnav%22:%7B%7D%7D" (RelFrameId=1, Internal ID=33)
Action.c(357):     HTTP/1.1 200 OK\r\n
Action.c(357):     Date: Sun, 24 Nov 2019 16:40:14 GMT\r\n
Action.c(357):     Content-Type: application/json;charset=utf-8\r\n
Action.c(357):     Transfer-Encoding: chunked\r\n
Action.c(357):     Connection: keep-alive\r\n
Action.c(357):     Strict-Transport-Security: max-age=63072000; includeSubdomains;\r\n
Action.c(357):     access-control-allow-credentials: true\r\n
Action.c(357):     access-control-allow-origin:\r\n
Action.c(357):     expires: 0\r\n
Action.c(357):     Vary: Accept-Encoding,User-Agent\r\n
Action.c(357):     Content-Encoding: gzip\r\n
Action.c(357):     Cache-Control: no-store\r\n
Action.c(357):     X-XSS-Protection: 1; mode=block\r\n
Action.c(357):     X-Content-Type-Options: nosniff\r\n
Action.c(357):     Strict-Transport-Security: max-age=86400; includeSubDomains\r\n
Action.c(357):     Content-Security-Policy: frame-ancestors 'self' *.giantfood.com\r\n
Action.c(357):     CF-Cache-Status: DYNAMIC\r\n
Action.c(357):     Expect-CT: max-age=604800, report-uri="https://report-uri.cloudflare.com/cdn-cgi/beacon/ex
Action.c(357):     pect-ct"\r\n
Action.c(357):     Server: cloudflare\r\n
Action.c(357):     CF-RAY: 53acd2d4cf28e09a-IAD\r\n
Action.c(357):     \r\n
Action.c(357): t=57423ms: 611-byte ENCODED response body received for "https://stage.peapod.com/api/v2.0/cms?regions=%7B%22footer_mainnav%22:%7B%7D,%22footer_socialnav%22:%7B%7D,%22footer_subnav%22:%7B%7D%7D" (RelFrameId=1, Internal ID=33)
Action.c(357): t=57424ms: 2533-byte DECODED response body for "https://stage.peapod.com/api/v2.0/cms?regions=%7B%22footer_mainnav%22:%7B%7D,%22footer_socialnav%22:%7B%7D,%22footer_subnav%22:%7B%7D%7D" (RelFrameId=1, Internal ID=33)
Action.c(357):     {"response":{"regionContents":[{"region":"footer_subnav","contents":[]},{"region":"footer_
Action.c(357):     socialnav","contents":[{"map":{"Friendly Tracking Description":"Prism Global Footer Social
Action.c(357):      Links","moduleType":"Content: Nav Group","SEO Excluded":"No","Customer Status":{"myArrayL
Action.c(357):     ist":["New Customer","Existing Customer"]},"Approved":"2019-10-15T15:01:37.533-0500","Crea
Action.c(357):     te Multipanel":{"myArrayList":["Left Panel","Right Panel"]},"Test script field (migration)
Action.c(357):     ":"CS-84224","Site_Location":"footer_socialnav","Customer Type":{"myArrayList":["Consumer"
Action.c(357):     ,"Merchant"]},"scheduledContentData":{"map":{"parts":{"myArrayList":[{"map":{"Friendly Tra
Action.c(357):     cking Description":"Pinterest Link","moduleType":"Content Module: Nav Item","Button Link T
Action.c(357):     ype":"External","Button Link":"{{brand.pinterestLink}}","SVG Id":"Pinterest","id":"369636"
Action.c(357):     ,"Create Multipanel":{"myArrayList":["Left Panel","Right Panel"]},"Test script field (migr
Action.c(357):     ation)":"CS-84218","Headline Copy":"Pinterest","key":"CS-84218"}},{"map":{"Friendly Tracki
Action.c(357):     ng Description":"Facebook Link","moduleType":"Content Module: Nav Item","Button Link Type"
Action.c(357):     :"External","Button Link":"{{brand.facebookLink}}","SVG Id":"Facebook","id":"369637","Crea
Action.c(357):     te Multipanel":{"myArrayList":["Left Panel","Right Panel"]},"Test script field (migration)
Action.c(357):     ":"CS-84219","Headline Copy":"Facebook","key":"CS-84219"}},{"map":{"Friendly Tracking Desc
Action.c(357):     ription":"Instagram Link","moduleType":"Content Module: Nav Item","Button Link Type":"Exte
Action.c(357):     rnal","Button Link":"{{brand.instagramLink}}","SVG Id":"Instagram","id":"369638","Create M
Action.c(357):     ultipanel":{"myArrayList":["Left Panel","Right Panel"]},"Test script field (migration)":"C
Action.c(357):     S-84220","Headline Copy":"Instagram","key":"CS-84220"}},{"map":{"Friendly Tracking Descrip
Action.c(357):     tion":"Twitter Link","moduleType":"Content Module: Nav Item","Button Link Type":"External"
Action.c(357):     ,"Button Link":"{{brand.twitterLink}}","SVG Id":"Twitter","id":"369639","Create Multipanel
Action.c(357):     ":{"myArrayList":["Left Panel","Right Panel"]},"Test script field (migration)":"CS-84221",
Action.c(357):     "Headline Copy":"Twitter","key":"CS-84221"}},{"map":{"Friendly Tracking Description":"Yout
Action.c(357):     ube Link","moduleType":"Content Module: Nav Item","Button Link Type":"External","Button Li
Action.c(357):     nk":"{{brand.youtubeLink}}","SVG Id":"Youtube","id":"369640","Create Multipanel":{"myArray
Action.c(357):     List":["Left Panel","Right Panel"]},"Test script field (migration)":"CS-84222","Headline C
Action.c(357):     opy":"Youtube","key":"CS-84222"}}]},"id":"369635","Create Multipanel":{"myArrayList":["Lef
Action.c(357):     t Panel","Right Panel"]},"Test script field (migration)":"CS-84217","key":"CS-84217"}},"Sc
Action.c(357):     heduled_Prior
Action.c(357): t=57428ms: 158-byte ENCODED response body received for "https://stage.peapod.com/api/v2.0/cms?regions=%7B%22footer_mainnav%22:%7B%7D,%22footer_socialnav%22:%7B%7D,%22footer_subnav%22:%7B%7D%7D" (RelFrameId=1, Internal ID=33)
Action.c(357): t=57429ms: 316-byte DECODED response body for "https://stage.peapod.com/api/v2.0/cms?regions=%7B%22footer_mainnav%22:%7B%7D,%22footer_socialnav%22:%7B%7D,%22footer_subnav%22:%7B%7D%7D" (RelFrameId=1, Internal ID=33)
Action.c(357):     ity":"1","Start Date":"2019-10-28","Content_Active":"Yes","End Date":"2029-12-31","Product
Action.c(357):     s Targeted":"No","Sent to QA":"2019-10-15T15:07:04.406-0500","id":"369642","StoreCodes":{"
Action.c(357):     myArrayList":[]},"key":"CS-84224"}}]},{"region":"footer_mainnav","contents":[]}],"resultCo
Action.c(357):     unt":1},"sessionId":"IIFRJAZ4OWS4UCWWM4JCF3Q"}
Action.c(357): web_custom_request("cms_10") was successful, 769 body bytes, 752 header bytes  	[MsgId: MMSG-26386]
Action.c(366): web_custom_request("init") started  	[MsgId: MMSG-26355]
Action.c(366): t=58380ms: 770-byte response headers for "https://stage.peapod.com/api/v2.0/user/init" (RelFrameId=1, Internal ID=34)
Action.c(366):     HTTP/1.1 200 OK\r\n
Action.c(366):     Date: Sun, 24 Nov 2019 16:40:15 GMT\r\n
Action.c(366):     Content-Type: application/json;charset=utf-8\r\n
Action.c(366):     Transfer-Encoding: chunked\r\n
Action.c(366):     Connection: keep-alive\r\n
Action.c(366):     Strict-Transport-Security: max-age=63072000; includeSubdomains;\r\n
Action.c(366):     access-control-allow-credentials: true\r\n
Action.c(366):     access-control-allow-origin:\r\n
Action.c(366):     Pragma: no-cache\r\n
Action.c(366):     Cache-Control: no-store\r\n
Action.c(366):     Expires: 0\r\n
Action.c(366):     Vary: Accept-Encoding,User-Agent\r\n
Action.c(366):     Content-Encoding: gzip\r\n
Action.c(366):     X-XSS-Protection: 1; mode=block\r\n
Action.c(366):     X-Content-Type-Options: nosniff\r\n
Action.c(366):     Strict-Transport-Security: max-age=86400; includeSubDomains\r\n
Action.c(366):     Content-Security-Policy: frame-ancestors 'self' *.giantfood.com\r\n
Action.c(366):     CF-Cache-Status: DYNAMIC\r\n
Action.c(366):     Expect-CT: max-age=604800, report-uri="https://report-uri.cloudflare.com/cdn-cgi/beacon/ex
Action.c(366):     pect-ct"\r\n
Action.c(366):     Server: cloudflare\r\n
Action.c(366):     CF-RAY: 53acd2dacfd7cec8-IAD\r\n
Action.c(366):     \r\n
Action.c(366): t=58384ms: 202-byte ENCODED response body received for "https://stage.peapod.com/api/v2.0/user/init" (RelFrameId=1, Internal ID=34)
Action.c(366): t=58384ms: 258-byte DECODED response body for "https://stage.peapod.com/api/v2.0/user/init" (RelFrameId=1, Internal ID=34)
Action.c(366):     \n
Action.c(366):     \n
Action.c(366):     \n
Action.c(366):     \n
Action.c(366):             {"response":{"result":{"result":"SUCCESS","code":"USER_ACCOUNT_GET_SUCCESS"},"data
Action.c(366):     ":{"handle":"perftest22nov5201@test.com","email":"perftest22nov5201@test.com","buddyEmail"
Action.c(366):     :"","activeStep":"completed"}},"sessionId":"IIFRJAZ4OWS4UCWWM4JCF3Q"}\n
Action.c(366):         
Action.c(366): web_custom_request("init") was successful, 202 body bytes, 770 header bytes  	[MsgId: MMSG-26386]
Action.c(375): web_custom_request("status_4") started  	[MsgId: MMSG-26355]
Action.c(375): t=59320ms: 752-byte response headers for "https://stage.peapod.com/api/v3.0/user/order/status?routeService=false" (RelFrameId=1, Internal ID=35)
Action.c(375):     HTTP/1.1 200 OK\r\n
Action.c(375):     Date: Sun, 24 Nov 2019 16:40:16 GMT\r\n
Action.c(375):     Content-Type: application/json;charset=utf-8\r\n
Action.c(375):     Transfer-Encoding: chunked\r\n
Action.c(375):     Connection: keep-alive\r\n
Action.c(375):     Strict-Transport-Security: max-age=63072000; includeSubdomains;\r\n
Action.c(375):     access-control-allow-credentials: true\r\n
Action.c(375):     access-control-allow-origin:\r\n
Action.c(375):     expires: 0\r\n
Action.c(375):     Vary: Accept-Encoding,User-Agent\r\n
Action.c(375):     Content-Encoding: gzip\r\n
Action.c(375):     Cache-Control: no-store\r\n
Action.c(375):     X-XSS-Protection: 1; mode=block\r\n
Action.c(375):     X-Content-Type-Options: nosniff\r\n
Action.c(375):     Strict-Transport-Security: max-age=86400; includeSubDomains\r\n
Action.c(375):     Content-Security-Policy: frame-ancestors 'self' *.giantfood.com\r\n
Action.c(375):     CF-Cache-Status: DYNAMIC\r\n
Action.c(375):     Expect-CT: max-age=604800, report-uri="https://report-uri.cloudflare.com/cdn-cgi/beacon/ex
Action.c(375):     pect-ct"\r\n
Action.c(375):     Server: cloudflare\r\n
Action.c(375):     CF-RAY: 53acd2e0acdbe0ba-IAD\r\n
Action.c(375):     \r\n
Action.c(375): t=59324ms: 219-byte ENCODED response body received for "https://stage.peapod.com/api/v3.0/user/order/status?routeService=false" (RelFrameId=1, Internal ID=35)
Action.c(375): t=59324ms: 297-byte DECODED response body for "https://stage.peapod.com/api/v3.0/user/order/status?routeService=false" (RelFrameId=1, Internal ID=35)
Action.c(375):     {"response":{"currentOrder":{"status":"WORKING","unattended":false,"eta":false,"isRedelive
Action.c(375):     ry":false,"orderId":"d135967125"},"pendingOrder":[],"orderId":"d135967125","store":{"id":2
Action.c(375):     ,"priceZone":1,"pickupMinOrder":0.0,"deliveryMinOrder":60.0,"isPickup":false}},"sessionId"
Action.c(375):     :"IIFRJAZ4OWS4UCWWM4JCF3Q"}
Action.c(375): web_custom_request("status_4") was successful, 219 body bytes, 752 header bytes  	[MsgId: MMSG-26386]
Action.c(384): web_custom_request("cms_11") started  	[MsgId: MMSG-26355]
Action.c(384): t=60246ms: 752-byte response headers for "https://stage.peapod.com/api/v2.0/cms?regions=%7B%22resource_bundle%22:%7B%7D%7D" (RelFrameId=1, Internal ID=36)
Action.c(384):     HTTP/1.1 200 OK\r\n
Action.c(384):     Date: Sun, 24 Nov 2019 16:40:17 GMT\r\n
Action.c(384):     Content-Type: application/json;charset=utf-8\r\n
Action.c(384):     Transfer-Encoding: chunked\r\n
Action.c(384):     Connection: keep-alive\r\n
Action.c(384):     Strict-Transport-Security: max-age=63072000; includeSubdomains;\r\n
Action.c(384):     access-control-allow-credentials: true\r\n
Action.c(384):     access-control-allow-origin:\r\n
Action.c(384):     expires: 0\r\n
Action.c(384):     Vary: Accept-Encoding,User-Agent\r\n
Action.c(384):     Content-Encoding: gzip\r\n
Action.c(384):     Cache-Control: no-store\r\n
Action.c(384):     X-XSS-Protection: 1; mode=block\r\n
Action.c(384):     X-Content-Type-Options: nosniff\r\n
Action.c(384):     Strict-Transport-Security: max-age=86400; includeSubDomains\r\n
Action.c(384):     Content-Security-Policy: frame-ancestors 'self' *.giantfood.com\r\n
Action.c(384):     CF-Cache-Status: DYNAMIC\r\n
Action.c(384):     Expect-CT: max-age=604800, report-uri="https://report-uri.cloudflare.com/cdn-cgi/beacon/ex
Action.c(384):     pect-ct"\r\n
Action.c(384):     Server: cloudflare\r\n
Action.c(384):     CF-RAY: 53acd2e69baff0d1-IAD\r\n
Action.c(384):     \r\n
Action.c(384): t=60250ms: 611-byte ENCODED response body received for "https://stage.peapod.com/api/v2.0/cms?regions=%7B%22resource_bundle%22:%7B%7D%7D" (RelFrameId=1, Internal ID=36)
Action.c(384): t=60250ms: 1417-byte DECODED response body for "https://stage.peapod.com/api/v2.0/cms?regions=%7B%22resource_bundle%22:%7B%7D%7D" (RelFrameId=1, Internal ID=36)
Action.c(384):     {"response":{"regionContents":[{"region":"resource_bundle","contents":[{"map":{"Friendly T
Action.c(384):     racking Description":"Resource Bundle for STSH","moduleType":"Content: Resource Bundle","S
Action.c(384):     EO Excluded":"No","Customer Status":{"myArrayList":["New Customer","Existing Customer"]},"
Action.c(384):     Approved":"2019-11-12T12:27:34.583-0600","Opcos":{"myArrayList":["STSH"]},"Create Multipan
Action.c(384):     el":{"myArrayList":["Left Panel","Right Panel"]},"Test script field (migration)":"CS-78977
Action.c(384):     ","Site_Location":"resource_bundle","Customer Type":{"myArrayList":["Consumer","Merchant"]
Action.c(384):     },"scheduledContentData":{"map":{"parts":{"myArrayList":[{"map":{"Message Key":"SERVICE_TY
Action.c(384):     PE_IN_STORE_HEADLINE","moduleType":"Resource: Message","Products Targeted":"No","Message T
Action.c(384):     ext":"View the weekly ad and clip coupons at your local store.","id":"371051","Create Mult
Action.c(384):     ipanel":{"myArrayList":["Left Panel","Right Panel"]},"Test script field (migration)":"CS-8
Action.c(384):     5121","key":"CS-85121"}},{"map":{"Message Key":"SERVICE_TYPE_PICK_UP_HEADLINE","moduleType
Action.c(384):     ":"Resource: Message","Products Targeted":"No","Message Text":"Same day pick-up. Same stor
Action.c(384):     e selection. Same store pricing.","id":"371052","Create Multipanel":{"myArrayList":["Left 
Action.c(384):     Panel","Right Panel"]},"Test script field (migration)":"CS-85122","key":"CS-85122"}},{"map
Action.c(384):     ":{"Message Key":"SERVICE_TYPE_DELIVERY_HEADLINE","moduleType":"Resource: Message","Produc
Action.c(384):     ts Targeted":"No","Message Text":"Order online, get groceries deliv
Action.c(384): t=60253ms: 1926-byte ENCODED response body received for "https://stage.peapod.com/api/v2.0/cms?regions=%7B%22resource_bundle%22:%7B%7D%7D" (RelFrameId=1, Internal ID=36)
Action.c(384): t=60253ms: 10877-byte DECODED response body for "https://stage.peapod.com/api/v2.0/cms?regions=%7B%22resource_bundle%22:%7B%7D%7D" (RelFrameId=1, Internal ID=36)
Action.c(384):     ered right to your door.","id":"371053","Create Multipanel":{"myArrayList":["Left Panel","
Action.c(384):     Right Panel"]},"Test script field (migration)":"CS-85123","key":"CS-85123"}},{"map":{"Mess
Action.c(384):     age Key":"REWARDS_REDEEM_HEADLINE","moduleType":"Resource: Message","Products Targeted":"N
Action.c(384):     o","Message Text":"You can redeem points for rewards, like grocery dollars, gas savings, a
Action.c(384):     nd special offers!","id":"371054","Create Multipanel":{"myArrayList":["Left Panel","Right 
Action.c(384):     Panel"]},"Test script field (migration)":"CS-85124","key":"CS-85124"}},{"map":{"Message Ke
Action.c(384):     y":"REWARDS_REDEEM_MOBILE_HEADLINE","moduleType":"Resource: Message","Products Targeted":"
Action.c(384):     No","Message Text":"Your rewards, your way: even more ways to save.","id":"371055","Create
Action.c(384):      Multipanel":{"myArrayList":["Left Panel","Right Panel"]},"Test script field (migration)":
Action.c(384):     "CS-85125","key":"CS-85125"}},{"map":{"Message Key":"REWARDS_REDEEM_GROCERY_DESCRIPTION","
Action.c(384):     moduleType":"Resource: Message","Products Targeted":"No","Message Text":"Use these points 
Action.c(384):     as dollars off at the register.","id":"371056","Create Multipanel":{"myArrayList":["Left P
Action.c(384):     anel","Right Panel"]},"Test script field (migration)":"CS-85126","key":"CS-85126"}},{"map"
Action.c(384):     :{"Message Key":"REWARDS_REDEEM_GROCERY_DETAILS","moduleType":"Resource: Message","Product
Action.c(384):     s Targeted":"No","Message Text":"Earn 1 points for every dollar you spend online or in sto
Action.c(384):     re to be redeemed on your next qualifying purchase with your Stop & Shop card. A minimum a
Action.c(384):     mount of 500 points and maximum of 2,000 points can be redeemed in a single transaction. A
Action.c(384):     ny remaining points can be applied to a future discount or used towards qualifying special
Action.c(384):      offers. Points are valid for 30 days and can be redeemed up until midnight on the expirat
Action.c(384):     ion date.","id":"371057","Create Multipanel":{"myArrayList":["Left Panel","Right Panel"]},
Action.c(384):     "Test script field (migration)":"CS-85127","key":"CS-85127"}},{"map":{"Message Key":"REWAR
Action.c(384):     DS_REDEEM_GAS_DESCRIPTION","moduleType":"Resource: Message","Products Targeted":"No","Mess
Action.c(384):     age Text":"Redeem your points for cents off at the gas pump. Every 100 points earns you 10
Action.c(384):     \xC2\xA2 off per gallon.","id":"371058","Create Multipanel":{"myArrayList":["Left Panel","
Action.c(384):     Right Panel"]},"Test script field (migration)":"CS-85128","key":"CS-85128"}},{"map":{"Mess
Action.c(384):     age Key":"REWARDS_REDEEM_GAS_DETAILS","moduleType":"Resource: Message","Products Targeted"
Action.c(384):     :"No","Message Text":"For every dollar spent on eligible purchases in stores (after coupon
Action.c(384):     s, savings and exclusions) you'll receive on point when you use your Stop & Shop loyalty c
Action.c(384):     ard. For every 100 points you receive, you'll save 10\xC2\xA2 per gallon up to a maximum o
Action.c(384):     f 20 gallons of fuel per vehicle per purchase. There's no limit to the amount of gas savin
Action.c(384):     gs you can receive. Redeem your points as you get them or let them add up for more savings
Action.c(384):      (within applicable expiration dates). Points are valid for 30 days and can be redeemed up
Action.c(384):      until midnight on the expiration date.","id":"371059","Create Multipanel":{"myArrayList":
Action.c(384):     ["Left Panel","Right Panel"]},"Test script field (migration)":"CS-85129","key":"CS-85129"}
Action.c(384):     },{"map":{"Message Key":"REWARDS_REDEEM_SPECIAL_OFFERS_DESCRIPTION","moduleType":"Resource
Action.c(384):     : Message","Products Targeted":"No","Message Text":"Redeem your points on a variety of spe
Action.c(384):     cial, limited time offers.","id":"371060","Create Multipanel":{"myArrayList":["Left Panel"
Action.c(384):     ,"Right Panel"]},"Test script field (migration)":"CS-85130","key":"CS-85130"}},{"map":{"Me
Action.c(384):     ssage Key":"REWARDS_REDEEM_MOBILE_TAB_GROCERY_DESCRIPTION","moduleType":"Resource: Message
Action.c(384):     ","Products Targeted":"No","Message Text":"Convert points to dollars off your purchases at
Action.c(384):      checkout.","id":"371061","Create Multipanel":{"myArrayList":["Left Panel","Right Panel"]}
Action.c(384):     ,"Test script field (migration)":"CS-85131","key":"CS-85131"}},{"map":{"Message Key":"REWA
Action.c(384):     RDS_REDEEM_MOBILE_TAB_GAS_DESCRIPTION","moduleType":"Resource: Message","Products Targeted
Action.c(384):     ":"No","Message Text":"Earn points for cents off per gallon at the pump.\xE2\x80\x8B","id"
Action.c(384):     :"371062","Create Multipanel":{"myArrayList":["Left Panel","Right Panel"]},"Test script fi
Action.c(384):     eld (migration)":"CS-85132","key":"CS-85132"}},{"map":{"Message Key":"REWARDS_REDEEM_MOBIL
Action.c(384):     E_TAB_SPECIAL_OFFERS_DESCRIPTION","moduleType":"Resource: Message","Products Targeted":"No
Action.c(384):     ","Message Text":"Cash in your points for exclusive, limited time offers.","id":"371063","
Action.c(384):     Create Multipanel":{"myArrayList":["Left Panel","Right Panel"]},"Test script field (migrat
Action.c(384):     ion)":"CS-85133","key":"CS-85133"}},{"map":{"Message Key":"GROCERY_DOLLARS_MODAL_CONTENT",
Action.c(384):     "moduleType":"Resource: Message","Products Targeted":"No","Message Text":"Every 100 points
Action.c(384):      earns you $1 off at the register when you use your Stop & Shop loyalty card. Maximum amou
Action.c(384):     nt of points that can be redeemed per transaction is 2,000. Any remaining points can be ap
Action.c(384):     plied to a future discount. Points expire the last day of the month following the one in w
Action.c(384):     hich they were received. Points can be redeemed up until midnight on the expiration date."
Action.c(384):     ,"id":"371064","Create Multipanel":{"myArrayList":["Left Panel","Right Panel"]},"Test scri
Action.c(384):     pt field (migration)":"CS-85134","key":"CS-85134"}},{"map":{"Message Key":"GIFTCARDS_HERO_
Action.c(384):     IMG","moduleType":"Resource: Message","Products Targeted":"No","Message Text":"http://i5.p
Action.c(384):     eapod.com/c/SS/SSGTC.jpg","id":"371065","Create Multipanel":{"myArrayList":["Left Panel","
Action.c(384):     Right Panel"]},"Test script field (migration)":"CS-85135","key":"CS-85135"}},{"map":{"Mess
Action.c(384):     age Key":"REWARDS_WALLET_GAS_DETAILS","moduleType":"Resource: Message","Products Targeted"
Action.c(384):     :"No","Message Text":"For every dollar spent on eligible purchases in stores (after coupon
Action.c(384):     s, savings and exclusions) you\xE2\x80\x99ll receive one point when you use your Stop & Sh
Action.c(384):     op loyalty card. For every 100 points you receive, you\xE2\x80\x99ll save 10\xC2\xA2 per g
Action.c(384):     allon up to a maximum of 20 gallons of fuel per vehicle per purchase. There\xE2\x80\x99s n
Action.c(384):     o limit to the amount of gas savings you can receive. Redeem your points as you get them o
Action.c(384):     r let them add up for more savings. Points are valid for 30 days and can be redeemed up un
Action.c(384):     til midnight on the expiration date.","id":"371066","Create Multipanel":{"myArrayList":["L
Action.c(384):     eft Panel","Right Panel"]},"Test script field (migration)":"CS-85136","key":"CS-85136"}},{
Action.c(384):     "map":{"Message Key":"REWARDS_PROGRAM_ACTIVATION_CONTENT","moduleType":"Resource: Message"
Action.c(384):     ,"Products Targeted":"No","Message Text":"Activate today to take full advantage of this ne
Action.c(384):     w reward program. Once activated you\xE2\x80\x99ll start earning bonus points and other re
Action.c(384):     ward benefits.","id":"371067","Create Multipanel":{"myArrayList":["Left Panel","Right Pane
Action.c(384):     l"]},"Test script field (migration)":"CS-85137","key":"CS-85137"}},{"map":{"Message Key":"
Action.c(384):     REWARDS_WALLET_OFFER_ERROR_TITLE","moduleType":"Resource: Message","Products Targeted":"No
Action.c(384):     ","Message Text":"We're Sorry!","id":"371068","Create Multipanel":{"myArrayList":["Left Pa
Action.c(384):     nel","Right Panel"]},"Test script field (migration)":"CS-85138","key":"CS-85138"}},{"map":
Action.c(384):     {"Message Key":"REWARDS_WALLET_OFFER_ERROR_BODY","moduleType":"Resource: Message","Product
Action.c(384):     s Targeted":"No","Message Text":"We were unable to retrieve your loaded Special Offers! Pl
Action.c(384):     ease check back later to try again.","id":"371069","Create Multipanel":{"myArrayList":["Le
Action.c(384):     ft Panel","Right Panel"]},"Test script field (migration)":"CS-85139","key":"CS-85139"}},{"
Action.c(384):     map":{"Message Key":"REWARDS_WALLET_OFFER_EMPTY_TITLE","moduleType":"Resource: Message","P
Action.c(384):     roducts Targeted":"No","Message Text":"No Special Offers","id":"371070","Create Multipanel
Action.c(384):     ":{"myArrayList":["Left Panel","Right Panel"]},"Test script field (migration)":"CS-85140",
Action.c(384):     "key":"CS-85140"}},{"map":{"Message Key":"REWARDS_WALLET_OFFER_EMPTY_BODY","moduleType":"R
Action.c(384):     esource: Message","Products Targeted":"No","Message Text":"You haven\xE2\x80\x99t loaded a
Action.c(384):     ny offers yet. Visit the the Rewards gallery to spend your {{ brand.rewardsPointsType }}!"
Action.c(384):     ,"id":"371071","Create Multipanel":{"myArrayList":["Left Panel","Right Panel"]},"Test scri
Action.c(384):     pt field (migration)":"CS-85141","key":"CS-85141"}},{"map":{"Message Key":"REWARDS_REDEEM_
Action.c(384):     OFFER_ERROR_TITLE","moduleType":"Resource: Message","Products Targeted":"No","Message Text
Action.c(384):     ":"We're Sorry!","id":"371072","Create Multipanel":{"myArrayList":["Left Panel","Right Pan
Action.c(384):     el"]},"Test script field (migration)":"CS-85142","key":"CS-85142"}},{"map":{"Message Key":
Action.c(384):     "REWARDS_REDEEM_OFFER_ERROR_BODY","moduleType":"Resource: Message","Products Targeted":"No
Action.c(384):     ","Message Text":"We're unable to retrieve your Special Offers! Please check back later to
Action.c(384):      try again.","id":"371073","Create Multipanel":{"myArrayList":["Left Panel","Right Panel"]
Action.c(384):     },"Test script field (migration)":"CS-85143","key":"CS-85143"}},{"map":{"Message Key":"REW
Action.c(384):     ARDS_REDEEM_OFFER_EMPTY_TITLE","moduleType":"Resource: Message","Products Targeted":"No","
Action.c(384):     id":"371074","Create Multipanel":{"myArrayList":["Left Panel","Right Panel"]},"Test script
Action.c(384):      field (migration)":"CS-85144","key":"CS-85144"}},{"map":{"Message Key":"REWARDS_REDEEM_OF
Action.c(384):     FER_EMPTY_BODY","moduleType":"Resource: Message","Products Targeted":"No","Message Text":"
Action.c(384):     You have redeemed all available offers. Please check back later for any new offers or rede
Action.c(384):     em your points for other rewards.","id":"371075","Create Multipanel":{"myArrayList":["Left
Action.c(384):      Panel","Right Panel"]},"Test script field (migration)":"CS-85145","key":"CS-85145"}},{"ma
Action.c(384):     p":{"Message Key":"HOW_IT_WORKS_REDEEM","moduleType":"Resource: Message","Products Targete
Action.c(384):     d":"No","Message Text":"Choose your rewards! Convert your points for limited time Special 
Action.c(384):     Offers, save on gas, or take $$ right off the top of your grocery purchase.\\r\\n<br><br>\\
Action.c(384):     r\\nTap your wallet to see your loaded rewards. It's that simple!","id":"374901","Create M
Action.c(384):     ultipanel":{"myArrayList":["Left Panel","Right Panel"]},"Test script field (migration)":"C
Action.c(384):     S-88118","key":"CS-88118"}},{"map":{"Message Key":"HOW_IT_WORKS_EARN","moduleType":"Resour
Action.c(384):     ce: Message","Products Targeted":"No","Message Text":"Earn 1 point for every dollar you sp
Action.c(384):     end. Plus you'll find more ways to earn points than ever before.\\r\\n<br><br>\\r\\nEarnin
Action.c(384):     g is easy. Just scan your card or enter your phone number at checkout.","id":"374902","Cre
Action.c(384):     ate Multipanel":{"myArrayList":["Left Panel","Right Panel"]},"Test script field (migration
Action.c(384):     )":"CS-88119","key":"CS-88119"}},{"map":{"Message Key":"PHARMACY_HERO_IMG","moduleType":"R
Action.c(384):     esource: Message","Products Targeted":"No","Message Text":"https://i5.peapod.com/c/7B/7BRA
Action.c(384):     T.jpg","id":"379019","Create Multipanel":{"myArrayList":["Left Panel","Right Panel"]},"Tes
Action.c(384):     t script field (migration)":"CS-91329","key":"CS-91329"}}]},"Products Targeted":"No","id":
Action.c(384):     "371050","Create Multipanel":{"myArrayList":["Left Panel","Right Panel"]},"Test script fie
Action.c(384):     ld (migration)":"CS-85120","key":"CS-85120"}},"Scheduled_Priority":"1","Start Date":"2019-
Action.c(384):     09-15","Content_Active":"Yes","End Date":"2028-06-26","Products Targeted":"No","Sent to QA
Action.c(384):     ":"2019-11-12T15:35:13.437-0600","id":"362014","StoreCodes":{"myArrayList":[]},"key":"CS-7
Action.c(384):     8977"}}]}],"resultCount":1},"sessionId":"IIFRJAZ4OWS4UCWWM4JCF3Q"}
Action.c(384): web_custom_request("cms_11") was successful, 2537 body bytes, 752 header bytes  	[MsgId: MMSG-26386]
Action.c(393): web_custom_request("token_2") started  	[MsgId: MMSG-26355]
Action.c(393): t=61127ms: 752-byte response headers for "https://stage.peapod.com/api/v3.0/user/token" (RelFrameId=1, Internal ID=37)
Action.c(393):     HTTP/1.1 200 OK\r\n
Action.c(393):     Date: Sun, 24 Nov 2019 16:40:18 GMT\r\n
Action.c(393):     Content-Type: application/json;charset=utf-8\r\n
Action.c(393):     Transfer-Encoding: chunked\r\n
Action.c(393):     Connection: keep-alive\r\n
Action.c(393):     Strict-Transport-Security: max-age=63072000; includeSubdomains;\r\n
Action.c(393):     access-control-allow-credentials: true\r\n
Action.c(393):     access-control-allow-origin:\r\n
Action.c(393):     expires: 0\r\n
Action.c(393):     Vary: Accept-Encoding,User-Agent\r\n
Action.c(393):     Content-Encoding: gzip\r\n
Action.c(393):     Cache-Control: no-store\r\n
Action.c(393):     X-XSS-Protection: 1; mode=block\r\n
Action.c(393):     X-Content-Type-Options: nosniff\r\n
Action.c(393):     Strict-Transport-Security: max-age=86400; includeSubDomains\r\n
Action.c(393):     Content-Security-Policy: frame-ancestors 'self' *.giantfood.com\r\n
Action.c(393):     CF-Cache-Status: DYNAMIC\r\n
Action.c(393):     Expect-CT: max-age=604800, report-uri="https://report-uri.cloudflare.com/cdn-cgi/beacon/ex
Action.c(393):     pect-ct"\r\n
Action.c(393):     Server: cloudflare\r\n
Action.c(393):     CF-RAY: 53acd2ec2de3cebc-IAD\r\n
Action.c(393):     \r\n
Action.c(393): t=61132ms: 611-byte ENCODED response body received for "https://stage.peapod.com/api/v3.0/user/token" (RelFrameId=1, Internal ID=37)
Action.c(393): t=61132ms: 736-byte DECODED response body for "https://stage.peapod.com/api/v3.0/user/token" (RelFrameId=1, Internal ID=37)
Action.c(393):     {"response":{"token":"eyJjdHkiOiJKV1QiLCJlbmMiOiJBMjU2R0NNIiwiYWxnIjoiUlNBLU9BRVAtMjU2In0.
Action.c(393):     NN8UaDsEyx0OpZYhXnIEN7MXQhSDcJbAqNDiicjfV8CmKOs8lFT_YbxwctRK32ZWJiu4JkdzKzdz5GTc9CwNoyLpko
Action.c(393):     xeG_zzJvlwsKueDqJg-7qADy362OdTh9ZfiEypgtDOBusp_-LfOm0ZupQQQD9oAWLapHswII-jSK04aZEj15kyBg0W
Action.c(393):     -UYfySTuXvpHk3IrTrCkVcQHpsW_cROq2P3fG09Xp1JdfBBbdyb604w7JZKeWcl3m-LqEK3MNjFVzMjK6AMSAF9ulS
Action.c(393):     KZHG7znEVaH059lAGp84Y_pC8_cgCIb85HYfP1xVSTAtQL_WTOkTo43fqdtQm4cRWcodFXXg.4t0rRCUGRyZvdkOu.
Action.c(393):     DKg23WrkI0jtRagv6Xi8YDY5fY-awoAc_rjM4-lWUVp7Rt7JvKfQ1ZgjNg7LkTmfqI5D94qtYVG94b9dhXjyz0Qu1B
Action.c(393):     SmCuqqr_sht9NrZKdz4wua3EW1ISIdF7sMT8HY_OgcAQcx4FJ4xL3Z-NCiAHHl6-H964geqFzmldqhOw2cidycBeLH
Action.c(393):     alxG-O0tCjewtGZw2vYT10TJ8xFl4aQcaGHtsGhVu0nZw-7lHcsmILvJlzTk4JIFswHQefh1P1Y4gMsvzJkJ0rtqZi
Action.c(393):     AbKJkZi6AurVTh6v
Action.c(393): t=61134ms: 635-byte ENCODED response body received for "https://stage.peapod.com/api/v3.0/user/token" (RelFrameId=1, Internal ID=37)
Action.c(393): t=61134ms: 823-byte DECODED response body for "https://stage.peapod.com/api/v3.0/user/token" (RelFrameId=1, Internal ID=37)
Action.c(393):     Y8hvjO5xOgimhrB8D2Ir9CUoi6oLCSJy40W7qZD6bNe-fdZzw_kdrHKjFSeEMOmrcwwGq2zoiDI-KdLMmloCSoSrzg
Action.c(393):     GeQ5J4PrD-IPxj04AoPDztz38kLwLsJ5mREISSKU27Kl0hdUbZTOEzw-1tlnpJG_LAWoTo28k9_yevP7xG6w3CiuAd
Action.c(393):     aB3Iz6jaVHm77FGNgQwCh-HbBzo-COBYbgLZzdcPNjpM-46pMqEBWgXo0iv-Y8GzIgZrOEjzQvorTmsPe6yb01klq9
Action.c(393):     8ChjH-Qf3JfyX9AsJgvsDHJuGJrgC4MhmoGpXSZd0C7U7Cff1U2igiQB53oLRv0ajnYqeCLEGXedpqu4YAYXz7EdJS
Action.c(393):     dkHS4Gj15hTuqX_L962rzv2iL-aqP1ZK6S1aH6e8-g8QRVsoMG30vGgVdHyI3fALrWG0PpPvpP8ehc1mp-vEuoI9rQ
Action.c(393):     aGidbdMlok9QrDHGOlL-rtSI6IP5HohNiSdgQxbfrliVCJvcdxaPTt5vvoY5-9gjbWO9t_CZ2irsDXPrRkpxyl3t5j
Action.c(393):     c-Wx_z6sBiZgOxvQx8LAWKhPZ09UmqBvFwZTRrDKNQ8lz97nQ94Eq8uk5BmZKUSh0T2SKPFMusMKuIX6lTAIX5uIN8
Action.c(393):     QBYqn9OrkowyHcBs8DOYvXurHimpzFWa0yX9wj3lZA.-AKrwSvL5gles16miMIsgw","site":"https://www.sto
Action.c(393):     pandshop.com/coupons-weekly-circular/digital-coupons/?idToken="},"sessionId":"IIFRJAZ4OWS4
Action.c(393):     UCWWM4JCF3Q"}
Action.c(393): web_custom_request("token_2") was successful, 1246 body bytes, 752 header bytes  	[MsgId: MMSG-26386]
Action.c(402): web_custom_request("cms_12") started  	[MsgId: MMSG-26355]
Action.c(402): t=62188ms: 752-byte response headers for "https://stage.peapod.com/api/v2.0/cms?regions=%7B%22home_page_hero%22:%7B%22limit%22:100%7D,%22home_page_promonav%22:%7B%22limit%22:1%7D,%22home_page_body%22:%7B%22limit%22:10%7D,%22home_page_gallery%22:%7B%22limit%22:15%7D,%22home_page_content%22:%7B%7D,%22home_page_content_2%22:%7B%7D,%22home_page_content_3%22:%7B%7D,%22home_page_tiles%22:%7B%7D%7D" (RelFrameId=1, Internal ID=38)
Action.c(402):     HTTP/1.1 200 OK\r\n
Action.c(402):     Date: Sun, 24 Nov 2019 16:40:19 GMT\r\n
Action.c(402):     Content-Type: application/json;charset=utf-8\r\n
Action.c(402):     Transfer-Encoding: chunked\r\n
Action.c(402):     Connection: keep-alive\r\n
Action.c(402):     Strict-Transport-Security: max-age=63072000; includeSubdomains;\r\n
Action.c(402):     access-control-allow-credentials: true\r\n
Action.c(402):     access-control-allow-origin:\r\n
Action.c(402):     expires: 0\r\n
Action.c(402):     Vary: Accept-Encoding,User-Agent\r\n
Action.c(402):     Content-Encoding: gzip\r\n
Action.c(402):     Cache-Control: no-store\r\n
Action.c(402):     X-XSS-Protection: 1; mode=block\r\n
Action.c(402):     X-Content-Type-Options: nosniff\r\n
Action.c(402):     Strict-Transport-Security: max-age=86400; includeSubDomains\r\n
Action.c(402):     Content-Security-Policy: frame-ancestors 'self' *.giantfood.com\r\n
Action.c(402):     CF-Cache-Status: DYNAMIC\r\n
Action.c(402):     Expect-CT: max-age=604800, report-uri="https://report-uri.cloudflare.com/cdn-cgi/beacon/ex
Action.c(402):     pect-ct"\r\n
Action.c(402):     Server: cloudflare\r\n
Action.c(402):     CF-RAY: 53acd2f22d1ccf08-IAD\r\n
Action.c(402):     \r\n
Action.c(402): t=62191ms: 610-byte ENCODED response body received for "https://stage.peapod.com/api/v2.0/cms?regions=%7B%22home_page_hero%22:%7B%22limit%22:100%7D,%22home_page_promonav%22:%7B%22limit%22:1%7D,%22home_page_body%22:%7B%22limit%22:10%7D,%22home_page_gallery%22:%7B%22limit%22:15%7D,%22home_page_content%22:%7B%7D,%22home_page_content_2%22:%7B%7D,%22home_page_content_3%22:%7B%7D,%22home_page_tiles%22:%7B%7D%7D" (RelFrameId=1, Internal ID=38)
Action.c(402): t=62191ms: 1123-byte DECODED response body for "https://stage.peapod.com/api/v2.0/cms?regions=%7B%22home_page_hero%22:%7B%22limit%22:100%7D,%22home_page_promonav%22:%7B%22limit%22:1%7D,%22home_page_body%22:%7B%22limit%22:10%7D,%22home_page_gallery%22:%7B%22limit%22:15%7D,%22home_page_content%22:%7B%7D,%22home_page_content_2%22:%7B%7D,%22home_page_content_3%22:%7B%7D,%22home_page_tiles%22:%7B%7D%7D" (RelFrameId=1, Internal ID=38)
Action.c(402):     {"response":{"regionContents":[{"region":"home_page_gallery","contents":[{"map":{"Friendly
Action.c(402):      Tracking Description":"Simple Tile - HP - Turkeys ","moduleType":"Content: Simple Content
Action.c(402):      Tile","SEO Excluded":"No","Customer Status":{"myArrayList":["New Customer","Existing Cust
Action.c(402):     omer"]},"Approved":"2019-10-30T15:47:56.494-0500","Opcos":{"myArrayList":["GNTL","STSH"]},
Action.c(402):     "Create Multipanel":{"myArrayList":["Left Panel","Right Panel"]},"Test script field (migra
Action.c(402):     tion)":"CS-88773","Site_Location":"home_page_gallery","Customer Type":{"myArrayList":["Con
Action.c(402):     sumer","Merchant"]},"scheduledContentData":{"map":{"Content ID":"2718320:12LBN.jpg","parts
Action.c(402):     ":{"myArrayList":[]},"Products Targeted":"No","Button Link":"/pages/thanksgiving-turkeys",
Action.c(402):     "Tile Copy":"Frozen turkeys available","id":"375806","Create Multipanel":{"myArrayList":["
Action.c(402):     Left Panel","Right Panel"]},"Test script field (migration)":"CS-88772","Button Type Tiles"
Action.c(402):     :"Internal Link","Alt Text":"cooked turkey on a platter","key":"CS-88772"}},"Scheduled_Pri
Action.c(402):     ority":"1","Start Date":"2019-10-31","Content_Active":"Yes","End Date":"2019-11-27","Produ
Action.c(402):     cts Targeted":"No","Sent to QA":"2019-10-31
Action.c(402): t=62193ms: 4336-byte ENCODED response body received for "https://stage.peapod.com/api/v2.0/cms?regions=%7B%22home_page_hero%22:%7B%22limit%22:100%7D,%22home_page_promonav%22:%7B%22limit%22:1%7D,%22home_page_body%22:%7B%22limit%22:10%7D,%22home_page_gallery%22:%7B%22limit%22:15%7D,%22home_page_content%22:%7B%7D,%22home_page_content_2%22:%7B%7D,%22home_page_content_3%22:%7B%7D,%22home_page_tiles%22:%7B%7D%7D" (RelFrameId=1, Internal ID=38)
Action.c(402): t=62193ms: 12288-byte DECODED response body for "https://stage.peapod.com/api/v2.0/cms?regions=%7B%22home_page_hero%22:%7B%22limit%22:100%7D,%22home_page_promonav%22:%7B%22limit%22:1%7D,%22home_page_body%22:%7B%22limit%22:10%7D,%22home_page_gallery%22:%7B%22limit%22:15%7D,%22home_page_content%22:%7B%7D,%22home_page_content_2%22:%7B%7D,%22home_page_content_3%22:%7B%7D,%22home_page_tiles%22:%7B%7D%7D" (RelFrameId=1, Internal ID=38)
Action.c(402):     T09:10:46.509-0500","id":"375807","StoreCodes":{"myArrayList":[]},"key":"CS-88773"}},{"map
Action.c(402):     ":{"Friendly Tracking Description":"Simple Tile - HP - Friendsgiving","moduleType":"Conten
Action.c(402):     t: Simple Content Tile","SEO Excluded":"No","Customer Status":{"myArrayList":["New Custome
Action.c(402):     r","Existing Customer"]},"Approved":"2019-10-16T16:13:00.000-0500","Opcos":{"myArrayList":
Action.c(402):     ["GNTL","STSH"]},"Create Multipanel":{"myArrayList":["Left Panel","Right Panel"]},"Test sc
Action.c(402):     ript field (migration)":"CS-88771","Site_Location":"home_page_gallery","Customer Type":{"m
Action.c(402):     yArrayList":["Consumer","Merchant"]},"scheduledContentData":{"map":{"Content ID":"2727764:
Action.c(402):     BSX1U.png","parts":{"myArrayList":[]},"Products Targeted":"No","Button Link":"/pages/frien
Action.c(402):     dsgiving","Tile Copy":"A Friendsgiving feast","id":"375804","Create Multipanel":{"myArrayL
Action.c(402):     ist":["Left Panel","Right Panel"]},"Test script field (migration)":"CS-88770","Button Type
Action.c(402):      Tiles":"Internal Link","Alt Text":"bacon wrapped Turkey Breast","key":"CS-88770"}},"Sched
Action.c(402):     uled_Priority":"1","Start Date":"2019-10-31","Content_Active":"Yes","End Date":"2019-11-27
Action.c(402):     ","Products Targeted":"No","Sent to QA":"2019-10-29T15:53:49.329-0500","id":"375805","Stor
Action.c(402):     eCodes":{"myArrayList":[]},"key":"CS-88771"}},{"map":{"Friendly Tracking Description":"Sim
Action.c(402):     ple Tile - Cookie Exchange","moduleType":"Content: Simple Content Tile","SEO Excluded":"No
Action.c(402):     ","Customer Status":{"myArrayList":["New Customer","Existing Customer"]},"Approved":"2019-
Action.c(402):     11-11T16:01:55.170-0600","Opcos":{"myArrayList":["GNTC","GNTL","MRTN","STSH"]},"Create Mul
Action.c(402):     tipanel":{"myArrayList":["Left Panel","Right Panel"]},"Test script field (migration)":"CS-
Action.c(402):     89839","Site_Location":"home_page_gallery","Customer Type":{"myArrayList":["Consumer","Mer
Action.c(402):     chant"]},"scheduledContentData":{"map":{"Content ID":"2739135:70GGU.jpg","parts":{"myArray
Action.c(402):     List":[]},"Products Targeted":"No","Button Link":"/pages/holiday-cookie-exchange","Tile Co
Action.c(402):     py":"Cookie Exchange Inspiration","id":"377156","Create Multipanel":{"myArrayList":["Left 
Action.c(402):     Panel","Right Panel"]},"Test script field (migration)":"CS-89838","Button Type Tiles":"Int
Action.c(402):     ernal Link","Alt Text":"Pinwheel Cookies in a Jar","key":"CS-89838"}},"Scheduled_Priority"
Action.c(402):     :"1","Start Date":"2019-11-21","Content_Active":"Yes","End Date":"2019-12-18","Products Ta
Action.c(402):     rgeted":"No","Sent to QA":"2019-11-11T17:12:32.994-0600","id":"377157","StoreCodes":{"myAr
Action.c(402):     rayList":[]},"key":"CS-89839"}}]},{"region":"home_page_promonav","contents":[]},{"region":
Action.c(402):     "home_page_content_2","contents":[{"map":{"Friendly Tracking Description":"Home Page Savin
Action.c(402):     gs BP No Card","moduleType":"Content: Container","SEO Excluded":"No","Customer Status":{"m
Action.c(402):     yArrayList":["New Customer","Existing Customer"]},"Approved":"2019-10-29T09:29:32.376-0500
Action.c(402):     ","Opcos":{"myArrayList":["GNTL","STSH"]},"Create Multipanel":{"myArrayList":["Left Panel"
Action.c(402):     ,"Right Panel"]},"Test script field (migration)":"CS-88084","Site_Location":"home_page_con
Action.c(402):     tent_2","Qualification_Code":"CONTENT_DLV_NOCARD","Customer Type":{"myArrayList":["Consume
Action.c(402):     r","Merchant"]},"scheduledContentData":{"map":{"Friendly Tracking Description":"Home Page 
Action.c(402):     Savings Zones - Browse CNC NO CARD         ","parts":{"myArrayList":[{"map":{"Featured Spe
Action.c(402):     cials Type":"New Specials","Friendly Tracking Description":"Home Page Dlv Featured Spec","
Action.c(402):     Product Set Label":"Featured Specials","moduleType":"Content Module: Featured Specials","P
Action.c(402):     roduct Set Rows":1,"Products Targeted":"No","id":"374825","Create Multipanel":{"myArrayLis
Action.c(402):     t":["Left Panel","Right Panel"]},"Product Set Button Url":"/pages/delivery-specials","Test
Action.c(402):      script field (migration)":"CS-88081","key":"CS-88081"}},{"map":{"Friendly Tracking Descri
Action.c(402):     ption":"Home Page BP Best Sellers","Product Set Label":"Best Sellers","moduleType":"Conten
Action.c(402):     t Module: Best Sellers","Product Set Rows":2,"Carousel":{"myArrayList":["Yes"]},"Products 
Action.c(402):     Targeted":"No","id":"374827","Create Multipanel":{"myArrayList":["Left Panel","Right Panel
Action.c(402):     "]},"Test script field (migration)":"CS-88083","key":"CS-88083"}}]},"Products Targeted":"N
Action.c(402):     o","id":"374824","Create Multipanel":{"myArrayList":["Left Panel","Right Panel"]},"Test sc
Action.c(402):     ript field (migration)":"CS-88080","key":"CS-88080"}},"Scheduled_Priority":"1","Start Date
Action.c(402):     ":"2019-10-29","Content_Active":"Yes","End Date":"2029-12-31","Products Targeted":"No","Se
Action.c(402):     nt to QA":"2019-11-15T18:57:04.852-0600","id":"374828","StoreCodes":{"myArrayList":[]},"ke
Action.c(402):     y":"CS-88084"}}]},{"region":"home_page_tiles","contents":[]},{"region":"home_page_content_
Action.c(402):     3","contents":[]},{"region":"home_page_content","contents":[{"map":{"Friendly Tracking Des
Action.c(402):     cription":"OPCO New Home Page","moduleType":"Content: Container","End date":"2019-09-30","
Action.c(402):     Customer Status":{"myArrayList":["New Customer"]},"Approved":"2019-10-29T10:05:22.372-0500
Action.c(402):     ","Test script field (migration)":"CS-80290","Site_Location":"home_page_content","Customer
Action.c(402):      Type":{"myArrayList":["Consumer"]},"scheduledContentData":{"map":{"Friendly Tracking Desc
Action.c(402):     ription":"First Order Page Test August 2018 OPCO","parts":{"myArrayList":[{"map":{"Friendl
Action.c(402):     y Tracking Description":"Products Tab","Tab Heading":"Products You Love","moduleType":"Con
Action.c(402):     tent Module: Tab","id":"352931","Create Multipanel":{"myArrayList":["Left Panel","Right Pa
Action.c(402):     nel"]},"Test script field (migration)":"CS-71835","key":"CS-71835"}},{"map":{"Friendly Tra
Action.c(402):     cking Description":"Products Headline","moduleType":"Content Module: Headline","Subheadlin
Action.c(402):     e":"Wide Selection of Grocery Basics, Local Items AND Fresh Meal Kits","id":"352932","Crea
Action.c(402):     te Multipanel":{"myArrayList":["Left Panel","Right Panel"]},"Test script field (migration)
Action.c(402):     ":"CS-71836","Headline Copy":"Everything You Hunger For & More","key":"CS-71836"}},{"map":
Action.c(402):     {"Friendly Tracking Description":"Fresh Tile","moduleType":"Content Module: Simple Content
Action.c(402):      Tile","Content ID":"2241666:VBNV2.jpg","Button Link":"/browse-aisles/categories/1/categor
Action.c(402):     ies/2098","Tile Copy":"Fresh Produce","id":"352933","Create Multipanel":{"myArrayList":["L
Action.c(402):     eft Panel","Right Panel"]},"Test script field (migration)":"CS-71837","Button Type Tiles":
Action.c(402):     "Internal Link","Alt Text":"Fresh Produce","key":"CS-71837"}},{"map":{"Friendly Tracking D
Action.c(402):     escription":"Meat Tile","moduleType":"Content Module: Simple Content Tile","Content ID":"2
Action.c(402):     091266:UBVXJ.jpg","Button Link":"/browse-aisles/categories/1/categories/1563","Tile Copy":
Action.c(402):     "Proteins","id":"352934","Create Multipanel":{"myArrayList":["Left Panel","Right Panel"]},
Action.c(402):     "Test script field (migration)":"CS-71838","Button Type Tiles":"Internal Link","Alt Text":
Action.c(402):     "Image of a steak grilling with kabobs","key":"CS-71838"}},{"map":{"Friendly Tracking Desc
Action.c(402):     ription":"Dairy Tile","moduleType":"Content Module: Simple Content Tile","Content ID":"209
Action.c(402):     1272:RPVGM.jpg","Button Link":"/browse-aisles/categories/1/categories/805","Tile Copy":"Da
Action.c(402):     iry","id":"352935","Create Multipanel":{"myArrayList":["Left Panel","Right Panel"]},"Test 
Action.c(402):     script field (migration)":"CS-71839","Button Type Tiles":"Internal Link","Alt Text":"Image
Action.c(402):      of milk, cheese, and yogurt","key":"CS-71839"}},{"map":{"Friendly Tracking Description":"
Action.c(402):     Baby & Childcare","moduleType":"Content Module: Simple Content Tile","Content ID":"2143278
Action.c(402):     :E5Y5L.jpg","Button Link":"/browse-aisles/categories/1/categories/1370","Tile Copy":"Baby 
Action.c(402):     & Childcare","id":"352936","Create Multipanel":{"myArrayList":["Left Panel","Right Panel"]
Action.c(402):     },"Test script field (migration)":"CS-71840","Button Type Tiles":"Internal Link","Alt Text
Action.c(402):     ":"Baby & Childcare","key":"CS-71840"}},{"map":{"Friendly Tracking Description":"HBA Tile 
Action.c(402):     Beverages","moduleType":"Content Module: Simple Content Tile","Content ID":"1890063:D0YBU.
Action.c(402):     jpg","Button Link":"/browse-aisles/categories/1/categories/365","Tile Copy":"Beverages","i
Action.c(402):     d":"352937","Create Multipanel":{"myArrayList":["Left Panel","Right Panel"]},"Test script 
Action.c(402):     field (migration)":"CS-71841","Button Type Tiles":"Internal Link","Alt Text":"glasses of s
Action.c(402):     oda or sparkling water","key":"CS-71841"}},{"map":{"Friendly Tracking Description":"Househ
Action.c(402):     old Tile","moduleType":"Content Module: Simple Content Tile","Content ID":"2062565:I40BF.j
Action.c(402):     pg","Button Link":"/browse-aisles/categories/1/categories/1448","Tile Copy":"Household Lau
Action.c(402):     ndry & Cleaning","id":"352938","Create Multipanel":{"myArrayList":["Left Panel","Right Pan
Action.c(402):     el"]},"Test script field (migration)":"CS-71842","Button Type Tiles":"Internal Link","Alt 
Action.c(402):     Text":"Household Tile","key":"CS-71842"}},{"map":{"Friendly Tracking Description":"HBA Til
Action.c(402):     e","moduleType":"Content Module: Simple Content Tile","Content ID":"2143279:6R73Q.jpg","Bu
Action.c(402):     tton Link":"/browse-aisles/categories/1/categories/1201","Tile Copy":"Health & Beauty","id
Action.c(402):     ":"352939","Create Multipanel":{"myArrayList":["Left Panel","Right Panel"]},"Test script f
Action.c(402):     ield (migration)":"CS-71843","Button Type Tiles":"Internal Link","Alt Text":"HBA Tile","ke
Action.c(402):     y":"CS-71843"}},{"map":{"Friendly Tracking Description":"Pet Store Tile","moduleType":"Con
Action.c(402):     tent Module: Simple Content Tile","Content ID":"2081460:IK1AR.jpg","Button Link":"/browse-
Action.c(402):     aisles/categories/1/categories/2057","Tile Copy":"Pet Store","id":"352940","Create Multipa
Action.c(402):     nel":{"myArrayList":["Left Panel","Right Panel"]},"Test script field (migration)":"CS-7184
Action.c(402):     4","Button Type Tiles":"Internal Link","Alt Text":"Cute cat and dog eating from same bowl"
Action.c(402):     ,"key":"CS-71844"}},{"map":{"Friendly Tracking Description":"Bulk Store Tile","moduleType"
Action.c(402):     :"Content Module: Simple Content Tile","Content ID":"2114811:USV8E.jpg","Button Link":"/pa
Action.c(402):     ges/bulkstore","Tile Copy":"Bulk Store","id":"352941","Create Multipanel":{"myArrayList":[
Action.c(402):     "Left Panel","Right Panel"]},"Test script field (migration)":"CS-71845","Button Type Tiles
Action.c(402):     ":"Internal Link","Alt Text":"Large sized products","key":"CS-71845"}},{"map":{"Friendly T
Action.c(402):     racking Description":"Cooking Made Easy Tile","moduleType":"Content Module: Simple Content
Action.c(402):      Tile","Content ID":"2498964:HP8YK.jpg","Button Link":"/pages/cookingMadeEasy","Tile Copy"
Action.c(402):     :"Cooking Made Easy","id":"352942","Create Multipanel":{"myArrayList":["Left Panel","Right
Action.c(402):      Panel"]},"Test script field (migration)":"CS-71846","Button Type Tiles":"Internal Link","
Action.c(402):     Alt Text":"Image of prepared ingredients","key":"CS-71846"}},{"map":{"Product Set Label":"
Action.c(402):     Convenient Meal Kits","Friendly Tracking Description":"Convenient Meal Kits","moduleType":
Action.c(402):     "Content Module: Product Set","Peapod Category Tree Id":"3289","Product Set Rows":1,"Peapo
Action.c(402):     d Category Id":"3363","Create Multipanel":{"myArrayList":["Left Panel","Right Panel"]},"Te
Action.c(402):     st script field (migration)":"CS-71847","Peapod Category":"Fresh Meal Kits|3289","Product 
Action.c(402):     Search Sort":"Most Popular","Bulk Add":"No","id":"352943","Product Set Button Url":"/brows
Action.c(402):     e-aisles/categories/1/categories/4147","key":"CS-71847"}},{"map":{"Friendly Tracking Descr
Action.c(402):     iption":"LIfestyle Headline","moduleType":"Content Module: Headline","Subheadline":"We mak
Action.c(402):     e it easy","id":"352944","Create Multipanel":{"myArrayList":["Left Panel","Right Panel"]},
Action.c(402):     "Test script field (migration)":"CS-71848","Headline Copy":"Shop How You Want","key":"CS-7
Action.c(402):     1848"}},{"map":{"Friendly Tracking Description":"Organic","moduleType":"Content Module: Si
Action.c(402):     mple Content Tile","Content ID":"2176311:732L3.jpg","Button Link":"/pages/organic","Tile C
Action.c(402):     opy":"1000+ Organic Products","id":"352945","Create Multipanel":{"myArrayList":["Left Pane
Action.c(402):     l","Right Panel"]},"Test script field (migration)":"CS-71849","Button Type Tiles":"Interna
Action.c(402):     l Link","Alt Text":"Farmer holding beets right from the ground","key":"CS-71849"}},{"map":
Action.c(402):     {"Friendly Tracking Description":"Gluten Free","moduleType":"Content Module: Simple Conten
Action.c(402):     t Tile","Content ID":"1689474:JF82Y.jpg","Button Link":"/pages/glutenfree","Tile Copy":"Gl
Action.c(402):     uten Free","id":"352946","Create Multipanel":{"myArrayList":["Left Panel","Right Panel"]},
Action.c(402):     "Test script field (migration)":"CS-71850","Button Type Tiles":"Internal Link","Alt Text":
Action.c(402):     "Bowl of grains","key":"CS-71850"}},{"map":{"Friendly Tracking Description":"Non GMO","mod
Action.c(402):     uleType":"Content Module: Simple Content Tile","Content ID":"1689292:HMDI5.jpg","Button Li
Action.c(402):     nk":"/pages/nonGMO","Tile Copy":"Non GMO","id":"352947","Create Multipanel":{"myArrayList"
Action.c(402):     :["Left Panel","Right Panel"]},"Test script field (migration)":"CS-71851","Button Type Til
Action.c(402):     es":"Internal Link","Alt Text":"Non GMO Certified Logo","key":"CS-71851"}},{"map":{"Friend
Action.c(402):     ly Tracking Description":"Guiding Stars Tile","moduleType":"Content Module: Simple Content
Action.c(402):      Tile","Content ID":"2200656:6N2CV.jpg","Button Link":"/pages/guidingStars","Tile Copy":"G
Action.c(402):     uiding Stars","id":"352948","Create Multipanel":
Action.c(402): t=62215ms: 11771-byte DECODED response body for "https://stage.peapod.com/api/v2.0/cms?regions=%7B%22home_page_hero%22:%7B%22limit%22:100%7D,%22home_page_promonav%22:%7B%22limit%22:1%7D,%22home_page_body%22:%7B%22limit%22:10%7D,%22home_page_gallery%22:%7B%22limit%22:15%7D,%22home_page_content%22:%7B%7D,%22home_page_content_2%22:%7B%7D,%22home_page_content_3%22:%7B%7D,%22home_page_tiles%22:%7B%7D%7D" (RelFrameId=1, Internal ID=38)
Action.c(402):     {"myArrayList":["Left Panel","Right Panel"]},"Test script field (migration)":"CS-71852","B
Action.c(402):     utton Type Tiles":"Internal Link","key":"CS-71852"}},{"map":{"Friendly Tracking Descriptio
Action.c(402):     n":"Satisfaction Guaranteed","Content ID: Mobile":"1687480:WYZMN.jpg","moduleType":"Conten
Action.c(402):     t Module: Keyweb Lifestyle","Headline Copy: Mobile":"100% SATISFACTION GUARANTEED","Headli
Action.c(402):     ne Copy: Desktop / Tablet / Mini Tablet":"100% SATISFACTION GUARANTEED","Button Link":"/pa
Action.c(402):     ges/newCustomerFAQs","Body Copy: Mobile":"or your money back","Create Multipanel":{"myArra
Action.c(402):     yList":["Left Panel","Right Panel"]},"Test script field (migration)":"CS-71853","Button Ty
Action.c(402):     pe":"Internal Link","Text Alignment":"Center","Alt Text: All Images":"Image of fresh produ
Action.c(402):     ce, many varieties","Content ID: Desktop":"1687478:5YJAW.jpg","Content ID: Tablet":"168747
Action.c(402):     7:644Z8.jpg","Content ID: Mini Tablet":"1687479:YSEIX.jpg","id":"352949","Color Scheme: Li
Action.c(402):     festyle":"Green","key":"CS-71853","Body Copy: Desktop / Tablet / Mini Tablet":"or your mon
Action.c(402):     ey back","Button Text":"Learn More About Peapod"}},{"map":{"Friendly Tracking Description"
Action.c(402):     :"Savings Tab","Tab Heading":"Save Money","moduleType":"Content Module: Tab","id":"352950"
Action.c(402):     ,"Create Multipanel":{"myArrayList":["Left Panel","Right Panel"]},"Test script field (migr
Action.c(402):     ation)":"CS-71854","key":"CS-71854"}},{"map":{"Friendly Tracking Description":"Savings Hea
Action.c(402):     dline","moduleType":"Content Module: Headline","id":"352951","Create Multipanel":{"myArray
Action.c(402):     List":["Left Panel","Right Panel"]},"Test script field (migration)":"CS-71855","Headline C
Action.c(402):     opy":"Everyday Low Prices + Many Ways to Save","key":"CS-71855"}},{"map":{"Friendly Tracki
Action.c(402):     ng Description":"Price Copy","moduleType":"Content Module: Copy Block","Headline Copy: Mob
Action.c(402):     ile":"Everyday Low Prices","Copy Block":"<ul><li>Prices are comparable to your local groce
Action.c(402):     ry store. Depending on where you live, prices may be a little higher or lower than what yo
Action.c(402):     u typically see in your neighborhood store.</li><li>Peapod offers exclusive savings. Just 
Action.c(402):     look for the red flags.</li>\\r\\n<li>Peapod also accepts manufacturer coupons.  Place cou
Action.c(402):     pons in a sealed envelope and give them to your driver. You will receive a credit for any 
Action.c(402):     valid coupons.</li>\\r\\n<li>You can save even more by shopping our Buy More Save More ais
Action.c(402):     le where you can mix and match and save a bundle.</li></ul>","id":"352952","Create Multipa
Action.c(402):     nel":{"myArrayList":["Left Panel","Right Panel"]},"Test script field (migration)":"CS-7185
Action.c(402):     6","key":"CS-71856"}},{"map":{"Friendly Tracking Description":"Weekly Specials Tile","modu
Action.c(402):     leType":"Content Module: Simple Content Tile","Content ID":"1687457:S1EL8.jpg","Button Lin
Action.c(402):     k":"/specials","Tile Copy":"Weekly Specials","id":"352953","Create Multipanel":{"myArrayLi
Action.c(402):     st":["Left Panel","Right Panel"]},"Test script field (migration)":"CS-71857","Button Type 
Action.c(402):     Tiles":"Internal Link","Alt Text":"Piggy bank with money","key":"CS-71857"}},{"map":{"Frie
Action.c(402):     ndly Tracking Description":"BMSM","moduleType":"Content Module: Simple Content Tile","Cont
Action.c(402):     ent ID":"2183675:RMJ3C.jpg","Button Link":"/pages/allBuyMoreSaveMore","Tile Copy":"Stock U
Action.c(402):     p & Save","id":"352954","Create Multipanel":{"myArrayList":["Left Panel","Right Panel"]},"
Action.c(402):     Test script field (migration)":"CS-71858","Button Type Tiles":"Internal Link","Alt Text":"
Action.c(402):     Buy More Save More","key":"CS-71858"}},{"map":{"Friendly Tracking Description":"Deal of th
Action.c(402):     e Day","Product Set Label":"Deals of the Day - While Supplies Last","Product Search Sort":
Action.c(402):     "Most Popular","moduleType":"Content Module: Product Set","Product Set Rows":1,"Bulk Add":
Action.c(402):     "No","Product Search Keywords":"DOD{{ content.opco.name}} ","id":"352955","Create Multipan
Action.c(402):     el":{"myArrayList":["Left Panel","Right Panel"]},"Product Set Button Url":"/specials/featu
Action.c(402):     red-specials","Test script field (migration)":"CS-71859","key":"CS-71859"}},{"map":{"Featu
Action.c(402):     red Specials Type":"New Specials","Friendly Tracking Description":"Featured Specials","Pro
Action.c(402):     duct Set Label":"This Week's Featured Specials","moduleType":"Content Module: Featured Spe
Action.c(402):     cials","Product Set Rows":1,"id":"352956","Create Multipanel":{"myArrayList":["Left Panel"
Action.c(402):     ,"Right Panel"]},"Product Set Button Url":"/specials/featured-specials","Test script field
Action.c(402):      (migration)":"CS-71860","key":"CS-71860"}},{"map":{"Product Search Filter":"newArrivals;S
Action.c(402):     pecials","Friendly Tracking Description":"New Arrivals on Sale","Product Set Label":"New A
Action.c(402):     rrivals on Sale","moduleType":"Content Module: Product Set","Product Set Rows":1,"Bulk Add
Action.c(402):     ":"No","Product Search Keywords":"prdall","id":"352957","Create Multipanel":{"myArrayList"
Action.c(402):     :["Left Panel","Right Panel"]},"Product Set Button Url":"/pages/newArrivalsOnSale","Test s
Action.c(402):     cript field (migration)":"CS-71861","key":"CS-71861"}},{"map":{"Friendly Tracking Descript
Action.c(402):     ion":"Satisfaction Guaranteed","Content ID: Mobile":"1687480:WYZMN.jpg","moduleType":"Cont
Action.c(402):     ent Module: Keyweb Lifestyle","Headline Copy: Mobile":"100% SATISFACTION GUARANTEED","Head
Action.c(402):     line Copy: Desktop / Tablet / Mini Tablet":"100% SATISFACTION GUARANTEED","Button Link":"/
Action.c(402):     pages/newCustomerFAQs","Body Copy: Mobile":"or your money back","Create Multipanel":{"myAr
Action.c(402):     rayList":["Left Panel","Right Panel"]},"Test script field (migration)":"CS-71862","Button 
Action.c(402):     Type":"Internal Link","Text Alignment":"Center","Alt Text: All Images":"Image of fresh pro
Action.c(402):     duce, many varieties","Content ID: Desktop":"1687478:5YJAW.jpg","Content ID: Tablet":"1687
Action.c(402):     477:644Z8.jpg","Content ID: Mini Tablet":"1687479:YSEIX.jpg","id":"352958","Color Scheme: 
Action.c(402):     Lifestyle":"Green","key":"CS-71862","Body Copy: Desktop / Tablet / Mini Tablet":"or your m
Action.c(402):     oney back","Button Text":"Learn More About Peapod"}},{"map":{"Friendly Tracking Descriptio
Action.c(402):     n":"Convenience Tab","Tab Heading":"How It Works","moduleType":"Content Module: Tab","id":
Action.c(402):     "352959","Create Multipanel":{"myArrayList":["Left Panel","Right Panel"]},"Test script fie
Action.c(402):     ld (migration)":"CS-71863","key":"CS-71863"}},{"map":{"Friendly Tracking Description":"Fee
Action.c(402):     s Copy Block","moduleType":"Content Module: Copy Block","Copy Block":"<h3>Easy to Shop</h3
Action.c(402):     ><p><ul><li><strong>Have a list?</strong> <br/><br/>Use <a href=\\"/express-shop\\" data-l
Action.c(402):     ink-type=\\"internal\\">Express Shop</a> to submit your list and search each item to quick
Action.c(402):     ly fill your cart.</li>\\r\\n<li><strong>Need some suggestions?</strong> <br/><br/>Shop th
Action.c(402):     e most popular first order items <a href=\\"/pages/buildFirstBasketCnsm\\" data-link-type=
Action.c(402):     \\"internal\\">here</a>.</li>\\r\\n<li><strong>Just Browsing? </strong> <br/><br/>Check ou
Action.c(402):     t our <a href=\\"/browse-aisles/categories/1\\" data-link-type=\\"internal\\">aisles</a>.<
Action.c(402):     /li></ul>                                                                                 
Action.c(402):                                                                                               
Action.c(402):                  <h3>Service Fees</h3>\\r\\n<table> \\r\\n<caption>Delivery</caption> \\r\\n<p
Action.c(402):     >Delivery as low as <strong>$2.95</strong> with available discounts</p> \\r\\n<thead> \\r\\
Action.c(402):     n<tr><th>Order Size</th><th>Fee*</th></tr> \\r\\n</thead> \\r\\n\\r\\n<tbody> \\r\\n <tr n
Action.c(402):     g-if=\\"!!content.feeAmounts.standardQty\\"> \\r\\n <td>{{content.feeAmounts.standardQty |
Action.c(402):      currency }} and up</td> \\r\\n <td>{{ content.feeAmounts.standardFee | currency }}</td> \\
Action.c(402):     r\\n </tr> \\r\\n <tr ng-if=\\"!!content.feeAmounts.level2Qty\\"> \\r\\n <td>{{content.fee
Action.c(402):     Amounts.level2Qty | currency }} to {{ content.feeAmounts.standardQty | currency }}</td> \\
Action.c(402):     r\\n <td>{{content.feeAmounts.level2Fee | currency }}</td> \\r\\n </tr> \\r\\n <tr ng-if=\\
Action.c(402):     "!!content.feeAmounts.level3Qty\\"> \\r\\n <td>{{content.feeAmounts.level3Qty | currency }
Action.c(402):     } to {{ content.feeAmounts.level2Qty | currency }}</td> \\r\\n <td>{{content.feeAmounts.le
Action.c(402):     vel3Fee | currency }}</td> \\r\\n </tr> \\r\\n </tbody> \\r\\n\\r\\n</table> \\r\\n<p></p>
Action.c(402):      \\r\\n<p>Minimum Order Size: {{ content.feeAmounts.deliveryMinOrder | currency }}</p> \\r
Action.c(402):     \\n\\r\\n<p>Delivery fee does not include the fuel surcharge. This week's surcharge is {{ 
Action.c(402):     content.fuelSurcharge | currency }}.</p> \\r\\n<p class=\\"disclaimer-copy\\">*Additional 
Action.c(402):     charges and applicable sales tax may apply in certain areas.</p> \\r\\n\\r\\n<table> \\r\\
Action.c(402):     n<caption>Pick-Up</caption> \\r\\n<thead> \\r\\n<tr><th>Order Size</th><th>Fee*</th></tr> 
Action.c(402):     \\r\\n</thead> \\r\\n<tbody> \\r\\n<tr> \\r\\n<td>All Orders</td> \\r\\n<td>{{ content.fee
Action.c(402):     Amounts.pickupFee | currency }}</td> \\r\\n</tr> \\r\\n</tbody> \\r\\n</table> \\r\\n<p></
Action.c(402):     p> \\r\\n<p>Minimum Order Size: {{ content.feeAmounts.pickupQty | currency }}</p> \\r\\n<p
Action.c(402):      class=\\"disclaimer-copy\\">*Pickup not available in all areas.</p> ","id":"352960","Crea
Action.c(402):     te Multipanel":{"myArrayList":["Left Panel","Right Panel"]},"Test script field (migration)
Action.c(402):     ":"CS-71864","key":"CS-71864"}},{"map":{"Friendly Tracking Description":"Satisfaction Guar
Action.c(402):     anteed","Content ID: Mobile":"1687480:WYZMN.jpg","moduleType":"Content Module: Keyweb Life
Action.c(402):     style","Headline Copy: Mobile":"100% SATISFACTION GUARANTEED","Headline Copy: Desktop / Ta
Action.c(402):     blet / Mini Tablet":"100% SATISFACTION GUARANTEED","Button Link":"/pages/newCustomerFAQs",
Action.c(402):     "Body Copy: Mobile":"or your money back","Create Multipanel":{"myArrayList":["Left Panel",
Action.c(402):     "Right Panel"]},"Test script field (migration)":"CS-71865","Button Type":"Internal Link","
Action.c(402):     Text Alignment":"Center","Alt Text: All Images":"Image of fresh produce, many varieties","
Action.c(402):     Content ID: Desktop":"1687478:5YJAW.jpg","Content ID: Tablet":"1687477:644Z8.jpg","Content
Action.c(402):      ID: Mini Tablet":"1687479:YSEIX.jpg","id":"352961","Color Scheme: Lifestyle":"Green","key
Action.c(402):     ":"CS-71865","Body Copy: Desktop / Tablet / Mini Tablet":"or your money back","Button Text
Action.c(402):     ":"Learn More About Peapod"}}]},"id":"352930","Create Multipanel":{"myArrayList":["Left Pa
Action.c(402):     nel","Right Panel"]},"Test script field (migration)":"CS-71834","key":"CS-71834"}},"Schedu
Action.c(402):     led_Priority":"1","Start Date":"2019-08-01","Content_Active":"Yes","Store Codes":{"myArray
Action.c(402):     List":["GDA","GDB","GDF","GDL","GDM","GDN","GDO","GDP","GIE","GIF","GIH","GII","GIK","GJA"
Action.c(402):     ,"GJB","GJC","GJE","GJF","GJH","GJJ","GKB"]},"End Date":"2019-12-31","Sent to QA":"2019-10
Action.c(402):     -29T10:05:21.284-0500","id":"364084","StoreCodes":{"myArrayList":[]},"key":"CS-80290"}}]},
Action.c(402):     {"region":"home_page_body","contents":[]},{"region":"home_page_hero","contents":[{"map":{"
Action.c(402):     Friendly Tracking Description":"HP-KWM-New Customer First Order - 60DAYSFREE","moduleType"
Action.c(402):     :"Content: Keyweb Lifestyle","End date":"2019-09-30","Customer Status":{"myArrayList":["Ne
Action.c(402):     w Customer"]},"Approved":"2019-10-29T09:29:35.315-0500","Rejected":"2017-11-03T11:54:00.00
Action.c(402):     0-0500","Opcos":{"myArrayList":["GNTC","GNTL","PPOD","STSH"]},"Test script field (migratio
Action.c(402):     n)":"CS-71082","Site_Location":"home_page_hero","Qualification_Code":"CONTENT_GUEST","Cust
Action.c(402):     omer Type":{"myArrayList":["Consumer"]},"scheduledContentData":{"map":{"Content ID: Mobile
Action.c(402):     ":"1687473:GUWT7.jpg","Headline Copy: Mobile":"New? Save $20 plus FREE delivery","Headline
Action.c(402):      Copy: Desktop / Tablet / Mini Tablet":"New to Peapod? Save $20 & FREE delivery or pick-up
Action.c(402):     ","Approved":"2018-07-02T13:21:00.000-0500","Button Link":"/pages/newCustomerOffer","Body 
Action.c(402):     Copy: Mobile":"Enter code 60DAYSFREE at checkout.","Test script field (migration)":"CS-194
Action.c(402):     57","Text Alignment":"Right","Alt Text":"SAVE $20 AND GET 60 DAYS FREE DELIVERY","Alt Text
Action.c(402):     : All Images":"Image of Triscuits, Asparagus, tomatoes, herbs, Simply Enjoy Marinara Sauce
Action.c(402):     , eggs, Milk and Sugar, all on a kitchen counter","Content ID: Desktop":"1687471:87T30.jpg
Action.c(402):     ","Content ID: Tablet":"1687470:TPMUV.jpg","Content ID: Mini Tablet":"1690724:AMIU9.jpg","
Action.c(402):     parts":{"myArrayList":[]},"Sent to QA":"2018-07-02T13:21:00.000-0500","id":"265906","Color
Action.c(402):      Scheme: Lifestyle":"Green","key":"CS-19457","Body Copy: Desktop / Tablet / Mini Tablet":"
Action.c(402):     Enter promo code 60DAYSFREE at checkout. Minimum purchase required.","Button Text":"View D
Action.c(402):     etails"}},"Scheduled_Priority":"10","Start Date":"2019-07-01","Content_Active":"Yes","End 
Action.c(402):     Date":"2019-12-31","Sent to QA":"2019-10-29T09:43:25.465-0500","id":"351976","StoreCodes":
Action.c(402):     {"myArrayList":[]},"key":"CS-71082"}}]}],"resultCount":0},"sessionId":"IIFRJAZ4OWS4UCWWM4J
Action.c(402):     CF3Q"}
Action.c(402): web_custom_request("cms_12") was successful, 4946 body bytes, 752 header bytes  	[MsgId: MMSG-26386]
Action.c(411): web_custom_request("profile_3") started  	[MsgId: MMSG-26355]
Action.c(411): t=63321ms: 770-byte response headers for "https://stage.peapod.com/api/v3.0/user/profile" (RelFrameId=1, Internal ID=39)
Action.c(411):     HTTP/1.1 200 OK\r\n
Action.c(411):     Date: Sun, 24 Nov 2019 16:40:20 GMT\r\n
Action.c(411):     Content-Type: application/json;charset=utf-8\r\n
Action.c(411):     Transfer-Encoding: chunked\r\n
Action.c(411):     Connection: keep-alive\r\n
Action.c(411):     Strict-Transport-Security: max-age=63072000; includeSubdomains;\r\n
Action.c(411):     access-control-allow-credentials: true\r\n
Action.c(411):     access-control-allow-origin:\r\n
Action.c(411):     Pragma: no-cache\r\n
Action.c(411):     Cache-Control: no-store\r\n
Action.c(411):     Expires: 0\r\n
Action.c(411):     Vary: Accept-Encoding,User-Agent\r\n
Action.c(411):     Content-Encoding: gzip\r\n
Action.c(411):     X-XSS-Protection: 1; mode=block\r\n
Action.c(411):     X-Content-Type-Options: nosniff\r\n
Action.c(411):     Strict-Transport-Security: max-age=86400; includeSubDomains\r\n
Action.c(411):     Content-Security-Policy: frame-ancestors 'self' *.giantfood.com\r\n
Action.c(411):     CF-Cache-Status: DYNAMIC\r\n
Action.c(411):     Expect-CT: max-age=604800, report-uri="https://report-uri.cloudflare.com/cdn-cgi/beacon/ex
Action.c(411):     pect-ct"\r\n
Action.c(411):     Server: cloudflare\r\n
Action.c(411):     CF-RAY: 53acd2f8baaaf10e-IAD\r\n
Action.c(411):     \r\n
Action.c(411): t=63326ms: 593-byte ENCODED response body received for "https://stage.peapod.com/api/v3.0/user/profile" (RelFrameId=1, Internal ID=39)
Action.c(411): t=63327ms: 1488-byte DECODED response body for "https://stage.peapod.com/api/v3.0/user/profile" (RelFrameId=1, Internal ID=39)
Action.c(411):     \n
Action.c(411):     \n
Action.c(411):     \n
Action.c(411):     \n
Action.c(411):             {"response":{"information":{"handle":"perftest22nov5201@test.com","email":"perftes
Action.c(411):     t22nov5201@test.com","buddyEmail":"","userId":91117310,"currentOrderId":135983265,"userGui
Action.c(411):     d":"4c9763bd-a101-480c-a45e-f39c7b5acb4a","userType":"C","attributes":{"Mrch2TargCd":"N","
Action.c(411):     Mktg5TargCd":"N","TimeOrdQy":"0","Prgm3SaleQy":"0.0","PrgmPup2OrdQy":"0","Prgm4OrdQy":"0",
Action.c(411):     "Prgm1SaleQy":"0.0","PrgmPup1OrdQy":"0","Mktg2TargCd":"N","Mktg4TargCd":"N","PupTimeOrdQy"
Action.c(411):     :"0","Mrch4TargCd":"N","Prgm3OrdQy":"0","mail_opt_spec_cd":"Y","Prgm4SaleQy":"0.0","Prgm2S
Action.c(411):     aleQy":"0.0","PrgmPup1SaleQy":"0.0","Mrch1TargCd":"N","mail_opt_news_cd":"Y","Mrch6TargCd"
Action.c(411):     :"N","Mktg1TargCd":"N","LastSvcDt":"1980-01-01","Prgm5OrdQy":"0","Mrch5TargCd":"N","Prgm2O
Action.c(411):     rdQy":"0","Prgm5SaleQy":"0.0","Prgm1OrdQy":"0","Mrch3TargCd":"N","PrgmPup2SaleQy":"0.0","M
Action.c(411):     ktg3TargCd":"N"}},"addresses":[{"addressId":"1","addressLine1":"7801 Main street","address
Action.c(411):     Line2":"","city":"Allston","state":"MA","zip":"02134","intersection":"","instructions":"",
Action.c(411):     "unattendedInstructions":"","name":{"firstName":"PerfKeithaabc","lastName":"TestAshbyabc",
Action.c(411):     "middleInitial":""},"phone":{"areaCode":"408","prefix":"717","suffix":"1001"},"alternatePh
Action.c(411):     one":{}},{"addressId":"2","addressLine1":"7801 Main street","addressLine2":"","city":"Alls
Action.c(411):     ton","state":"MA","zip":"02134","name":{"firstName":"PerfKeithaabc","lastName":"TestAshbya
Action.c(411):     bc","middleInitial":""},"phone":{"areaCode":"408","prefix":"716","suffix":"2501"}}],"addre
Action.c(411):     ssDefaults":{"deliveryAddressId":"1","billin
Action.c(411): t=63330ms: 447-byte ENCODED response body received for "https://stage.peapod.com/api/v3.0/user/profile" (RelFrameId=1, Internal ID=39)
Action.c(411): t=63331ms: 1642-byte DECODED response body for "https://stage.peapod.com/api/v3.0/user/profile" (RelFrameId=1, Internal ID=39)
Action.c(411):     gAddressId":"2"},"retailerCard":{"cardNumber":""},"opco":{"title":"Stop & Shop","name":"ST
Action.c(411):     SH","hasLoyaltyProgram":true},"refData":{"deliveryServiceLocation":{"serviceLocationId":26
Action.c(411):     425,"storeId":2,"priceZone":1,"zip":"02134","city":"Allston","maxPupRadius":100,"unattende
Action.c(411):     dDeliveryAllowed":false,"feeAmounts":{"standardFee":6.95,"standardQty":100.00,"level3Fee":
Action.c(411):     9.95,"level3Qty":60.00,"pickupFee":2.95,"pickupQty":60.00,"oneWayFee":0.00},"loyaltyCardAs
Action.c(411):     signmentAllowed":false,"loyaltyCardProgramTitle":"Stop & Shop Card","loyaltyCardNumberLeng
Action.c(411):     th":13,"numberOfOrdersAhead":5,"orderStatusEnabled":true,"hoursOffset":1,"showRegularPrice
Action.c(411):     ":true,"podBagAvailable":false,"oneWayAvailable":false,"serviceTypeSelectionForNewOrdersEn
Action.c(411):     abled":true,"topSpecialsEnabled":true,"loadedCouponsEnabled":true,"serviceType":"D","click
Action.c(411):     AndCollect":false},"fuelSurcharge":0.05,"availableServiceTypes":["D","P"],"customerDefault
Action.c(411):     DeliveryServiceLocation":{"serviceLocationId":26425,"storeId":2,"priceZone":1,"zip":"02134
Action.c(411):     ","city":"Allston","maxPupRadius":100,"unattendedDeliveryAllowed":false,"feeAmounts":{"sta
Action.c(411):     ndardFee":6.95,"standardQty":100.00,"level3Fee":9.95,"level3Qty":60.00,"pickupFee":2.95,"p
Action.c(411):     ickupQty":60.00,"oneWayFee":0.00},"loyaltyCardAssignmentAllowed":false,"loyaltyCardProgram
Action.c(411):     Title":"Stop & Shop Card","loyaltyCardNumberLength":13,"numberOfOrdersAhead":5,"orderStatu
Action.c(411):     sEnabled":true,"hoursOffset":1,"showRegularPrice":true,"podBagAvailable":false,"oneWayAvai
Action.c(411):     lable":false,"serviceTypeSelectionForNewOrdersEnabled":true,"topSpecialsEnabled":true,"loa
Action.c(411):     dedCouponsEnabled":true,"serviceType":"D","clickAndCollect":false}}},"sessionId":"IIFRJAZ4
Action.c(411):     OWS4UCWWM4JCF3Q"}\n
Action.c(411):         
Action.c(411): web_custom_request("profile_3") was successful, 1040 body bytes, 770 header bytes  	[MsgId: MMSG-26386]
Action.c(420): web_custom_request("cart_2") started  	[MsgId: MMSG-26355]
Action.c(420): t=64281ms: 752-byte response headers for "https://stage.peapod.com/api/v3.0/user/cart?flags=true&image=true&sort=category+asc" (RelFrameId=1, Internal ID=40)
Action.c(420):     HTTP/1.1 200 OK\r\n
Action.c(420):     Date: Sun, 24 Nov 2019 16:40:21 GMT\r\n
Action.c(420):     Content-Type: application/json;charset=utf-8\r\n
Action.c(420):     Transfer-Encoding: chunked\r\n
Action.c(420):     Connection: keep-alive\r\n
Action.c(420):     Strict-Transport-Security: max-age=63072000; includeSubdomains;\r\n
Action.c(420):     access-control-allow-credentials: true\r\n
Action.c(420):     access-control-allow-origin:\r\n
Action.c(420):     expires: 0\r\n
Action.c(420):     Vary: Accept-Encoding,User-Agent\r\n
Action.c(420):     Content-Encoding: gzip\r\n
Action.c(420):     Cache-Control: no-store\r\n
Action.c(420):     X-XSS-Protection: 1; mode=block\r\n
Action.c(420):     X-Content-Type-Options: nosniff\r\n
Action.c(420):     Strict-Transport-Security: max-age=86400; includeSubDomains\r\n
Action.c(420):     Content-Security-Policy: frame-ancestors 'self' *.giantfood.com\r\n
Action.c(420):     CF-Cache-Status: DYNAMIC\r\n
Action.c(420):     Expect-CT: max-age=604800, report-uri="https://report-uri.cloudflare.com/cdn-cgi/beacon/ex
Action.c(420):     pect-ct"\r\n
Action.c(420):     Server: cloudflare\r\n
Action.c(420):     CF-RAY: 53acd2ffcf5256f1-IAD\r\n
Action.c(420):     \r\n
Action.c(420): t=64286ms: 351-byte ENCODED response body received for "https://stage.peapod.com/api/v3.0/user/cart?flags=true&image=true&sort=category+asc" (RelFrameId=1, Internal ID=40)
Action.c(420): t=64286ms: 684-byte DECODED response body for "https://stage.peapod.com/api/v3.0/user/cart?flags=true&image=true&sort=category+asc" (RelFrameId=1, Internal ID=40)
Action.c(420):     {"response":{"items":[],"removedItems":[],"subTotalPrice":0.0,"tax":0.0,"driverTip":0.0,"f
Action.c(420):     ees":{"deliveryFee":9.95,"electPmtDiscount":0.0,"promotionSavings":0.0,"giftCardDiscount":
Action.c(420):     0.0,"fuelSurcharge":0.05},"total":10.0,"savings":{"couponSavings":0.0,"coupons":[],"inStor
Action.c(420):     eCouponSavings":0.0,"inStoreCoupons":[],"weeklySavingsTotal":0.0,"weeklySavingsItems":[],"
Action.c(420):     buyMoreSaveMoreSavingsTotal":0.0,"buyMoreSaveMoreSavingsItems":[],"promotionSavingsTotal":
Action.c(420):     0.0,"promotionSavings":[],"pepDiscount":0.0,"delivDiscount":0.0,"hasPersonalCoupons":false
Action.c(420):     ,"totalSavingsAmt":0.0},"orderId":"d135967125","orderStatusCode":"WORKING","orderLocationC
Action.c(420):     onfirmed":true},"sessionId":"IIFRJAZ4OWS4UCWWM4JCF3Q"}
Action.c(420): web_custom_request("cart_2") was successful, 351 body bytes, 752 header bytes  	[MsgId: MMSG-26386]
Action.c(429): web_custom_request("slots_3") started  	[MsgId: MMSG-26355]
Action.c(429): t=65486ms: 752-byte response headers for "https://stage.peapod.com/api/v2.0/user/slots?delivAvail=true&headers=false&pupAvail=true&selected=true" (RelFrameId=1, Internal ID=41)
Action.c(429):     HTTP/1.1 200 OK\r\n
Action.c(429):     Date: Sun, 24 Nov 2019 16:40:22 GMT\r\n
Action.c(429):     Content-Type: application/json;charset=utf-8\r\n
Action.c(429):     Transfer-Encoding: chunked\r\n
Action.c(429):     Connection: keep-alive\r\n
Action.c(429):     Strict-Transport-Security: max-age=63072000; includeSubdomains;\r\n
Action.c(429):     access-control-allow-credentials: true\r\n
Action.c(429):     access-control-allow-origin:\r\n
Action.c(429):     expires: 0\r\n
Action.c(429):     Vary: Accept-Encoding,User-Agent\r\n
Action.c(429):     Content-Encoding: gzip\r\n
Action.c(429):     Cache-Control: no-store\r\n
Action.c(429):     X-XSS-Protection: 1; mode=block\r\n
Action.c(429):     X-Content-Type-Options: nosniff\r\n
Action.c(429):     Strict-Transport-Security: max-age=86400; includeSubDomains\r\n
Action.c(429):     Content-Security-Policy: frame-ancestors 'self' *.giantfood.com\r\n
Action.c(429):     CF-Cache-Status: DYNAMIC\r\n
Action.c(429):     Expect-CT: max-age=604800, report-uri="https://report-uri.cloudflare.com/cdn-cgi/beacon/ex
Action.c(429):     pect-ct"\r\n
Action.c(429):     Server: cloudflare\r\n
Action.c(429):     CF-RAY: 53acd3065b0df12a-IAD\r\n
Action.c(429):     \r\n
Action.c(429): t=65491ms: 132-byte ENCODED response body received for "https://stage.peapod.com/api/v2.0/user/slots?delivAvail=true&headers=false&pupAvail=true&selected=true" (RelFrameId=1, Internal ID=41)
Action.c(429): t=65491ms: 123-byte DECODED response body for "https://stage.peapod.com/api/v2.0/user/slots?delivAvail=true&headers=false&pupAvail=true&selected=true" (RelFrameId=1, Internal ID=41)
Action.c(429):     {"response":{"serviceType":"D","delivAvail":true,"pupAvail":true,"selectedSlotId":0},"sess
Action.c(429):     ionId":"IIFRJAZ4OWS4UCWWM4JCF3Q"}
Action.c(429): web_custom_request("slots_3") was successful, 132 body bytes, 752 header bytes  	[MsgId: MMSG-26386]
Action.c(438): web_custom_request("status_5") started  	[MsgId: MMSG-26355]
Action.c(438): t=66529ms: 770-byte response headers for "https://stage.peapod.com/api/v2.0/user/status" (RelFrameId=1, Internal ID=42)
Action.c(438):     HTTP/1.1 200 OK\r\n
Action.c(438):     Date: Sun, 24 Nov 2019 16:40:24 GMT\r\n
Action.c(438):     Content-Type: application/json;charset=utf-8\r\n
Action.c(438):     Transfer-Encoding: chunked\r\n
Action.c(438):     Connection: keep-alive\r\n
Action.c(438):     Strict-Transport-Security: max-age=63072000; includeSubdomains;\r\n
Action.c(438):     access-control-allow-credentials: true\r\n
Action.c(438):     access-control-allow-origin:\r\n
Action.c(438):     Pragma: no-cache\r\n
Action.c(438):     Cache-Control: no-store\r\n
Action.c(438):     Expires: 0\r\n
Action.c(438):     Vary: Accept-Encoding,User-Agent\r\n
Action.c(438):     Content-Encoding: gzip\r\n
Action.c(438):     X-XSS-Protection: 1; mode=block\r\n
Action.c(438):     X-Content-Type-Options: nosniff\r\n
Action.c(438):     Strict-Transport-Security: max-age=86400; includeSubDomains\r\n
Action.c(438):     Content-Security-Policy: frame-ancestors 'self' *.giantfood.com\r\n
Action.c(438):     CF-Cache-Status: DYNAMIC\r\n
Action.c(438):     Expect-CT: max-age=604800, report-uri="https://report-uri.cloudflare.com/cdn-cgi/beacon/ex
Action.c(438):     pect-ct"\r\n
Action.c(438):     Server: cloudflare\r\n
Action.c(438):     CF-RAY: 53acd30deb885769-IAD\r\n
Action.c(438):     \r\n
Action.c(438): t=66533ms: 120-byte ENCODED response body received for "https://stage.peapod.com/api/v2.0/user/status" (RelFrameId=1, Internal ID=42)
Action.c(438): t=66534ms: 105-byte DECODED response body for "https://stage.peapod.com/api/v2.0/user/status" (RelFrameId=1, Internal ID=42)
Action.c(438):     \n
Action.c(438):     \n
Action.c(438):     \n
Action.c(438):     \n
Action.c(438):             {"response":{"userStatus":"R","secureLogin":true},"sessionId":"IIFRJAZ4OWS4UCWWM4J
Action.c(438):     CF3Q"}\n
Action.c(438):         
Action.c(438): web_custom_request("status_5") was successful, 120 body bytes, 770 header bytes  	[MsgId: MMSG-26386]
Action.c(447): web_custom_request("profile_4") started  	[MsgId: MMSG-26355]
Action.c(447): t=67759ms: 770-byte response headers for "https://stage.peapod.com/api/v3.0/user/profile" (RelFrameId=1, Internal ID=43)
Action.c(447):     HTTP/1.1 200 OK\r\n
Action.c(447):     Date: Sun, 24 Nov 2019 16:40:25 GMT\r\n
Action.c(447):     Content-Type: application/json;charset=utf-8\r\n
Action.c(447):     Transfer-Encoding: chunked\r\n
Action.c(447):     Connection: keep-alive\r\n
Action.c(447):     Strict-Transport-Security: max-age=63072000; includeSubdomains;\r\n
Action.c(447):     access-control-allow-credentials: true\r\n
Action.c(447):     access-control-allow-origin:\r\n
Action.c(447):     Pragma: no-cache\r\n
Action.c(447):     Cache-Control: no-store\r\n
Action.c(447):     Expires: 0\r\n
Action.c(447):     Vary: Accept-Encoding,User-Agent\r\n
Action.c(447):     Content-Encoding: gzip\r\n
Action.c(447):     X-XSS-Protection: 1; mode=block\r\n
Action.c(447):     X-Content-Type-Options: nosniff\r\n
Action.c(447):     Strict-Transport-Security: max-age=86400; includeSubDomains\r\n
Action.c(447):     Content-Security-Policy: frame-ancestors 'self' *.giantfood.com\r\n
Action.c(447):     CF-Cache-Status: DYNAMIC\r\n
Action.c(447):     Expect-CT: max-age=604800, report-uri="https://report-uri.cloudflare.com/cdn-cgi/beacon/ex
Action.c(447):     pect-ct"\r\n
Action.c(447):     Server: cloudflare\r\n
Action.c(447):     CF-RAY: 53acd313ff7ec1a7-IAD\r\n
Action.c(447):     \r\n
Action.c(447): t=67765ms: 593-byte ENCODED response body received for "https://stage.peapod.com/api/v3.0/user/profile" (RelFrameId=1, Internal ID=43)
Action.c(447): t=67765ms: 1488-byte DECODED response body for "https://stage.peapod.com/api/v3.0/user/profile" (RelFrameId=1, Internal ID=43)
Action.c(447):     \n
Action.c(447):     \n
Action.c(447):     \n
Action.c(447):     \n
Action.c(447):             {"response":{"information":{"handle":"perftest22nov5201@test.com","email":"perftes
Action.c(447):     t22nov5201@test.com","buddyEmail":"","userId":91117310,"currentOrderId":135983265,"userGui
Action.c(447):     d":"4c9763bd-a101-480c-a45e-f39c7b5acb4a","userType":"C","attributes":{"Mrch2TargCd":"N","
Action.c(447):     Mktg5TargCd":"N","TimeOrdQy":"0","Prgm3SaleQy":"0.0","PrgmPup2OrdQy":"0","Prgm4OrdQy":"0",
Action.c(447):     "Prgm1SaleQy":"0.0","PrgmPup1OrdQy":"0","Mktg2TargCd":"N","Mktg4TargCd":"N","PupTimeOrdQy"
Action.c(447):     :"0","Mrch4TargCd":"N","Prgm3OrdQy":"0","mail_opt_spec_cd":"Y","Prgm4SaleQy":"0.0","Prgm2S
Action.c(447):     aleQy":"0.0","PrgmPup1SaleQy":"0.0","Mrch1TargCd":"N","mail_opt_news_cd":"Y","Mrch6TargCd"
Action.c(447):     :"N","Mktg1TargCd":"N","LastSvcDt":"1980-01-01","Prgm5OrdQy":"0","Mrch5TargCd":"N","Prgm2O
Action.c(447):     rdQy":"0","Prgm5SaleQy":"0.0","Prgm1OrdQy":"0","Mrch3TargCd":"N","PrgmPup2SaleQy":"0.0","M
Action.c(447):     ktg3TargCd":"N"}},"addresses":[{"addressId":"1","addressLine1":"7801 Main street","address
Action.c(447):     Line2":"","city":"Allston","state":"MA","zip":"02134","intersection":"","instructions":"",
Action.c(447):     "unattendedInstructions":"","name":{"firstName":"PerfKeithaabc","lastName":"TestAshbyabc",
Action.c(447):     "middleInitial":""},"phone":{"areaCode":"408","prefix":"717","suffix":"1001"},"alternatePh
Action.c(447):     one":{}},{"addressId":"2","addressLine1":"7801 Main street","addressLine2":"","city":"Alls
Action.c(447):     ton","state":"MA","zip":"02134","name":{"firstName":"PerfKeithaabc","lastName":"TestAshbya
Action.c(447):     bc","middleInitial":""},"phone":{"areaCode":"408","prefix":"716","suffix":"2501"}}],"addre
Action.c(447):     ssDefaults":{"deliveryAddressId":"1","billin
Action.c(447): t=67768ms: 447-byte ENCODED response body received for "https://stage.peapod.com/api/v3.0/user/profile" (RelFrameId=1, Internal ID=43)
Action.c(447): t=67769ms: 1642-byte DECODED response body for "https://stage.peapod.com/api/v3.0/user/profile" (RelFrameId=1, Internal ID=43)
Action.c(447):     gAddressId":"2"},"retailerCard":{"cardNumber":""},"opco":{"title":"Stop & Shop","name":"ST
Action.c(447):     SH","hasLoyaltyProgram":true},"refData":{"deliveryServiceLocation":{"serviceLocationId":26
Action.c(447):     425,"storeId":2,"priceZone":1,"zip":"02134","city":"Allston","maxPupRadius":100,"unattende
Action.c(447):     dDeliveryAllowed":false,"feeAmounts":{"standardFee":6.95,"standardQty":100.00,"level3Fee":
Action.c(447):     9.95,"level3Qty":60.00,"pickupFee":2.95,"pickupQty":60.00,"oneWayFee":0.00},"loyaltyCardAs
Action.c(447):     signmentAllowed":false,"loyaltyCardProgramTitle":"Stop & Shop Card","loyaltyCardNumberLeng
Action.c(447):     th":13,"numberOfOrdersAhead":5,"orderStatusEnabled":true,"hoursOffset":1,"showRegularPrice
Action.c(447):     ":true,"podBagAvailable":false,"oneWayAvailable":false,"serviceTypeSelectionForNewOrdersEn
Action.c(447):     abled":true,"topSpecialsEnabled":true,"loadedCouponsEnabled":true,"serviceType":"D","click
Action.c(447):     AndCollect":false},"fuelSurcharge":0.05,"availableServiceTypes":["D","P"],"customerDefault
Action.c(447):     DeliveryServiceLocation":{"serviceLocationId":26425,"storeId":2,"priceZone":1,"zip":"02134
Action.c(447):     ","city":"Allston","maxPupRadius":100,"unattendedDeliveryAllowed":false,"feeAmounts":{"sta
Action.c(447):     ndardFee":6.95,"standardQty":100.00,"level3Fee":9.95,"level3Qty":60.00,"pickupFee":2.95,"p
Action.c(447):     ickupQty":60.00,"oneWayFee":0.00},"loyaltyCardAssignmentAllowed":false,"loyaltyCardProgram
Action.c(447):     Title":"Stop & Shop Card","loyaltyCardNumberLength":13,"numberOfOrdersAhead":5,"orderStatu
Action.c(447):     sEnabled":true,"hoursOffset":1,"showRegularPrice":true,"podBagAvailable":false,"oneWayAvai
Action.c(447):     lable":false,"serviceTypeSelectionForNewOrdersEnabled":true,"topSpecialsEnabled":true,"loa
Action.c(447):     dedCouponsEnabled":true,"serviceType":"D","clickAndCollect":false}}},"sessionId":"IIFRJAZ4
Action.c(447):     OWS4UCWWM4JCF3Q"}\n
Action.c(447):         
Action.c(447): web_custom_request("profile_4") was successful, 1040 body bytes, 770 header bytes  	[MsgId: MMSG-26386]
Action.c(456): web_custom_request("suggestedProducts") started  	[MsgId: MMSG-26355]
Action.c(456): t=68890ms: 752-byte response headers for "https://stage.peapod.com/api/v3.0/user/suggestedProducts?filter=&howMany=12" (RelFrameId=1, Internal ID=44)
Action.c(456):     HTTP/1.1 200 OK\r\n
Action.c(456):     Date: Sun, 24 Nov 2019 16:40:26 GMT\r\n
Action.c(456):     Content-Type: application/json;charset=utf-8\r\n
Action.c(456):     Transfer-Encoding: chunked\r\n
Action.c(456):     Connection: keep-alive\r\n
Action.c(456):     Strict-Transport-Security: max-age=63072000; includeSubdomains;\r\n
Action.c(456):     access-control-allow-credentials: true\r\n
Action.c(456):     access-control-allow-origin:\r\n
Action.c(456):     expires: 0\r\n
Action.c(456):     Vary: Accept-Encoding,User-Agent\r\n
Action.c(456):     Content-Encoding: gzip\r\n
Action.c(456):     Cache-Control: no-store\r\n
Action.c(456):     X-XSS-Protection: 1; mode=block\r\n
Action.c(456):     X-Content-Type-Options: nosniff\r\n
Action.c(456):     Strict-Transport-Security: max-age=86400; includeSubDomains\r\n
Action.c(456):     Content-Security-Policy: frame-ancestors 'self' *.giantfood.com\r\n
Action.c(456):     CF-Cache-Status: DYNAMIC\r\n
Action.c(456):     Expect-CT: max-age=604800, report-uri="https://report-uri.cloudflare.com/cdn-cgi/beacon/ex
Action.c(456):     pect-ct"\r\n
Action.c(456):     Server: cloudflare\r\n
Action.c(456):     CF-RAY: 53acd31a8c49c1c0-IAD\r\n
Action.c(456):     \r\n
Action.c(456): t=68894ms: 121-byte ENCODED response body received for "https://stage.peapod.com/api/v3.0/user/suggestedProducts?filter=&howMany=12" (RelFrameId=1, Internal ID=44)
Action.c(456): t=68894ms: 96-byte DECODED response body for "https://stage.peapod.com/api/v3.0/user/suggestedProducts?filter=&howMany=12" (RelFrameId=1, Internal ID=44)
Action.c(456):     {"response":{"algorithm":"ORDER_GENIUS_SD","products":[]},"sessionId":"IIFRJAZ4OWS4UCWWM4J
Action.c(456):     CF3Q"}
Action.c(456): web_custom_request("suggestedProducts") was successful, 121 body bytes, 752 header bytes  	[MsgId: MMSG-26386]
Action.c(465): web_custom_request("init_2") started  	[MsgId: MMSG-26355]
Action.c(465): t=69900ms: 770-byte response headers for "https://stage.peapod.com/api/v2.0/user/init" (RelFrameId=1, Internal ID=45)
Action.c(465):     HTTP/1.1 200 OK\r\n
Action.c(465):     Date: Sun, 24 Nov 2019 16:40:27 GMT\r\n
Action.c(465):     Content-Type: application/json;charset=utf-8\r\n
Action.c(465):     Transfer-Encoding: chunked\r\n
Action.c(465):     Connection: keep-alive\r\n
Action.c(465):     Strict-Transport-Security: max-age=63072000; includeSubdomains;\r\n
Action.c(465):     access-control-allow-credentials: true\r\n
Action.c(465):     access-control-allow-origin:\r\n
Action.c(465):     Pragma: no-cache\r\n
Action.c(465):     Cache-Control: no-store\r\n
Action.c(465):     Expires: 0\r\n
Action.c(465):     Vary: Accept-Encoding,User-Agent\r\n
Action.c(465):     Content-Encoding: gzip\r\n
Action.c(465):     X-XSS-Protection: 1; mode=block\r\n
Action.c(465):     X-Content-Type-Options: nosniff\r\n
Action.c(465):     Strict-Transport-Security: max-age=86400; includeSubDomains\r\n
Action.c(465):     Content-Security-Policy: frame-ancestors 'self' *.giantfood.com\r\n
Action.c(465):     CF-Cache-Status: DYNAMIC\r\n
Action.c(465):     Expect-CT: max-age=604800, report-uri="https://report-uri.cloudflare.com/cdn-cgi/beacon/ex
Action.c(465):     pect-ct"\r\n
Action.c(465):     Server: cloudflare\r\n
Action.c(465):     CF-RAY: 53acd322feb1f122-IAD\r\n
Action.c(465):     \r\n
Action.c(465): t=69904ms: 202-byte ENCODED response body received for "https://stage.peapod.com/api/v2.0/user/init" (RelFrameId=1, Internal ID=45)
Action.c(465): t=69905ms: 258-byte DECODED response body for "https://stage.peapod.com/api/v2.0/user/init" (RelFrameId=1, Internal ID=45)
Action.c(465):     \n
Action.c(465):     \n
Action.c(465):     \n
Action.c(465):     \n
Action.c(465):             {"response":{"result":{"result":"SUCCESS","code":"USER_ACCOUNT_GET_SUCCESS"},"data
Action.c(465):     ":{"handle":"perftest22nov5201@test.com","email":"perftest22nov5201@test.com","buddyEmail"
Action.c(465):     :"","activeStep":"completed"}},"sessionId":"IIFRJAZ4OWS4UCWWM4JCF3Q"}\n
Action.c(465):         
Action.c(465): web_custom_request("init_2") was successful, 202 body bytes, 770 header bytes  	[MsgId: MMSG-26386]
Action.c(474): web_custom_request("cms_13") started  	[MsgId: MMSG-26355]
Action.c(474): t=74077ms: 752-byte response headers for "https://stage.peapod.com/api/v2.0/cms?regions=%7B%22notification_center_content%22:%7B%22limit%22:50%7D%7D" (RelFrameId=1, Internal ID=46)
Action.c(474):     HTTP/1.1 200 OK\r\n
Action.c(474):     Date: Sun, 24 Nov 2019 16:40:31 GMT\r\n
Action.c(474):     Content-Type: application/json;charset=utf-8\r\n
Action.c(474):     Transfer-Encoding: chunked\r\n
Action.c(474):     Connection: keep-alive\r\n
Action.c(474):     Strict-Transport-Security: max-age=63072000; includeSubdomains;\r\n
Action.c(474):     access-control-allow-credentials: true\r\n
Action.c(474):     access-control-allow-origin:\r\n
Action.c(474):     expires: 0\r\n
Action.c(474):     Vary: Accept-Encoding,User-Agent\r\n
Action.c(474):     Content-Encoding: gzip\r\n
Action.c(474):     Cache-Control: no-store\r\n
Action.c(474):     X-XSS-Protection: 1; mode=block\r\n
Action.c(474):     X-Content-Type-Options: nosniff\r\n
Action.c(474):     Strict-Transport-Security: max-age=86400; includeSubDomains\r\n
Action.c(474):     Content-Security-Policy: frame-ancestors 'self' *.giantfood.com\r\n
Action.c(474):     CF-Cache-Status: DYNAMIC\r\n
Action.c(474):     Expect-CT: max-age=604800, report-uri="https://report-uri.cloudflare.com/cdn-cgi/beacon/ex
Action.c(474):     pect-ct"\r\n
Action.c(474):     Server: cloudflare\r\n
Action.c(474):     CF-RAY: 53acd33c28c3f0c9-IAD\r\n
Action.c(474):     \r\n
Action.c(474): t=74080ms: 611-byte ENCODED response body received for "https://stage.peapod.com/api/v2.0/cms?regions=%7B%22notification_center_content%22:%7B%22limit%22:50%7D%7D" (RelFrameId=1, Internal ID=46)
Action.c(474): t=74081ms: 1275-byte DECODED response body for "https://stage.peapod.com/api/v2.0/cms?regions=%7B%22notification_center_content%22:%7B%22limit%22:50%7D%7D" (RelFrameId=1, Internal ID=46)
Action.c(474):     {"response":{"regionContents":[{"region":"notification_center_content","contents":[{"map":
Action.c(474):     {"Friendly Tracking Description":"Romaine Lettuce Advisory","moduleType":"Content: Notific
Action.c(474):     ation","SEO Excluded":"No","Customer Status":{"myArrayList":["New Customer","Existing Cust
Action.c(474):     omer"]},"Create Multipanel":{"myArrayList":["Left Panel","Right Panel"]},"Test script fiel
Action.c(474):     d (migration)":"CS-92193","Site_Location":"notification_center_content","Customer Type":{"
Action.c(474):     myArrayList":["Consumer","Merchant"]},"scheduledContentData":{"map":{"Notification Message
Action.c(474):     ":"Due to an advisory from federal health officials that romaine lettuce from the Salinas,
Action.c(474):      California, growing region may be linked to some cases of illness nationally, we have vol
Action.c(474):     untarily removed this product from our site. We apologize for any inconvenience. ","Notifi
Action.c(474):     cation Headline":"Romaine Lettuce Advisory","parts":{"myArrayList":[]},"Products Targeted"
Action.c(474):     :"No","id":"380605","Create Multipanel":{"myArrayList":["Left Panel","Right Panel"]},"Test
Action.c(474):      script field (migration)":"CS-92192","key":"CS-92192"}},"Scheduled_Priority":"1","Start D
Action.c(474):     ate":"2019-11-23","Content_Active":"Yes","End Date":"2019-11-30","Products Targeted":"No",
Action.c(474):     "Sent to QA":"2019-11-23T19:09:52.741-0600","id":"380606","StoreCodes":{"myArrayList":[]},
Action.c(474):     "key":"CS-92193
Action.c(474): t=74082ms: 62-byte ENCODED response body received for "https://stage.peapod.com/api/v2.0/cms?regions=%7B%22notification_center_content%22:%7B%22limit%22:50%7D%7D" (RelFrameId=1, Internal ID=46)
Action.c(474): t=74083ms: 62-byte DECODED response body for "https://stage.peapod.com/api/v2.0/cms?regions=%7B%22notification_center_content%22:%7B%22limit%22:50%7D%7D" (RelFrameId=1, Internal ID=46)
Action.c(474):     "}}]}],"resultCount":1},"sessionId":"IIFRJAZ4OWS4UCWWM4JCF3Q"}
Action.c(474): web_custom_request("cms_13") was successful, 673 body bytes, 752 header bytes  	[MsgId: MMSG-26386]
Action.c(483): web_custom_request("status_6") started  	[MsgId: MMSG-26355]
Action.c(483): t=75092ms: 752-byte response headers for "https://stage.peapod.com/api/v3.0/user/order/status?routeService=false" (RelFrameId=1, Internal ID=47)
Action.c(483):     HTTP/1.1 200 OK\r\n
Action.c(483):     Date: Sun, 24 Nov 2019 16:40:32 GMT\r\n
Action.c(483):     Content-Type: application/json;charset=utf-8\r\n
Action.c(483):     Transfer-Encoding: chunked\r\n
Action.c(483):     Connection: keep-alive\r\n
Action.c(483):     Strict-Transport-Security: max-age=63072000; includeSubdomains;\r\n
Action.c(483):     access-control-allow-credentials: true\r\n
Action.c(483):     access-control-allow-origin:\r\n
Action.c(483):     expires: 0\r\n
Action.c(483):     Vary: Accept-Encoding,User-Agent\r\n
Action.c(483):     Content-Encoding: gzip\r\n
Action.c(483):     Cache-Control: no-store\r\n
Action.c(483):     X-XSS-Protection: 1; mode=block\r\n
Action.c(483):     X-Content-Type-Options: nosniff\r\n
Action.c(483):     Strict-Transport-Security: max-age=86400; includeSubDomains\r\n
Action.c(483):     Content-Security-Policy: frame-ancestors 'self' *.giantfood.com\r\n
Action.c(483):     CF-Cache-Status: DYNAMIC\r\n
Action.c(483):     Expect-CT: max-age=604800, report-uri="https://report-uri.cloudflare.com/cdn-cgi/beacon/ex
Action.c(483):     pect-ct"\r\n
Action.c(483):     Server: cloudflare\r\n
Action.c(483):     CF-RAY: 53acd3436a86ea9a-IAD\r\n
Action.c(483):     \r\n
Action.c(483): t=75097ms: 219-byte ENCODED response body received for "https://stage.peapod.com/api/v3.0/user/order/status?routeService=false" (RelFrameId=1, Internal ID=47)
Action.c(483): t=75097ms: 297-byte DECODED response body for "https://stage.peapod.com/api/v3.0/user/order/status?routeService=false" (RelFrameId=1, Internal ID=47)
Action.c(483):     {"response":{"currentOrder":{"status":"WORKING","unattended":false,"eta":false,"isRedelive
Action.c(483):     ry":false,"orderId":"d135967125"},"pendingOrder":[],"orderId":"d135967125","store":{"id":2
Action.c(483):     ,"priceZone":1,"pickupMinOrder":0.0,"deliveryMinOrder":60.0,"isPickup":false}},"sessionId"
Action.c(483):     :"IIFRJAZ4OWS4UCWWM4JCF3Q"}
Action.c(483): web_custom_request("status_6") was successful, 219 body bytes, 752 header bytes  	[MsgId: MMSG-26386]
Action.c(492): web_custom_request("products") started  	[MsgId: MMSG-26355]
Action.c(492): t=76247ms: 752-byte response headers for "https://stage.peapod.com/api/v3.0/auctioned/products?productIds=&type=home" (RelFrameId=1, Internal ID=48)
Action.c(492):     HTTP/1.1 200 OK\r\n
Action.c(492):     Date: Sun, 24 Nov 2019 16:40:33 GMT\r\n
Action.c(492):     Content-Type: application/json;charset=utf-8\r\n
Action.c(492):     Transfer-Encoding: chunked\r\n
Action.c(492):     Connection: keep-alive\r\n
Action.c(492):     Strict-Transport-Security: max-age=63072000; includeSubdomains;\r\n
Action.c(492):     access-control-allow-credentials: true\r\n
Action.c(492):     access-control-allow-origin:\r\n
Action.c(492):     expires: 0\r\n
Action.c(492):     Vary: Accept-Encoding,User-Agent\r\n
Action.c(492):     Content-Encoding: gzip\r\n
Action.c(492):     Cache-Control: no-store\r\n
Action.c(492):     X-XSS-Protection: 1; mode=block\r\n
Action.c(492):     X-Content-Type-Options: nosniff\r\n
Action.c(492):     Strict-Transport-Security: max-age=86400; includeSubDomains\r\n
Action.c(492):     Content-Security-Policy: frame-ancestors 'self' *.giantfood.com\r\n
Action.c(492):     CF-Cache-Status: DYNAMIC\r\n
Action.c(492):     Expect-CT: max-age=604800, report-uri="https://report-uri.cloudflare.com/cdn-cgi/beacon/ex
Action.c(492):     pect-ct"\r\n
Action.c(492):     Server: cloudflare\r\n
Action.c(492):     CF-RAY: 53acd3496c37f0dd-IAD\r\n
Action.c(492):     \r\n
Action.c(492): t=76250ms: 610-byte ENCODED response body received for "https://stage.peapod.com/api/v3.0/auctioned/products?productIds=&type=home" (RelFrameId=1, Internal ID=48)
Action.c(492): t=76251ms: 707-byte DECODED response body for "https://stage.peapod.com/api/v3.0/auctioned/products?productIds=&type=home" (RelFrameId=1, Internal ID=48)
Action.c(492):     {"response":{"pageBeacon":"//b-uat.hlserve.com/beacon?fid=101&hl_qs_cmp=dgCmqdzi6hoflPoApp
Action.c(492):     OeB30gfrk5afy4GAteXkkmEg2HDTnR8wMMsstVVjWt80AMnfeKlBDz8yccTzqTDWL018XV4Ng1PoONXip8ggMqTeoc
Action.c(492):     ZfIA7h1QlncAavrV82Zf4Giv925m6VTsH4vRdnJsS2gCXYGc2n0b%2fS%2b1MSc1Slgz8n0VbfeoK81Oo%2buxLW1a
Action.c(492):     KWtkH8nchULe6pw2zIn6RxZgFpJ1edoE8w5WVPLxjNA98%2f%2bbsh9uXAIUcVWSE6cZX%2fR1azcmOclaZsD8nDbC
Action.c(492):     JDM1uZkCNEQLqUXb6AXBUYcDBQLFCKr9ynCYCrOqZsLPVTTC3cAkUSRS8Q65dJEwp3K%2b7DeaodKx%2bBu4gTF1%2
Action.c(492):     fDG%2fvj9VjjN9c4Z7lIAI0KBOmY8b80ivfkC1fYvomHQqOo2gP6OmHKZzKjg00jKp2XfiuURMTBld%2bqXQiOhoRL
Action.c(492):     sc1zLBZay7KuDpvDZBbwRVv67K65B0tWGees%2bW924M9%2f3EywFB9JHNyH8eabLZVxQ3g11n4iCblb%2bmfB1r%2
Action.c(492):     b51J%2bJZRNmcFSgus7LlP74cp6MmR%2fG94QUVFZMXm%2b02X5WGwntHEp%2fwsXw2eHg80QGUqh
Action.c(492): t=76252ms: 5476-byte ENCODED response body received for "https://stage.peapod.com/api/v3.0/auctioned/products?productIds=&type=home" (RelFrameId=1, Internal ID=48)
Action.c(492): t=76252ms: 7627-byte DECODED response body for "https://stage.peapod.com/api/v3.0/auctioned/products?productIds=&type=home" (RelFrameId=1, Internal ID=48)
Action.c(492):     ezFhwvLoyErJ9MLzfUriy1u4%2bHns%2bke1WAbVN8dg8My6daHs1y7goxAtMMfDQzF%2brJMRt0KLQONwmRXg1f%2
Action.c(492):     beBTBhduVhoBb%2f5UPq97WZDBnvEFW4HgREyVc9m8gpfm8bGsYKHdUKGHm6DCtMiBwYvdoc6LmzaEhw6Ii%2b01on
Action.c(492):     dQtQwpLUYSnyz0wsQ1Qas10eAmIz8UThpi9P7OtwPrZdw60%2bRqiioGDSAAFYH8vFZm8uVeIKFKCnBEyNUYrh%2fk
Action.c(492):     gVsUMDp0hzef%2bguPQ%2bCfWgrzF%2bEvPrC%2fBl2Da1PnAWc7ZHCnwQa%2bTElpADX2RGln9yq%2f6mC4n71ZDs
Action.c(492):     Y5KeR6iD6DNcdC6c5XRUEBut5M9yhzDnxeXjJH3EVjmZ05BmwU%2f%2f2%2bdPtuSF1xFKJ4zOzoXU0%2bsnymXw3Y
Action.c(492):     jYwy91XZEYKjl6bk6E5mbTTouey%2bpiOw1mjVXtffsbEPrS%2bKe5mDZrDNgH1k0kaNvs0C7KJacBEmdxdrtySc4I
Action.c(492):     Ckw38PYz5sqwZB7Xct12sfkfPD2ykc4tJGrf%2bkIlv40S0TqXoWIpjpOulyig%2be6HNJ%2fEtq%2fd73Lpmg%2bm
Action.c(492):     7oJ%2fTVnhd%2fUCFu5Aoqm9ojMDbmFP5RY98m3DDVtlgeR8btq8Td83vNyVHFzd9CgcYrp7r%2bVZ9g0U7W8iop4W
Action.c(492):     nqjYsoeKX9RhwsJb%2b%2ffinluST2RsmTL%2bunGVbbaRXIB66z0aCmG5EMBClWqVd3IP10jxUkKSNimthbTuz8Co
Action.c(492):     diK1nYBV%2fZW9eqkVK2BBHHsea%2fIGG8qPWGNTjl4RHYQgZDu8bggRiBFcnyVQd3nh7EOJUf0F1CFBxZo%2boqTV
Action.c(492):     SmkBFMKZKeCpgJ1msBBJwl9I11KWNVLrD%2fKsX55oV5fEHGHvSLT2bnCBXVksjriuTAZFn5J1Tt%2bhc5fwJjK3P8
Action.c(492):     NhWXRHiLnur0CvRYTfQX4Bwv4yvwgNg7ZX8qH9R4cy3kpPJUYVnfC3szWPM9DthyfNMge5S95pXJlWOEDwYHX8eZq4
Action.c(492):     wW3vYcjH2GdlVvu20KETP7MX6mfZzsGSTOyX7CD8%2bDbH2rUTxb1OhjDcjx98pflRawoRUXYP5iPPjS%2ffbTz1%2
Action.c(492):     bgsW1uUKw69nrHx3zX%2bEP2JxqcbXnTats43oEA3%2bRavhBAYqKCi%2bhSRZpQq2%2faNwT6q3y7VwpxL%2fBgOo
Action.c(492):     khAmqA78Z46Q77AiE4qMI%2bcpb%2bA%2fOzcnljt%2f4%2bx7z3p%2fMY8PyUZMqGrG13JIvYhDp6oM32Q0q9QPsk
Action.c(492):     IrvkiQe%2fDD6JD2buQBxOvW7GR6oBzl%2bF0W16V3oThq5EO3hYV1sX0wU3%2fIgOtPzVVJQXuLESqFPKcXMZc7rW
Action.c(492):     RuefBjjeqSQTEqiqUzvE6KFeyH0lec%2fAFB2yRaEX0oeCtq%2f5zGV1rI9NJBmQ79WJSrZrIwbWdeihNAAwiXGS0%
Action.c(492):     2fiiDlq43ORsw%2fJ%2baxsJQ8UBT%2f8kpFY%2bcKg73fRJOFT5KJTyGmfcSCLfXNDXINYXBTk1eoA68kiKU6TgIA
Action.c(492):     DJg%2fE%2br4K0wZaNCvoTqCmyx37PyiEsyAPmRX4HnrnDjy7DBeSPAGt0xORdN29%2fc7VA%2fo0nxZCDkbrV1%2b
Action.c(492):     dGDmzh7vkh6nHJAwuxkXXRYh4q6aYFxxOQWutjKEooFNAATE3psqU9VHadxstCf5Ws%2bEcdT%2fqmDLoEyWx5I2G3
Action.c(492):     VfwfTWzk3CblSoCUezclBTPrsOrqUCaken%2f6BHqRn9HeI4n%2bTWmh7US49BfB%2bb%2bky3dcFK1qSsO1L%2fjB
Action.c(492):     Ai7NmqEWrKQR8jgmEWF9U%2bF5WuA66dt2wIatbjAc4Abrnhq%2fPGz%2fYVXIETsJa15aj%2fm%2fqiirhm7xOVq5
Action.c(492):     cEMQzylWwOaDQt27X5AOQ3HGA6JYQl8hP5o%2fQGzNyW5MgJt5M27OyBLv9b1mkCtZpLIX3lVsGjD%2bjbBcvV81rl
Action.c(492):     fxD%2ba58%2fhWDrHw0Ci8JhNbCsMLJPJbuD1IJyaTDkrHwIVpwgBwFSy6L8hHCaOVYWioBoEsFG0NvG0j4WdgwtE2
Action.c(492):     SyM%2b2a2r%2boZEGYixFf0vM0JFWoB2AYdaLouHr4kxzzx090z%2fGFm4tQEhIlT3iiqrYfX6hDRGfXmdzbg9swYo
Action.c(492):     u4RUvVwAl3NFeKbhAqMs27fQftSFqS%2bKkFTW6dOOp6bSTQoCJObC9lrTJuX%2f7oIJr%2bGzS%2bxkR7w%2fj69H
Action.c(492):     xymitm0DOx0oRk%2bw%2bsyyxBje8MIt7SmQrKjBcUVla%2fgdo5Q73DXMsH7YSXExEuePNqslgsTA4ggWrKYYY86t
Action.c(492):     IhxpJ%2bvmLL21BTX%2fWyvbQSgaKVISwQHHv2kugZW8e1XxFa1sxyjSJ%2bZrqSbiWilW5jzwl264cgzlpYaqC7Qj
Action.c(492):     QIo4pYxaZngTQ%2fIeX8%2byqnXZbYP2IocOE6pxEGfKm1AQL1skA26o3jcqkTWh9I00MeWrE3%2bd5mt%2f%2fsBb
Action.c(492):     EsYdbjO0oWdHYgaWqefWYcfCnxk5n8I842dR1Sr97bmG7It9iSjU%2f8GalTGn8kyVYlaDPwKbTaLVmiH8w%2f0qgC
Action.c(492):     uQ7zG3Cb%2fVDSYk9ouGz5e0B1MPjQbi0RawIwPXowHdrDAk4kRUMMHKvbO65wbHSXHPs%2b6ckt1NBJL5643kMntE
Action.c(492):     1VG59k7UZ%2bLtuZgsRgPyC4ih1ZK6d8N%2f9G1giK7nzEhv8bmicTJnz0rRdJF5nj5HVL3qAb5SR0lgfI8fjkEosc
Action.c(492):     Y9tTE1lRSSc%2fMGO2kp5qYDLiAq6SYJe%2fB2HoJ10axzkV3TGvlwGz1q%2blM1ytuZygXHrayGhGn%2bZSrSFtUf
Action.c(492):     jIW4hWQgkKXbnpjZlyNd8Ljoj2rzVto%2fnyiotPhys6S8xjVoofUBlMnOhiJEFoD%2bnaCMixDxYtq5sEy2uoTpjD
Action.c(492):     UXAUDAck%2bub3Rxybs6OyGLDZ8bOZY0Peo0d8UzBZMWreVuI6%2fz9xEbBPd4%2fcCThZ9Kwmj2PXqsUklTQDXnZj
Action.c(492):     2cTzSHUmJAztqnYZAsiiSBrwYEeE6EkKYrbft%2fVeEqtuv2EHr%2b%2fu8aJ%2bQsi9O9JG%2b3oijMZ8cEUtDNQx
Action.c(492):     tZjFDcwMTn7npORCUiMZE8pW6FuT%2fI4fyhGYOS81KWrA21iaMWprAkt2z5OGgrkOCRshYHtDqJ7EfrqYTBqDoG5P
Action.c(492):     HRNpuXPY%2ferLxykOQZTKS%2fSI5G6pVZcdocOjLdo2L1tM7eJF%2f8psGjA3C38nyceOt%2fcFAiDdd0M%2bDhGO
Action.c(492):     vyQpTZKTaYZOwwdMSztJEiCgmp38i2O008z4veKhOslRy8eLFlN%2fzlRVJgCp0SaCeVav9L%2fjJPATIi7fH0rq79
Action.c(492):     %2bL8JZF9PXYhHyuJofdOxzba3TFuR77wILFpP4%2fIUZ7OtqWkdSYhumZv3g%2bYEvDarcC8kiX3W8%2fw8jNepdi
Action.c(492):     LQpR%2frOtTDJOaHaaLatHbuvrsh0CaiLCqk8JvdpW31uMMhe83ID%2ftvDrke1WrjADrK2VJWWuku0SaZW%2fB5vM
Action.c(492):     ytuADE%2fSkdSZtAeMpEYLhK3g8LvUCzkWcnfW3MpBVYy3a83BQs0iTUwXi6I02m%2bQCRDm0p%2boTyn6Ux15Ju59
Action.c(492):     D4aZAH9qog%2bqgt2KP75jVGKh9gwnt59ZiaurhYKKK%2faAuzxMtEYifEOqWaO3B%2b1mp0CG4Jxb7om4ChqW3Czi
Action.c(492):     ekguR791CT%2b%2bdxX%2fSBCWaFFRyGnqgswTH0AdTq7bqo9ABfSuZBXuASv4Fj4tgs98aeEvYKg2CnMltF17zyOg
Action.c(492):     iznkpcJ9Ybr%2bkQI0wYMhyAO9iI2jrS8LWXNuyZSHIWxSiXGZ2zCoDO9FBv9PNWwaT7HEVSMiYO5IUsqAmctgtOYb
Action.c(492):     7yjZYM2pXWaW8lzbJiRDMdtmpa8R8pPWNEScbXqJqjkYC1SXlEGrkbAjlzxAnKssmJYUgu6azEEMoIaNo67X5UYquQ
Action.c(492):     xnIMHZw28vQngpC9a5xFeV%2fuMtULzBGUDVMy6G8dsdbm0c%2bR4UgLOkd5%2fuw7Z63x5w0oPG0xlCeuy4i22LFf
Action.c(492):     ba8m56zcm1K3b%2fJvr6ZxLb9jUYTdDq7ukOBBEkdpqyTp7gNRcOq7XzT4WLBhtvvvq1SsaCWy4F2eWavqMABV0jEj
Action.c(492):     %2f8DWLgkJKO8XNzzZODFezG5%2bLArbCnefcwZho23ouzVrphYC83Drr%2f7fumGabX%2bA8cDhtZL60JtzuHTkHh
Action.c(492):     sGlHMDtKZ8qL90794zC4lEv%2bB4wLHnREPQPpTxa4l4MHkv0GxzVPmBDzIwe8nCKgOu4%2bqhUvwoNuBimYaGU5Rs
Action.c(492):     iFLZ7J7Qhlnxvt4E%2b85o8BI3eG%2bTLfpAv9dnP%2bNFcPpmO5wVjBolZgJuyOsHxyGqk5JKD93%2bVPUF7HwyxX
Action.c(492):     G8IvVNb1gbUXx1RjVswta8bknMkmxRok8wzMvjMFi7H%2bTo0%2fNg%2bLOi9mvIaEm8aG2KjWP1jo%2fgxD4s%2bM
Action.c(492):     h%2fqJ8V%2b%2bqTeqL8uVW3KPGC%2bbJcaY4zyHpXlBAkdwLXlIwrNjJ1vrb4tKJnFEkLMt%2bcVSPG%2bPhWn%2f
Action.c(492):     ChiLA16DpUynRPGUQGpOEs0K93%2fGATYyXCYuN2UcNL7tKsnXZuEFcyvNfCxCBhPZcFmIj9TSRruOBwa%2f1KCbCr
Action.c(492):     tYj5hoEI1NmtM%2bqlyE2hEBkQgDf083Y1N7KBTaH%2bBq0tzlj2agS%2faC1OEpSQNA1jXCzEWMLvS7FTEq1NR2b%
Action.c(492):     2b%2bSHsn2I3AlW1%2fyF%2bCxlxvneHpkwFTbj4FLnUGJMIcPia5tbCs7przqXtN%2btT889CoRs80jtjmXXFRTgy
Action.c(492):     IeS3t4yF7F0Bva6yJyk5TpUcb3jc4yoh6b8sRnVbfSaT5PXRTLMgNWOG2y99uq%2fFYZvhC%2fkaxu5Km8T1opdEln
Action.c(492):     XM5EOnboGBROts5C6vvTnBvCRl7kYqLbO1zvwoY3QcNX0tVOXqNfhGK0CQlE7cMpcgr1%2b8lg72qek8cdU%2bTN9e
Action.c(492):     Lajh%2b3zLjkszm42WS%2f7W8jYYZHKvIRBHKXGopx66iTws%2buC9e3FN7ActK29rbE9wXv8nPG2wgG6g8EWl7fbO
Action.c(492):     %2fi5qfhT6QmxLFwElP8gNB2a9cs6zrO5dBX%2fjFtnojAU28vbnH1pJceVWMFMy8PWGZ5oG8KvNuWwHnIlUW8sw57
Action.c(492):     lQXMyzxUzkvoN9G1V7BqQ1l07Gwgazjghd6sKrx5XSRFw8QfAtDHLK9YJac%2b243rmsfCIGDploOgqKY3pqv7G3yQ
Action.c(492):     H67h95x2%2fbsF%2b%2b0yFLjWkvD87hpCMQ%2fxraJG6gCLOeW4kf8yVaubSzFdLvaHKIKBAULCfqD9SV219KSm8Z
Action.c(492):     K6k3GqB%2bM8Ai%2bcnpjbGRXpCh1YuMhFFRP41rkI1HxYpSlivqxJWGwv%2bcK2ixHj6hzlQe4%2f99%2bs50iGC8
Action.c(492):     %3d&ev=2&action=universal&pid=c7339c25-9ec9-4f4c-aa0c-40ae6fea7275&rn=2094333209&hmguid=f3
Action.c(492):     71b40f-ecc8-48fa-97fa-aba77a43f0f4&ashown=125094,146114,1665","hooklogicProductIds":"12509
Action.c(492):     4,146114,1665","hasNutrition":false,"products":[{"hooklogicClickBeacon":"//b-uat.hlserve.c
Action.c(492):     om/beacon?fid=101&hl_qs=dNXhILmRLIw4p5qiCl79angCArg9wsi98tL4paLyi6kT6sVmvk8yZei3Y8QVpNM56h
Action.c(492):     Ok8Wu7U6Ea5TifdZLY7OwwB%2bJblebeT%2fngSvNmZOsZeTFOVmfQIdNLqnSioTq0SDN1czNXtqqqKTGuMHpZIJnk
Action.c(492):     Kme1xjmwyWLyB5E7uBrUXCJ8Kd7h%2bEqKQkhSKE2Y3Ld1PnCmZzGmYex3GvbZAYdCNUO%2b%2bRAr1pyMjhuiBnw6
Action.c(492):     OWtC2%2b3YBoreCb%2fUrXD0tc2QKaO5UwlBTRXOYGmcU2d0xbC3tohiI%2bZIgz7NlUhlhju%2bfBnMZkHpwkRexT
Action.c(492):     cqyLpihS1VJGm6J%2bNDgsUQv0oug9hDwLL%2bCGaJZcZXhVINpZdlGXSlCKYUVFyw7Afxmaklb80GBe9csQdBGUuD
Action.c(492):     edjw%2faI6Udx4nbvY0ldy3rYzvjo97bvq1lNd5Uq6B175SY8dqyYrZvEWG7sGp0eN%2b9cLliMkCAdcFBbxkL1%2b
Action.c(492):     bTt4RpnYHvqBqPBIzPAV1tR7EWP2LjTOlqkcuhaffU1kDGpSpOG3O8dBCfM9xBAg7lnyoRHwycD%2bI29FiXZznEx2
Action.c(492):     pWp7mOIR%2f0Jho%2fes6XE5jt80PnHTgAXCX9jbvh8Ge1sY2QbnifDZ%2bEK%2fjkDIghCobeYPfq1Ic%2fDUR%2b
Action.c(492):     Bgbx7Wl9h%2fx%2f3yXQuMvnsPuF%2f4Mc423SQekQsi%2bP2eSnqJrRONCvpYdZ2LtnL%2b%2bvgsfSj%2bRUybIi
Action.c(492):     7jlOqNER2ANdEo08JpSI4de1LRqpYUjEGaD%2fp3XmD%2fySEbAm15xEI9f6H82PKLbGD0Owg7mWoIyW8iQ8xUSdFz
Action.c(492):     a4rnAq%2fq0n9cGurpIrbLtUebBwKGjcEfdTn3QydBPy%2bD5bQ%2fMjoGmUGPHxwQZw5A26D%2f%2bKe3s6BzLEsn
Action.c(492):     jPxhEyatuq9wRPDgW5kgEVwhtCZMivMNTAfv9makRDFKBLzHKoZBJTvfyJaUnAAycnRdQEF6zRc19yIOGLZKz75TlL
Action.c(492):     2y2pRO2T4lCFsuIfYEthZhSu8IKZsZmlItFziESQ1zVOEyAmzXQmcxnprqmcEXPdJC3i8qUS58HxK4CpFCiaoNHkIB
Action.c(492):     2G5Mw3oXtjACp9TcDmm3WV4%2ffMon0vbSwcd%2be6xwxG7ClIr9zI3RzYtdc7tN7ntR1nayfTZLjUtndUw7Gi3UVO
Action.c(492):     pSPsk0gqlvR51lD4sPV9HO2AeBfiRabd0%3d&ev=2&action=click&impressionpid=c7339c25-9ec9-4f4c-aa
Action.c(492):     0c-40ae6fea7275%3a1&rn=1870051088&hmguid=f371b40f-ecc8-48fa-97fa-aba77a43f0f4","prodId":12
Action.c(492):     5094,"name":"Nabisco Ritz Cracker Sandwiches With Peanut Butter - 8 ct","size":"11 OZ PKG"
Action.c(492):     ,"unitPrice":0.34,"unitMeasure":"OZ","price":3.69,"regularPrice":3.69,"rootCatId":2332,"ro
Action.c(492):     otCatSeq":14,"rootCatName":"Snacks & Candy","upc":"4400088210","has
Action.c(492): t=76292ms: 1369-byte ENCODED response body received for "https://stage.peapod.com/api/v3.0/auctioned/products?productIds=&type=home" (RelFrameId=1, Internal ID=48)
Action.c(492): t=76293ms: 2371-byte DECODED response body for "https://stage.peapod.com/api/v3.0/auctioned/products?productIds=&type=home" (RelFrameId=1, Internal ID=48)
Action.c(492):     Substitute":true,"substituteId":46957,"rating":0.0,"ratingReviewsSuppressed":false,"market
Action.c(492):     SpecificReviews":false,"reviewId":"125094-PPDALL","brandId":3899,"brand":"Nabisco Ritz","s
Action.c(492):     ubcatId":4285,"subcatName":"Multi-Pack Crackers","flags":{"sample":false,"suppressed":fals
Action.c(492):     e,"active":true,"outOfStock":false,"specialCode":" ","upromise":false,"newArrival":false,"
Action.c(492):     privateLabel":false,"preferredItem":false,"bogo":false,"sale":false,"lowPriceEveryday":fal
Action.c(492):     se,"organic":false,"dairy":false,"egg":false,"gluten":false,"kosher":true,"peanut":false,"
Action.c(492):     nonGMO":false,"vegan":false,"vegeterian":false,"lactoseFree":false,"antibioticFree":false,
Action.c(492):     "wheatFree":false,"hormoneFree":false,"nitrateFree":false,"nitriteFree":false,"natural":fa
Action.c(492):     lse},"image":{"small":"https://i5.peapod.com/c/79/79U7M.jpg","medium":"https://i5.peapod.c
Action.c(492):     om/c/Q1/Q1DOD.jpg","large":"https://i5.peapod.com/c/5N/5NI5T.jpg","xlarge":"https://i5.pea
Action.c(492):     pod.com/c/2M/2MQJ0.jpg"},"bmsm":false,"bmsmTiers":[],"guidingStars":0,"options":[],"suppre
Action.c(492):     ssSwapAndSave":false,"productCategoryId":4286,"hasPriceAdjustment":false,"hasPickStoreLoca
Action.c(492):     tion":false,"hasCoupon":false},{"hooklogicClickBeacon":"//b-uat.hlserve.com/beacon?fid=101
Action.c(492):     &hl_qs=dNXhILmRLIw4p5qiCl79angCArg9wsi98tL4paLyi6mQrB7M1i4WqSPR7Q3U7PB4%2bFFbf300RhHzVohxk
Action.c(492):     sLkjSE%2foA0obzexaSTFt4wSwrIkh%2bJl6ysio4F%2bfYQIUlKwYxvlMQAonsNSjbm3lbPUltNmwCM0DQuD%2fqJ
Action.c(492):     xOytuLShoCU%2fkHdieHx1Ux2TDEf4Zky466vXqKih%2bP2tO047ish18bS4l5CucLSgHcsbYy3gVV1rLhCCABbL1i
Action.c(492):     TZio0di0ldZ8UVLtJj6Bh8fMLukBxOfgRn55YVR2bwTgUysBxUACKlTxwNqullLMnyUQ6ZOV6pD3TyuWVJImNmuQN7
Action.c(492):     B1JcxAKtdZ8j887U8kyBRjK41czWGOG%2f1UehCW4uqERMf%2b%2b6uuLPlxDuA8O6%2fnLb%2bw6OEm7Pio2ENkGx
Action.c(492):     xCJ4c2ki7PRrHafhhPVbcEEucDijyszfEdLqmWLNgZBtSjy7iGavchvYnBndp%2f3Gzn42uN0d54ccS1Do1%2flj0A
Action.c(492):     Uyg8Ehp177LCUGjfHMpbzRpIOcnKqHyJEF%2bfIJup%2faaTTFvdlgvAQGngYKyU3hsuOpgejLKd9x5V%2bmMQXinj
Action.c(492):     IB6g2TW2KUOP56Nmk3AxSqGg5JpjP5g%2bkdrfTd2Co6y9DNARmQIovMgE9TkXpxWu%2fmEvTGF8sN9TUd%2b%2b6z
Action.c(492):     rhzyL8XaQiv2Fx6zeLAu4uusyMivs%2fpSbinjBJxHuJPRF463hLmdT5QFMDJ1HtwimrAILV5BUpl%2bcwK5NMskkl
Action.c(492):     3QB4JnOX81daOmyUWofH7srZfdfn3AeQIkcKDOzI8qmr%2fDSI1%2bD2ILjYxX6vCrS9TbMeFMJt%2fC%2f%2b%2fW
Action.c(492):     6JtfR1dqOXbr8YYz2ZX1NVBJDzU2CQzKpnKLAQU%2bqreylFLmHeVsTcmv3vts0t3eyIbmR84wK%2bRtfsfcDshWU6
Action.c(492):     kWQaRaA1bA0l2nl4RiRbuiPbtkFxnKUbDp%2bse9eWMH7taNn19C4PGCFGEEkpBIcOIeQw8uTcFuufi6Bvba6eqEa0
Action.c(492):     jetym978MuG2dmXtTZ8lxFN7nSH1EqgKVwpqSNV4HprgsRIDxCrITB5mhGbTFqmPPZhzYp26NE%2b4r9J8XD297rB9
Action.c(492):     a3aGF0uBb7wonq6DzC%2fh9KWtzcg76
Action.c(492): t=76297ms: 1483-byte ENCODED response body received for "https://stage.peapod.com/api/v3.0/auctioned/products?productIds=&type=home" (RelFrameId=1, Internal ID=48)
Action.c(492): t=76297ms: 4523-byte DECODED response body for "https://stage.peapod.com/api/v3.0/auctioned/products?productIds=&type=home" (RelFrameId=1, Internal ID=48)
Action.c(492):     PKsjEudxBRt2446EfjVKtAcqZVkJeKkVHTIGQDwYaay22TNgEty%2bDRkK0CdhuSnJJ6IMQLlM8fFYEk9EfpgUsz%2
Action.c(492):     fiMb33T2hP%2fTKv3fM6qfQcRXEA%3d%3d&ev=2&action=click&impressionpid=c7339c25-9ec9-4f4c-aa0c
Action.c(492):     -40ae6fea7275%3a5&rn=4779991&hmguid=f371b40f-ecc8-48fa-97fa-aba77a43f0f4","prodId":146114,
Action.c(492):     "name":"Clorox 2 Stain Remover & Color Booster Liquid Free & Clear","size":"33 OZ BTL","un
Action.c(492):     itPrice":0.21,"unitMeasure":"OZ","price":6.99,"regularPrice":6.99,"rootCatId":1483,"rootCa
Action.c(492):     tSeq":18,"rootCatName":"Laundry, Paper & Cleaning","upc":"4460030046","hasSubstitute":true
Action.c(492):     ,"substituteId":50428,"rating":0.0,"ratingReviewsSuppressed":false,"marketSpecificReviews"
Action.c(492):     :false,"reviewId":"146114-PPDALL","brandId":209,"brand":"Clorox","subcatId":3494,"subcatNa
Action.c(492):     me":"Color Safe Bleach","flags":{"sample":false,"suppressed":false,"active":true,"outOfSto
Action.c(492):     ck":false,"specialCode":" ","upromise":false,"newArrival":false,"privateLabel":false,"pref
Action.c(492):     erredItem":false,"bogo":false,"sale":false,"lowPriceEveryday":false,"organic":false,"dairy
Action.c(492):     ":false,"egg":false,"gluten":false,"kosher":false,"peanut":false,"nonGMO":false,"vegan":fa
Action.c(492):     lse,"vegeterian":false,"lactoseFree":false,"antibioticFree":false,"wheatFree":false,"hormo
Action.c(492):     neFree":false,"nitrateFree":false,"nitriteFree":false,"natural":false},"image":{"small":"h
Action.c(492):     ttps://i5.peapod.com/c/ED/ED51V.jpg","medium":"https://i5.peapod.com/c/L8/L8SIX.jpg","larg
Action.c(492):     e":"https://i5.peapod.com/c/KM/KMGS6.jpg","xlarge":"https://i5.peapod.com/c/8U/8U9NS.jpg"}
Action.c(492):     ,"bmsm":false,"bmsmTiers":[],"guidingStars":0,"options":[],"suppressSwapAndSave":false,"pr
Action.c(492):     oductCategoryId":3494,"hasPriceAdjustment":false,"hasPickStoreLocation":false,"hasCoupon":
Action.c(492):     false},{"hooklogicClickBeacon":"//b-uat.hlserve.com/beacon?fid=101&hl_qs=dNXhILmRLIw4p5qiC
Action.c(492):     l79angCArg9wsi98tL4paLyi6nNES5oUj8UxUfMq%2f9PYm%2b862B5354dKgdWtsdvo02STSQFfv4WXNI1PJxs5Ze
Action.c(492):     UJbqZwJTymbpccFsPeCaOc%2fkHWHl%2bpxT%2bz6f93dvnE%2fOk0fXnLETe42HaIS6Xs%2bqFn4UP7fpeein9DLN
Action.c(492):     5UgEf%2bgIO9F7NHYmbNEE30ggGVgUoGru0QhkQc2%2bejlVQmx2UxFsSGJljBAovW8fSOJWTOleVg%2fOsUOPOLie
Action.c(492):     yhb8Ocpc0qL5xJ9TVmqrTf5H5cpsHnHf8pEhcGzWzDh5%2bQov73T%2bF3Eawpnge%2bQIhX3RlcnZzZfLWRMbPBSc
Action.c(492):     2K6zkG3iAOS0qCE0aFsroWKr%2bEQLklwHZq6zrM8UgICWC8D5k1xGf5NUT3JuwSQZparbm0E8wwyo4mAoIMjedS5h
Action.c(492):     7ytS1r642UKOuUjnsOvRByUPFBbz%2f%2fTb1daloQlCfWd53TB3Emko6xz%2f300EJ3JHCUR6B5RSeV9wcgQ2LJbU
Action.c(492):     5bEmINdMg%2bzry%2bJnBjhxlyD7%2fpOw5QXTPDXh2vKCVnuhFKjFoo7BRVWp6a10JIB9vX4FvT42Yja6IbG6ACC6
Action.c(492):     nUw7HWYZgv3CYDssunFPVuXaGDvNRU%2fpUF%2bGC9yyxoqfxg%2fDdIspD5NkRl76IqYxJtNN32SgPL4flRxsClV%
Action.c(492):     2bN9wusbC8ssZMnkCbXK6sBfWCyrrGvqTRZFRaLwvSAWqDxte42cOIu%2fLj5hXd%2b7jojMjmXCDFMb8I5e2%2fz2
Action.c(492):     eJyBv29ahcIBzQWKAD6uUbSOqiXkKmuLRODgORkNzilfUyzxzkQsdSFx5I3cxljfY2Ta4ZhBiUk0FIPReLVcqS4Hvx
Action.c(492):     wLnYU2mhy%2fjLFfRAOk1x5QdKT%2beEmLmZa2NpVzKgKl5Lbp%2f%2foKNifMJFM6%2fR%2fwd8GpVbzwrn59vflT
Action.c(492):     ajhmtU%2boy9tqx%2bfLA67xeJgD0FORT3RRmY3u3T%2bdNVXS7IUU9OLPHwDjLLCB2uQKzfLoWbFCKOe9J%2f4JXz
Action.c(492):     CayWoX4ne%2f3rbOKxJ2YCgRmjSSokssPzO745vEQVq6tZTaiMF0oIc3Oyf0R4hajBqVxH9uD%2b%2f3gGx6HVKjrJ
Action.c(492):     SAV1kGCneRYL9dhmwDK5tvqFaUpS3AyL4BiebyeeqEu4Gb%2bg2fJ4Jw3wW20F%2f%2flCbjA%3d%3d&ev=2&actio
Action.c(492):     n=click&impressionpid=c7339c25-9ec9-4f4c-aa0c-40ae6fea7275%3a17&rn=2106331512&hmguid=f371b
Action.c(492):     40f-ecc8-48fa-97fa-aba77a43f0f4","prodId":1665,"name":"Philadelphia Cream Cheese Spread Or
Action.c(492):     iginal","size":"8 OZ TUB","unitPrice":7.18,"unitMeasure":"LB","price":3.59,"regularPrice":
Action.c(492):     3.59,"rootCatId":1834,"rootCatSeq":6,"rootCatName":"Dairy","upc":"2100000014","hasSubstitu
Action.c(492):     te":true,"substituteId":1766,"rating":0.0,"ratingReviewsSuppressed":false,"marketSpecificR
Action.c(492):     eviews":false,"reviewId":"1665-PPDALL","brandId":496,"brand":"Kraft Philadelphia","subcatI
Action.c(492):     d":3627,"subcatName":"Plain Soft Cream Cheese","flags":{"sample":false,"suppressed":false,
Action.c(492):     "active":true,"outOfStock":false,"specialCode":" ","upromise":false,"newArrival":false,"pr
Action.c(492):     ivateLabel":false,"preferredItem":false,"bogo":false,"sale":false,"lowPriceEveryday":false
Action.c(492):     ,"organic":false,"dairy":false,"egg":false,"gluten":false,"kosher":true,"peanut":false,"no
Action.c(492):     nGMO":false,"vegan":false,"vegeterian":false,"lactoseFree":false,"antibioticFree":false,"w
Action.c(492):     heatFree":false,"hormoneFree":false,"nitrateFree":false,"nitriteFree":false,"natural":fals
Action.c(492):     e},"image":{"small":"https://i5.peapod.com/c/EZ/EZPR5.jpg","medium":"https://i5.peapod.com
Action.c(492):     /c/LW/LWMX8.jpg","large":"https://i5.peapod.com/c/K0/K0H5G.jpg","xlarge":"https://i5.peapo
Action.c(492):     d.com/c/PI/PILF3.jpg"},"bmsm":false,"bmsmTiers":[],"guidingStars":0,"options":[],"suppress
Action.c(492):     SwapAndSave":false,"productCategoryId":3627,"hasPriceAdjustment":false,"hasPickStoreLocati
Action.c(492):     on":false,"hasCoupon":false}],"pagination":{"rows":0,"start":0,"total":0}},"sessionId":"II
Action.c(492):     FRJAZ4OWS4UCWWM4JCF3Q"}
Action.c(492): web_custom_request("products") was successful, 8938 body bytes, 752 header bytes  	[MsgId: MMSG-26386]
Action.c(501): web_custom_request("category") started  	[MsgId: MMSG-26355]
Action.c(501): t=77758ms: 770-byte response headers for "https://stage.peapod.com/api/v3.0/user/specials/category?categoryId=1256&consumCatId=485&rows=5" (RelFrameId=1, Internal ID=49)
Action.c(501):     HTTP/1.1 200 OK\r\n
Action.c(501):     Date: Sun, 24 Nov 2019 16:40:34 GMT\r\n
Action.c(501):     Content-Type: application/json;charset=utf-8\r\n
Action.c(501):     Transfer-Encoding: chunked\r\n
Action.c(501):     Connection: keep-alive\r\n
Action.c(501):     Strict-Transport-Security: max-age=63072000; includeSubdomains;\r\n
Action.c(501):     access-control-allow-credentials: true\r\n
Action.c(501):     access-control-allow-origin:\r\n
Action.c(501):     Pragma: no-cache\r\n
Action.c(501):     Cache-Control: no-store\r\n
Action.c(501):     Expires: 0\r\n
Action.c(501):     Vary: Accept-Encoding,User-Agent\r\n
Action.c(501):     Content-Encoding: gzip\r\n
Action.c(501):     X-XSS-Protection: 1; mode=block\r\n
Action.c(501):     X-Content-Type-Options: nosniff\r\n
Action.c(501):     Strict-Transport-Security: max-age=86400; includeSubDomains\r\n
Action.c(501):     Content-Security-Policy: frame-ancestors 'self' *.giantfood.com\r\n
Action.c(501):     CF-Cache-Status: DYNAMIC\r\n
Action.c(501):     Expect-CT: max-age=604800, report-uri="https://report-uri.cloudflare.com/cdn-cgi/beacon/ex
Action.c(501):     pect-ct"\r\n
Action.c(501):     Server: cloudflare\r\n
Action.c(501):     CF-RAY: 53acd35139b2e0ca-IAD\r\n
Action.c(501):     \r\n
Action.c(501): t=77762ms: 593-byte ENCODED response body received for "https://stage.peapod.com/api/v3.0/user/specials/category?categoryId=1256&consumCatId=485&rows=5" (RelFrameId=1, Internal ID=49)
Action.c(501): t=77762ms: 1741-byte DECODED response body for "https://stage.peapod.com/api/v3.0/user/specials/category?categoryId=1256&consumCatId=485&rows=5" (RelFrameId=1, Internal ID=49)
Action.c(501):     \n
Action.c(501):     \n
Action.c(501):     \n
Action.c(501):     \n
Action.c(501):             {"response":{"data":{"categorySpecials":{"465":[{"sequence":0,"image":"https://i5.
Action.c(501):     peapod.com/c/L5/L5R2F.jpg","type":"coupon","consumCatId":465,"consumCatName":"Meat","rootC
Action.c(501):     atId":2477,"rootCatSeq":3,"rootCatName":"Meat","coupon":{"id":"ECI_377240","key":"CMDPROD-
Action.c(501):     651","code":"ECI_377240","title":"Buy 5, Save $5","description":"Oscar Mayer, Planters, Ma
Action.c(501):     xwell House & More","restriction":"(limit 2 per customer)","imageURL":"https://i5.peapod.c
Action.c(501):     om/c/L5/L5R2F.jpg","startDate":{"year":2019,"month":11,"day":21},"endDate":{"year":2019,"m
Action.c(501):     onth":11,"day":27},"occurrences":0,"value":0,"bundleType":0,"readyState":0,"couponType":0,
Action.c(501):     "targetCategory":""}}],"615":[{"sequence":0,"image":"https://i5.peapod.com/c/ZW/ZWQIF.jpg"
Action.c(501):     ,"type":"coupon","consumCatId":615,"consumCatName":"Baby & Childcare","rootCatId":2832,"ro
Action.c(501):     otCatSeq":21,"rootCatName":"Baby & Childcare","coupon":{"id":"ECI_369215","key":"CMDPROD-5
Action.c(501):     20","code":"ECI_369215","title":"Save $1","description":"Save $1.00 off Once Upon a Farm",
Action.c(501):     "restriction":"(limit 2 per customer 1 per order)","imageURL":"https://i5.peapod.com/c/ZW/
Action.c(501):     ZWQIF.jpg","startDate":{"year":2019,"month":10,"day":3},"endDate":{"year":2019,"month":11,
Action.c(501):     "day":27},"occurrences":0,"value":0,"bundleType":0,"readyState":0,"couponType":0,"targetCa
Action.c(501):     tegory":""}},{"sequence":0,"image":"https://i5.peapod.com/c/FS/FSZ6S.jpg","type":"coupon",
Action.c(501):     "consumCatId":615,"consumCatName":"Baby & Childcare","rootCatId":2832,"rootCatSeq":21,"roo
Action.c(501):     tCatName":"Baby & Childcare","coupon":{"id":"ECI_376301","key":"CMDPROD-628","code":"ECI_3
Action.c(501):     76301","title":"Buy 2, Save $10","description":"Pampers & Dreft Savings!","restriction":"(
Action.c(501):     limit 2 per customer)","imageURL":"https://i5.peapod.com/c/FS/FSZ6S.jpg","startDate":{"yea
Action.c(501):     r":2019,"month":11,"day":14
Action.c(501): t=77766ms: 810-byte ENCODED response body received for "https://stage.peapod.com/api/v3.0/user/specials/category?categoryId=1256&consumCatId=485&rows=5" (RelFrameId=1, Internal ID=49)
Action.c(501): t=77767ms: 6204-byte DECODED response body for "https://stage.peapod.com/api/v3.0/user/specials/category?categoryId=1256&consumCatId=485&rows=5" (RelFrameId=1, Internal ID=49)
Action.c(501):     },"endDate":{"year":2019,"month":11,"day":27},"occurrences":0,"value":0,"bundleType":0,"re
Action.c(501):     adyState":0,"couponType":0,"targetCategory":""}}],"635":[{"sequence":0,"image":"https://i5
Action.c(501):     .peapod.com/c/6A/6A364.jpg","type":"coupon","consumCatId":635,"consumCatName":"Laundry, Pa
Action.c(501):     per & Cleaning","rootCatId":1483,"rootCatSeq":18,"rootCatName":"Laundry, Paper & Cleaning"
Action.c(501):     ,"coupon":{"id":"ECI_356125","key":"CMDPROD-337","code":"ECI_356125","title":"Save $.75","
Action.c(501):     description":"Dixie Paper Plates","restriction":"(limit 1 per order, 4 per customer)","ima
Action.c(501):     geURL":"https://i5.peapod.com/c/6A/6A364.jpg","startDate":{"year":2019,"month":8,"day":1},
Action.c(501):     "endDate":{"year":2020,"month":1,"day":1},"occurrences":0,"value":0,"bundleType":0,"readyS
Action.c(501):     tate":0,"couponType":0,"targetCategory":""}},{"sequence":0,"image":"https://i5.peapod.com/
Action.c(501):     c/11/11V1F.jpg","type":"coupon","consumCatId":635,"consumCatName":"Laundry, Paper & Cleani
Action.c(501):     ng","rootCatId":1483,"rootCatSeq":18,"rootCatName":"Laundry, Paper & Cleaning","coupon":{"
Action.c(501):     id":"ECI_356180","key":"CMDPROD-338","code":"ECI_356180","title":"Save $1.00","description
Action.c(501):     ":" Vanity Fair Napkins","restriction":"(limit 1 per order, 4 per customer)","imageURL":"h
Action.c(501):     ttps://i5.peapod.com/c/11/11V1F.jpg","startDate":{"year":2019,"month":8,"day":1},"endDate"
Action.c(501):     :{"year":2020,"month":1,"day":1},"occurrences":0,"value":0,"bundleType":0,"readyState":0,"
Action.c(501):     couponType":0,"targetCategory":""}},{"sequence":0,"image":"https://i5.peapod.com/c/X6/X6UP
Action.c(501):     2.jpg","type":"coupon","consumCatId":635,"consumCatName":"Laundry, Paper & Cleaning","root
Action.c(501):     CatId":1483,"rootCatSeq":18,"rootCatName":"Laundry, Paper & Cleaning","coupon":{"id":"ECI_
Action.c(501):     356184","key":"CMDPROD-339","code":"ECI_356184","title":"Save $1.00","description":" Brawn
Action.c(501):     y Paper Towels","restriction":"(limit 1 per order, 4 per customer)","imageURL":"https://i5
Action.c(501):     .peapod.com/c/X6/X6UP2.jpg","startDate":{"year":2019,"month":8,"day":1},"endDate":{"year":
Action.c(501):     2020,"month":1,"day":1},"occurrences":0,"value":0,"bundleType":0,"readyState":0,"couponTyp
Action.c(501):     e":0,"targetCategory":""}},{"sequence":0,"image":"https://i5.peapod.com/c/MJ/MJNGA.jpg","t
Action.c(501):     ype":"coupon","consumCatId":635,"consumCatName":"Laundry, Paper & Cleaning","rootCatId":14
Action.c(501):     83,"rootCatSeq":18,"rootCatName":"Laundry, Paper & Cleaning","coupon":{"id":"ECI_356210","
Action.c(501):     key":"CMDPROD-340","code":"ECI_356210","title":"Save $.50","description":"Mrs. Meyer's Hou
Action.c(501):     sehold Cleaning","restriction":"(limit 1 per order, 4 per customer)","imageURL":"https://i
Action.c(501):     5.peapod.com/c/MJ/MJNGA.jpg","startDate":{"year":2019,"month":8,"day":1},"endDate":{"year"
Action.c(501):     :2020,"month":1,"day":1},"occurrences":0,"value":0,"bundleType":0,"readyState":0,"couponTy
Action.c(501):     pe":0,"targetCategory":""}},{"sequence":0,"image":"https://i5.peapod.com/c/32/32SHM.jpg","
Action.c(501):     type":"coupon","consumCatId":635,"consumCatName":"Laundry, Paper & Cleaning","rootCatId":1
Action.c(501):     483,"rootCatSeq":18,"rootCatName":"Laundry, Paper & Cleaning","coupon":{"id":"ECI_356211",
Action.c(501):     "key":"CMDPROD-341","code":"ECI_356211","title":"Save $1.00","description":"Finish Dish Ca
Action.c(501):     re","restriction":"(limit 1 per order, 4 per customer)","imageURL":"https://i5.peapod.com/
Action.c(501):     c/32/32SHM.jpg","startDate":{"year":2019,"month":8,"day":1},"endDate":{"year":2020,"month"
Action.c(501):     :1,"day":1},"occurrences":0,"value":0,"bundleType":0,"readyState":0,"couponType":0,"target
Action.c(501):     Category":""}}],"495":[{"sequence":0,"image":"https://i5.peapod.com/c/H8/H86FX.jpg","type"
Action.c(501):     :"coupon","consumCatId":495,"consumCatName":"Frozen","rootCatId":2883,"rootCatSeq":9,"root
Action.c(501):     CatName":"Frozen","coupon":{"id":"ECI_374286","key":"CMDPROD-591","code":"ECI_374286","tit
Action.c(501):     le":"Buy 2 Pies, Get 1 Reddi Wip Free","description":"Marie Callender's Pies or Reddi Wip"
Action.c(501):     ,"restriction":"(limit 1 per customer)","imageURL":"https://i5.peapod.com/c/H8/H86FX.jpg",
Action.c(501):     "startDate":{"year":2019,"month":11,"day":14},"endDate":{"year":2019,"month":11,"day":27},
Action.c(501):     "occurrences":0,"value":0,"bundleType":0,"readyState":0,"couponType":0,"targetCategory":""
Action.c(501):     }}]},"specials":[{"sequence":44,"image":"https://i5.peapod.com/c/23/2346H.jpg","type":"pod
Action.c(501):     Group","consumCatId":485,"consumCatName":"Dairy","rootCatId":1834,"rootCatSeq":6,"rootCatN
Action.c(501):     ame":"Dairy","podGroup":1244012,"description":"Nellie's Grade A Eggs","size":"1 doz","pric
Action.c(501):     e":"","salePrice":"2 for $5","location":{"locationId":2,"locationDescription":"ON-LINE SPE
Action.c(501):     CIAL","categoryId":0},"startDate":"2019-10-24T17:00:00.000Z","endDate":"2019-10-30T17:00:0
Action.c(501):     0.000Z"},{"sequence":48,"image":"https://i5.peapod.com/c/N2/N2MV8.jpg","type":"podGroup","
Action.c(501):     consumCatId":485,"consumCatName":"Dairy","rootCatId":1834,"rootCatSeq":6,"rootCatName":"Da
Action.c(501):     iry","podGroup":1243887,"description":"Nestle Coffee-mate Liquid Coffee Creamer","size":"1
Action.c(501):      quart","price":"","salePrice":"Save $0.85","location":{"locationId":2,"locationDescriptio
Action.c(501):     n":"ON-LINE SPECIAL","categoryId":0},"startDate":"2019-10-24T17:00:00.000Z","endDate":"201
Action.c(501):     9-10-30T17:00:00.000Z"},{"sequence":51,"image":"https://i5.peapod.com/c/HD/HD3SF.jpg","typ
Action.c(501):     e":"podGroup","consumCatId":485,"consumCatName":"Dairy","rootCatId":1834,"rootCatSeq":6,"r
Action.c(501):     ootCatName":"Dairy","podGroup":1244284,"description":"Sargento Shredded Cheese","size":"7 
Action.c(501):     - 8 oz","price":"","salePrice":"Save $0.43","location":{"locationId":2,"locationDescriptio
Action.c(501):     n":"ON-LINE SPECIAL","categoryId":0},"startDate":"2019-10-24T17:00:00.000Z","endDate":"201
Action.c(501):     9-10-30T17:00:00.000Z"},{"sequence":57,"image":"https://i5.peapod.com/c/RO/ROT9T.jpg","typ
Action.c(501):     e":"podGroup","consumCatId":485,"consumCatName":"Dairy","rootCatId":1834,"rootCatSeq":6,"r
Action.c(501):     ootCatName":"Dairy","podGroup":1243993,"description":"Almond Breeze Almond Milk & More","s
Action.c(501):     ize":"1/2 gallon","salePrice":"2 for $6","location":{"locationId":2,"locationDescription":
Action.c(501):     "ON-LINE SPECIAL","categoryId":0},"startDate":"2019-10-24T17:00:00.000Z","endDate":"2019-1
Action.c(501):     0-30T17:00:00.000Z"},{"sequence":65,"image":"https://i5.peapod.com/c/6X/6XEXE.jpg","type":
Action.c(501):     "podGroup","consumCatId":485,"consumCatName":"Dairy","rootCatId":1834,"rootCatSeq":6,"root
Action.c(501):     CatName":"Dairy","podGroup":1243838,"description":"The Laughing Cow Cheese Dippers","size"
Action.c(501):     :"6.17 oz","price":"","salePrice":"2 for $7","location":{"locationId":2,"locationDescripti
Action.c(501):     on":"ON-LINE SPECIAL","categoryId":0},"startDate":"2019-10-24T17:00:00.000Z","endDate":"20
Action.c(501):     19-10-30T17:00:00.000Z"}]},"errors":[]},"sessionId":"IIFRJAZ4OWS4UCWWM4JCF3Q"}\n
Action.c(501):         \n
Action.c(501): web_custom_request("category") was successful, 1403 body bytes, 770 header bytes  	[MsgId: MMSG-26386]
Action.c(510): web_custom_request("cart_3") started  	[MsgId: MMSG-26355]
Action.c(510): t=78743ms: 752-byte response headers for "https://stage.peapod.com/api/v3.0/user/cart?flags=true&image=true&sort=category+asc" (RelFrameId=1, Internal ID=50)
Action.c(510):     HTTP/1.1 200 OK\r\n
Action.c(510):     Date: Sun, 24 Nov 2019 16:40:36 GMT\r\n
Action.c(510):     Content-Type: application/json;charset=utf-8\r\n
Action.c(510):     Transfer-Encoding: chunked\r\n
Action.c(510):     Connection: keep-alive\r\n
Action.c(510):     Strict-Transport-Security: max-age=63072000; includeSubdomains;\r\n
Action.c(510):     access-control-allow-credentials: true\r\n
Action.c(510):     access-control-allow-origin:\r\n
Action.c(510):     expires: 0\r\n
Action.c(510):     Vary: Accept-Encoding,User-Agent\r\n
Action.c(510):     Content-Encoding: gzip\r\n
Action.c(510):     Cache-Control: no-store\r\n
Action.c(510):     X-XSS-Protection: 1; mode=block\r\n
Action.c(510):     X-Content-Type-Options: nosniff\r\n
Action.c(510):     Strict-Transport-Security: max-age=86400; includeSubDomains\r\n
Action.c(510):     Content-Security-Policy: frame-ancestors 'self' *.giantfood.com\r\n
Action.c(510):     CF-Cache-Status: DYNAMIC\r\n
Action.c(510):     Expect-CT: max-age=604800, report-uri="https://report-uri.cloudflare.com/cdn-cgi/beacon/ex
Action.c(510):     pect-ct"\r\n
Action.c(510):     Server: cloudflare\r\n
Action.c(510):     CF-RAY: 53acd35a2fd6f0c1-IAD\r\n
Action.c(510):     \r\n
Action.c(510): t=78747ms: 351-byte ENCODED response body received for "https://stage.peapod.com/api/v3.0/user/cart?flags=true&image=true&sort=category+asc" (RelFrameId=1, Internal ID=50)
Action.c(510): t=78747ms: 684-byte DECODED response body for "https://stage.peapod.com/api/v3.0/user/cart?flags=true&image=true&sort=category+asc" (RelFrameId=1, Internal ID=50)
Action.c(510):     {"response":{"items":[],"removedItems":[],"subTotalPrice":0.0,"tax":0.0,"driverTip":0.0,"f
Action.c(510):     ees":{"deliveryFee":9.95,"electPmtDiscount":0.0,"promotionSavings":0.0,"giftCardDiscount":
Action.c(510):     0.0,"fuelSurcharge":0.05},"total":10.0,"savings":{"couponSavings":0.0,"coupons":[],"inStor
Action.c(510):     eCouponSavings":0.0,"inStoreCoupons":[],"weeklySavingsTotal":0.0,"weeklySavingsItems":[],"
Action.c(510):     buyMoreSaveMoreSavingsTotal":0.0,"buyMoreSaveMoreSavingsItems":[],"promotionSavingsTotal":
Action.c(510):     0.0,"promotionSavings":[],"pepDiscount":0.0,"delivDiscount":0.0,"hasPersonalCoupons":false
Action.c(510):     ,"totalSavingsAmt":0.0},"orderId":"d135967125","orderStatusCode":"WORKING","orderLocationC
Action.c(510):     onfirmed":true},"sessionId":"IIFRJAZ4OWS4UCWWM4JCF3Q"}
Action.c(510): web_custom_request("cart_3") was successful, 351 body bytes, 752 header bytes  	[MsgId: MMSG-26386]
Action.c(519): web_custom_request("landing-page-id") started  	[MsgId: MMSG-26355]
Action.c(519): t=100842ms: 770-byte response headers for "https://stage.peapod.com/api/v2.0/user/preferences/landing-page-id" (RelFrameId=1, Internal ID=51)
Action.c(519):     HTTP/1.1 200 OK\r\n
Action.c(519):     Date: Sun, 24 Nov 2019 16:40:58 GMT\r\n
Action.c(519):     Content-Type: application/json;charset=utf-8\r\n
Action.c(519):     Transfer-Encoding: chunked\r\n
Action.c(519):     Connection: keep-alive\r\n
Action.c(519):     Strict-Transport-Security: max-age=63072000; includeSubdomains;\r\n
Action.c(519):     access-control-allow-credentials: true\r\n
Action.c(519):     access-control-allow-origin:\r\n
Action.c(519):     Pragma: no-cache\r\n
Action.c(519):     Cache-Control: no-store\r\n
Action.c(519):     Expires: 0\r\n
Action.c(519):     Vary: Accept-Encoding,User-Agent\r\n
Action.c(519):     Content-Encoding: gzip\r\n
Action.c(519):     X-XSS-Protection: 1; mode=block\r\n
Action.c(519):     X-Content-Type-Options: nosniff\r\n
Action.c(519):     Strict-Transport-Security: max-age=86400; includeSubDomains\r\n
Action.c(519):     Content-Security-Policy: frame-ancestors 'self' *.giantfood.com\r\n
Action.c(519):     CF-Cache-Status: DYNAMIC\r\n
Action.c(519):     Expect-CT: max-age=604800, report-uri="https://report-uri.cloudflare.com/cdn-cgi/beacon/ex
Action.c(519):     pect-ct"\r\n
Action.c(519):     Server: cloudflare\r\n
Action.c(519):     CF-RAY: 53acd3e44c5cc17f-IAD\r\n
Action.c(519):     \r\n
Action.c(519): t=100846ms: 133-byte ENCODED response body received for "https://stage.peapod.com/api/v2.0/user/preferences/landing-page-id" (RelFrameId=1, Internal ID=51)
Action.c(519): t=100847ms: 124-byte DECODED response body for "https://stage.peapod.com/api/v2.0/user/preferences/landing-page-id" (RelFrameId=1, Internal ID=51)
Action.c(519):     \n
Action.c(519):     \n
Action.c(519):     \n
Action.c(519):     \n
Action.c(519):             {"response":{"preference":{"name":"landing-page-id","value":""}},"sessionId":"IIFR
Action.c(519):     JAZ4OWS4UCWWM4JCF3Q"}\n
Action.c(519):         \n
Action.c(519):     \n
Action.c(519):     \n
Action.c(519):     \n
Action.c(519): web_custom_request("landing-page-id") was successful, 133 body bytes, 770 header bytes  	[MsgId: MMSG-26386]
Action.c(528): web_custom_request("slots_4") started  	[MsgId: MMSG-26355]
Action.c(528): t=101972ms: 752-byte response headers for "https://stage.peapod.com/api/v2.0/user/slots?delivAvail=true&headers=false&pupAvail=true&selected=true" (RelFrameId=1, Internal ID=52)
Action.c(528):     HTTP/1.1 200 OK\r\n
Action.c(528):     Date: Sun, 24 Nov 2019 16:40:59 GMT\r\n
Action.c(528):     Content-Type: application/json;charset=utf-8\r\n
Action.c(528):     Transfer-Encoding: chunked\r\n
Action.c(528):     Connection: keep-alive\r\n
Action.c(528):     Strict-Transport-Security: max-age=63072000; includeSubdomains;\r\n
Action.c(528):     access-control-allow-credentials: true\r\n
Action.c(528):     access-control-allow-origin:\r\n
Action.c(528):     expires: 0\r\n
Action.c(528):     Vary: Accept-Encoding,User-Agent\r\n
Action.c(528):     Content-Encoding: gzip\r\n
Action.c(528):     Cache-Control: no-store\r\n
Action.c(528):     X-XSS-Protection: 1; mode=block\r\n
Action.c(528):     X-Content-Type-Options: nosniff\r\n
Action.c(528):     Strict-Transport-Security: max-age=86400; includeSubDomains\r\n
Action.c(528):     Content-Security-Policy: frame-ancestors 'self' *.giantfood.com\r\n
Action.c(528):     CF-Cache-Status: DYNAMIC\r\n
Action.c(528):     Expect-CT: max-age=604800, report-uri="https://report-uri.cloudflare.com/cdn-cgi/beacon/ex
Action.c(528):     pect-ct"\r\n
Action.c(528):     Server: cloudflare\r\n
Action.c(528):     CF-RAY: 53acd3eaad565799-IAD\r\n
Action.c(528):     \r\n
Action.c(528): t=101977ms: 132-byte ENCODED response body received for "https://stage.peapod.com/api/v2.0/user/slots?delivAvail=true&headers=false&pupAvail=true&selected=true" (RelFrameId=1, Internal ID=52)
Action.c(528): t=101977ms: 123-byte DECODED response body for "https://stage.peapod.com/api/v2.0/user/slots?delivAvail=true&headers=false&pupAvail=true&selected=true" (RelFrameId=1, Internal ID=52)
Action.c(528):     {"response":{"serviceType":"D","delivAvail":true,"pupAvail":true,"selectedSlotId":0},"sess
Action.c(528):     ionId":"IIFRJAZ4OWS4UCWWM4JCF3Q"}
Action.c(528): web_custom_request("slots_4") was successful, 132 body bytes, 752 header bytes  	[MsgId: MMSG-26386]
Action.c(537): web_custom_request("status_7") started  	[MsgId: MMSG-26355]
Action.c(537): t=102974ms: 770-byte response headers for "https://stage.peapod.com/api/v2.0/user/status" (RelFrameId=1, Internal ID=53)
Action.c(537):     HTTP/1.1 200 OK\r\n
Action.c(537):     Date: Sun, 24 Nov 2019 16:41:00 GMT\r\n
Action.c(537):     Content-Type: application/json;charset=utf-8\r\n
Action.c(537):     Transfer-Encoding: chunked\r\n
Action.c(537):     Connection: keep-alive\r\n
Action.c(537):     Strict-Transport-Security: max-age=63072000; includeSubdomains;\r\n
Action.c(537):     access-control-allow-credentials: true\r\n
Action.c(537):     access-control-allow-origin:\r\n
Action.c(537):     Pragma: no-cache\r\n
Action.c(537):     Cache-Control: no-store\r\n
Action.c(537):     Expires: 0\r\n
Action.c(537):     Vary: Accept-Encoding,User-Agent\r\n
Action.c(537):     Content-Encoding: gzip\r\n
Action.c(537):     X-XSS-Protection: 1; mode=block\r\n
Action.c(537):     X-Content-Type-Options: nosniff\r\n
Action.c(537):     Strict-Transport-Security: max-age=86400; includeSubDomains\r\n
Action.c(537):     Content-Security-Policy: frame-ancestors 'self' *.giantfood.com\r\n
Action.c(537):     CF-Cache-Status: DYNAMIC\r\n
Action.c(537):     Expect-CT: max-age=604800, report-uri="https://report-uri.cloudflare.com/cdn-cgi/beacon/ex
Action.c(537):     pect-ct"\r\n
Action.c(537):     Server: cloudflare\r\n
Action.c(537):     CF-RAY: 53acd3f1ae7456c1-IAD\r\n
Action.c(537):     \r\n
Action.c(537): t=102977ms: 120-byte ENCODED response body received for "https://stage.peapod.com/api/v2.0/user/status" (RelFrameId=1, Internal ID=53)
Action.c(537): t=102977ms: 105-byte DECODED response body for "https://stage.peapod.com/api/v2.0/user/status" (RelFrameId=1, Internal ID=53)
Action.c(537):     \n
Action.c(537):     \n
Action.c(537):     \n
Action.c(537):     \n
Action.c(537):             {"response":{"userStatus":"R","secureLogin":true},"sessionId":"IIFRJAZ4OWS4UCWWM4J
Action.c(537):     CF3Q"}\n
Action.c(537):         
Action.c(537): web_custom_request("status_7") was successful, 120 body bytes, 770 header bytes  	[MsgId: MMSG-26386]
Action.c(546): web_custom_request("profile_5") started  	[MsgId: MMSG-26355]
Action.c(546): t=104361ms: 770-byte response headers for "https://stage.peapod.com/api/v3.0/user/profile" (RelFrameId=1, Internal ID=54)
Action.c(546):     HTTP/1.1 200 OK\r\n
Action.c(546):     Date: Sun, 24 Nov 2019 16:41:01 GMT\r\n
Action.c(546):     Content-Type: application/json;charset=utf-8\r\n
Action.c(546):     Transfer-Encoding: chunked\r\n
Action.c(546):     Connection: keep-alive\r\n
Action.c(546):     Strict-Transport-Security: max-age=63072000; includeSubdomains;\r\n
Action.c(546):     access-control-allow-credentials: true\r\n
Action.c(546):     access-control-allow-origin:\r\n
Action.c(546):     Pragma: no-cache\r\n
Action.c(546):     Cache-Control: no-store\r\n
Action.c(546):     Expires: 0\r\n
Action.c(546):     Vary: Accept-Encoding,User-Agent\r\n
Action.c(546):     Content-Encoding: gzip\r\n
Action.c(546):     X-XSS-Protection: 1; mode=block\r\n
Action.c(546):     X-Content-Type-Options: nosniff\r\n
Action.c(546):     Strict-Transport-Security: max-age=86400; includeSubDomains\r\n
Action.c(546):     Content-Security-Policy: frame-ancestors 'self' *.giantfood.com\r\n
Action.c(546):     CF-Cache-Status: DYNAMIC\r\n
Action.c(546):     Expect-CT: max-age=604800, report-uri="https://report-uri.cloudflare.com/cdn-cgi/beacon/ex
Action.c(546):     pect-ct"\r\n
Action.c(546):     Server: cloudflare\r\n
Action.c(546):     CF-RAY: 53acd3f808f656cd-IAD\r\n
Action.c(546):     \r\n
Action.c(546): t=104365ms: 593-byte ENCODED response body received for "https://stage.peapod.com/api/v3.0/user/profile" (RelFrameId=1, Internal ID=54)
Action.c(546): t=104366ms: 1488-byte DECODED response body for "https://stage.peapod.com/api/v3.0/user/profile" (RelFrameId=1, Internal ID=54)
Action.c(546):     \n
Action.c(546):     \n
Action.c(546):     \n
Action.c(546):     \n
Action.c(546):             {"response":{"information":{"handle":"perftest22nov5201@test.com","email":"perftes
Action.c(546):     t22nov5201@test.com","buddyEmail":"","userId":91117310,"currentOrderId":135983265,"userGui
Action.c(546):     d":"4c9763bd-a101-480c-a45e-f39c7b5acb4a","userType":"C","attributes":{"Mrch2TargCd":"N","
Action.c(546):     Mktg5TargCd":"N","TimeOrdQy":"0","Prgm3SaleQy":"0.0","PrgmPup2OrdQy":"0","Prgm4OrdQy":"0",
Action.c(546):     "Prgm1SaleQy":"0.0","PrgmPup1OrdQy":"0","Mktg2TargCd":"N","Mktg4TargCd":"N","PupTimeOrdQy"
Action.c(546):     :"0","Mrch4TargCd":"N","Prgm3OrdQy":"0","mail_opt_spec_cd":"Y","Prgm4SaleQy":"0.0","Prgm2S
Action.c(546):     aleQy":"0.0","PrgmPup1SaleQy":"0.0","Mrch1TargCd":"N","mail_opt_news_cd":"Y","Mrch6TargCd"
Action.c(546):     :"N","Mktg1TargCd":"N","LastSvcDt":"1980-01-01","Prgm5OrdQy":"0","Mrch5TargCd":"N","Prgm2O
Action.c(546):     rdQy":"0","Prgm5SaleQy":"0.0","Prgm1OrdQy":"0","Mrch3TargCd":"N","PrgmPup2SaleQy":"0.0","M
Action.c(546):     ktg3TargCd":"N"}},"addresses":[{"addressId":"1","addressLine1":"7801 Main street","address
Action.c(546):     Line2":"","city":"Allston","state":"MA","zip":"02134","intersection":"","instructions":"",
Action.c(546):     "unattendedInstructions":"","name":{"firstName":"PerfKeithaabc","lastName":"TestAshbyabc",
Action.c(546):     "middleInitial":""},"phone":{"areaCode":"408","prefix":"717","suffix":"1001"},"alternatePh
Action.c(546):     one":{}},{"addressId":"2","addressLine1":"7801 Main street","addressLine2":"","city":"Alls
Action.c(546):     ton","state":"MA","zip":"02134","name":{"firstName":"PerfKeithaabc","lastName":"TestAshbya
Action.c(546):     bc","middleInitial":""},"phone":{"areaCode":"408","prefix":"716","suffix":"2501"}}],"addre
Action.c(546):     ssDefaults":{"deliveryAddressId":"1","billin
Action.c(546): t=104369ms: 447-byte ENCODED response body received for "https://stage.peapod.com/api/v3.0/user/profile" (RelFrameId=1, Internal ID=54)
Action.c(546): t=104370ms: 1642-byte DECODED response body for "https://stage.peapod.com/api/v3.0/user/profile" (RelFrameId=1, Internal ID=54)
Action.c(546):     gAddressId":"2"},"retailerCard":{"cardNumber":""},"opco":{"title":"Stop & Shop","name":"ST
Action.c(546):     SH","hasLoyaltyProgram":true},"refData":{"deliveryServiceLocation":{"serviceLocationId":26
Action.c(546):     425,"storeId":2,"priceZone":1,"zip":"02134","city":"Allston","maxPupRadius":100,"unattende
Action.c(546):     dDeliveryAllowed":false,"feeAmounts":{"standardFee":6.95,"standardQty":100.00,"level3Fee":
Action.c(546):     9.95,"level3Qty":60.00,"pickupFee":2.95,"pickupQty":60.00,"oneWayFee":0.00},"loyaltyCardAs
Action.c(546):     signmentAllowed":false,"loyaltyCardProgramTitle":"Stop & Shop Card","loyaltyCardNumberLeng
Action.c(546):     th":13,"numberOfOrdersAhead":5,"orderStatusEnabled":true,"hoursOffset":1,"showRegularPrice
Action.c(546):     ":true,"podBagAvailable":false,"oneWayAvailable":false,"serviceTypeSelectionForNewOrdersEn
Action.c(546):     abled":true,"topSpecialsEnabled":true,"loadedCouponsEnabled":true,"serviceType":"D","click
Action.c(546):     AndCollect":false},"fuelSurcharge":0.05,"availableServiceTypes":["D","P"],"customerDefault
Action.c(546):     DeliveryServiceLocation":{"serviceLocationId":26425,"storeId":2,"priceZone":1,"zip":"02134
Action.c(546):     ","city":"Allston","maxPupRadius":100,"unattendedDeliveryAllowed":false,"feeAmounts":{"sta
Action.c(546):     ndardFee":6.95,"standardQty":100.00,"level3Fee":9.95,"level3Qty":60.00,"pickupFee":2.95,"p
Action.c(546):     ickupQty":60.00,"oneWayFee":0.00},"loyaltyCardAssignmentAllowed":false,"loyaltyCardProgram
Action.c(546):     Title":"Stop & Shop Card","loyaltyCardNumberLength":13,"numberOfOrdersAhead":5,"orderStatu
Action.c(546):     sEnabled":true,"hoursOffset":1,"showRegularPrice":true,"podBagAvailable":false,"oneWayAvai
Action.c(546):     lable":false,"serviceTypeSelectionForNewOrdersEnabled":true,"topSpecialsEnabled":true,"loa
Action.c(546):     dedCouponsEnabled":true,"serviceType":"D","clickAndCollect":false}}},"sessionId":"IIFRJAZ4
Action.c(546):     OWS4UCWWM4JCF3Q"}\n
Action.c(546):         
Action.c(546): web_custom_request("profile_5") was successful, 1040 body bytes, 770 header bytes  	[MsgId: MMSG-26386]
Action.c(555): web_custom_request("slots_5") started  	[MsgId: MMSG-26355]
Action.c(555): t=105398ms: 752-byte response headers for "https://stage.peapod.com/api/v2.0/user/slots?delivAvail=true&headers=true&serviceType=D" (RelFrameId=1, Internal ID=55)
Action.c(555):     HTTP/1.1 200 OK\r\n
Action.c(555):     Date: Sun, 24 Nov 2019 16:41:02 GMT\r\n
Action.c(555):     Content-Type: application/json;charset=utf-8\r\n
Action.c(555):     Transfer-Encoding: chunked\r\n
Action.c(555):     Connection: keep-alive\r\n
Action.c(555):     Strict-Transport-Security: max-age=63072000; includeSubdomains;\r\n
Action.c(555):     access-control-allow-credentials: true\r\n
Action.c(555):     access-control-allow-origin:\r\n
Action.c(555):     expires: 0\r\n
Action.c(555):     Vary: Accept-Encoding,User-Agent\r\n
Action.c(555):     Content-Encoding: gzip\r\n
Action.c(555):     Cache-Control: no-store\r\n
Action.c(555):     X-XSS-Protection: 1; mode=block\r\n
Action.c(555):     X-Content-Type-Options: nosniff\r\n
Action.c(555):     Strict-Transport-Security: max-age=86400; includeSubDomains\r\n
Action.c(555):     Content-Security-Policy: frame-ancestors 'self' *.giantfood.com\r\n
Action.c(555):     CF-Cache-Status: DYNAMIC\r\n
Action.c(555):     Expect-CT: max-age=604800, report-uri="https://report-uri.cloudflare.com/cdn-cgi/beacon/ex
Action.c(555):     pect-ct"\r\n
Action.c(555):     Server: cloudflare\r\n
Action.c(555):     CF-RAY: 53acd4008ab29fc4-IAD\r\n
Action.c(555):     \r\n
Action.c(555): t=105402ms: 296-byte ENCODED response body received for "https://stage.peapod.com/api/v2.0/user/slots?delivAvail=true&headers=true&serviceType=D" (RelFrameId=1, Internal ID=55)
Action.c(555): t=105402ms: 943-byte DECODED response body for "https://stage.peapod.com/api/v2.0/user/slots?delivAvail=true&headers=true&serviceType=D" (RelFrameId=1, Internal ID=55)
Action.c(555):     {"response":{"serviceType":"D","delivAvail":true,"selectedSlotId":0,"headers":[{"id":98830
Action.c(555):     9,"date":"2019-11-24","maxDiscount":2.00},{"id":988312,"date":"2019-11-25","maxDiscount":2
Action.c(555):     .00},{"id":988315,"date":"2019-11-26","maxDiscount":2.00},{"id":988318,"date":"2019-11-27"
Action.c(555):     ,"statusCode":"V","statusMsg":"Value Day","maxDiscount":2.00},{"id":994700,"date":"2019-11
Action.c(555):     -28","maxDiscount":2.00},{"id":994703,"date":"2019-11-29","maxDiscount":2.00},{"id":994705
Action.c(555):     ,"date":"2019-11-30","maxDiscount":1.00},{"id":994720,"date":"2019-12-01","maxDiscount":2.
Action.c(555):     00},{"id":994723,"date":"2019-12-02","maxDiscount":2.00},{"id":994726,"date":"2019-12-03",
Action.c(555):     "maxDiscount":2.00},{"id":994729,"date":"2019-12-04","statusCode":"V","statusMsg":"Value D
Action.c(555):     ay","maxDiscount":2.00},{"id":994731,"date":"2019-12-05","maxDiscount":2.00},{"id":994734,
Action.c(555):     "date":"2019-12-06","maxDiscount":2.00},{"id":994736,"date":"2019-12-07","maxDiscount":1.0
Action.c(555):     0}]},"sessionId":"IIFRJAZ4OWS4UCWWM4JCF3Q"}
Action.c(555): web_custom_request("slots_5") was successful, 296 body bytes, 752 header bytes  	[MsgId: MMSG-26386]
Action.c(564): web_custom_request("suggestedProducts_2") started  	[MsgId: MMSG-26355]
Action.c(564): t=106914ms: 752-byte response headers for "https://stage.peapod.com/api/v3.0/user/suggestedProducts?filter=&howMany=12" (RelFrameId=1, Internal ID=56)
Action.c(564):     HTTP/1.1 200 OK\r\n
Action.c(564):     Date: Sun, 24 Nov 2019 16:41:04 GMT\r\n
Action.c(564):     Content-Type: application/json;charset=utf-8\r\n
Action.c(564):     Transfer-Encoding: chunked\r\n
Action.c(564):     Connection: keep-alive\r\n
Action.c(564):     Strict-Transport-Security: max-age=63072000; includeSubdomains;\r\n
Action.c(564):     access-control-allow-credentials: true\r\n
Action.c(564):     access-control-allow-origin:\r\n
Action.c(564):     expires: 0\r\n
Action.c(564):     Vary: Accept-Encoding,User-Agent\r\n
Action.c(564):     Content-Encoding: gzip\r\n
Action.c(564):     Cache-Control: no-store\r\n
Action.c(564):     X-XSS-Protection: 1; mode=block\r\n
Action.c(564):     X-Content-Type-Options: nosniff\r\n
Action.c(564):     Strict-Transport-Security: max-age=86400; includeSubDomains\r\n
Action.c(564):     Content-Security-Policy: frame-ancestors 'self' *.giantfood.com\r\n
Action.c(564):     CF-Cache-Status: DYNAMIC\r\n
Action.c(564):     Expect-CT: max-age=604800, report-uri="https://report-uri.cloudflare.com/cdn-cgi/beacon/ex
Action.c(564):     pect-ct"\r\n
Action.c(564):     Server: cloudflare\r\n
Action.c(564):     CF-RAY: 53acd4067be8c189-IAD\r\n
Action.c(564):     \r\n
Action.c(564): t=106917ms: 121-byte ENCODED response body received for "https://stage.peapod.com/api/v3.0/user/suggestedProducts?filter=&howMany=12" (RelFrameId=1, Internal ID=56)
Action.c(564): t=106917ms: 96-byte DECODED response body for "https://stage.peapod.com/api/v3.0/user/suggestedProducts?filter=&howMany=12" (RelFrameId=1, Internal ID=56)
Action.c(564):     {"response":{"algorithm":"ORDER_GENIUS_SD","products":[]},"sessionId":"IIFRJAZ4OWS4UCWWM4J
Action.c(564):     CF3Q"}
Action.c(564): web_custom_request("suggestedProducts_2") was successful, 121 body bytes, 752 header bytes  	[MsgId: MMSG-26386]
Action.c(573): web_custom_request("services") started  	[MsgId: MMSG-26355]
Action.c(573): t=107997ms: 752-byte response headers for "https://stage.peapod.com/api/v3.0/server/services" (RelFrameId=1, Internal ID=57)
Action.c(573):     HTTP/1.1 200 OK\r\n
Action.c(573):     Date: Sun, 24 Nov 2019 16:41:05 GMT\r\n
Action.c(573):     Content-Type: application/json;charset=utf-8\r\n
Action.c(573):     Transfer-Encoding: chunked\r\n
Action.c(573):     Connection: keep-alive\r\n
Action.c(573):     Strict-Transport-Security: max-age=63072000; includeSubdomains;\r\n
Action.c(573):     access-control-allow-credentials: true\r\n
Action.c(573):     access-control-allow-origin:\r\n
Action.c(573):     expires: 0\r\n
Action.c(573):     Vary: Accept-Encoding,User-Agent\r\n
Action.c(573):     Content-Encoding: gzip\r\n
Action.c(573):     Cache-Control: no-store\r\n
Action.c(573):     X-XSS-Protection: 1; mode=block\r\n
Action.c(573):     X-Content-Type-Options: nosniff\r\n
Action.c(573):     Strict-Transport-Security: max-age=86400; includeSubDomains\r\n
Action.c(573):     Content-Security-Policy: frame-ancestors 'self' *.giantfood.com\r\n
Action.c(573):     CF-Cache-Status: DYNAMIC\r\n
Action.c(573):     Expect-CT: max-age=604800, report-uri="https://report-uri.cloudflare.com/cdn-cgi/beacon/ex
Action.c(573):     pect-ct"\r\n
Action.c(573):     Server: cloudflare\r\n
Action.c(573):     CF-RAY: 53acd410fb975679-IAD\r\n
Action.c(573):     \r\n
Action.c(573): t=108000ms: 148-byte ENCODED response body received for "https://stage.peapod.com/api/v3.0/server/services" (RelFrameId=1, Internal ID=57)
Action.c(573): t=108000ms: 147-byte DECODED response body for "https://stage.peapod.com/api/v3.0/server/services" (RelFrameId=1, Internal ID=57)
Action.c(573):     {"response":{"statuses":{"gatewayDisabled":false,"removePastPurchases":true,"favs":true,"s
Action.c(573):     toreOffers":true}},"sessionId":"IIFRJAZ4OWS4UCWWM4JCF3Q"}
Action.c(573): web_custom_request("services") was successful, 148 body bytes, 752 header bytes  	[MsgId: MMSG-26386]
Action.c(582): web_custom_request("products_2") started  	[MsgId: MMSG-26355]
Action.c(582): t=109289ms: 752-byte response headers for "https://stage.peapod.com/api/v3.0/auctioned/products?productIds=&type=home" (RelFrameId=1, Internal ID=58)
Action.c(582):     HTTP/1.1 200 OK\r\n
Action.c(582):     Date: Sun, 24 Nov 2019 16:41:06 GMT\r\n
Action.c(582):     Content-Type: application/json;charset=utf-8\r\n
Action.c(582):     Transfer-Encoding: chunked\r\n
Action.c(582):     Connection: keep-alive\r\n
Action.c(582):     Strict-Transport-Security: max-age=63072000; includeSubdomains;\r\n
Action.c(582):     access-control-allow-credentials: true\r\n
Action.c(582):     access-control-allow-origin:\r\n
Action.c(582):     expires: 0\r\n
Action.c(582):     Vary: Accept-Encoding,User-Agent\r\n
Action.c(582):     Content-Encoding: gzip\r\n
Action.c(582):     Cache-Control: no-store\r\n
Action.c(582):     X-XSS-Protection: 1; mode=block\r\n
Action.c(582):     X-Content-Type-Options: nosniff\r\n
Action.c(582):     Strict-Transport-Security: max-age=86400; includeSubDomains\r\n
Action.c(582):     Content-Security-Policy: frame-ancestors 'self' *.giantfood.com\r\n
Action.c(582):     CF-Cache-Status: DYNAMIC\r\n
Action.c(582):     Expect-CT: max-age=604800, report-uri="https://report-uri.cloudflare.com/cdn-cgi/beacon/ex
Action.c(582):     pect-ct"\r\n
Action.c(582):     Server: cloudflare\r\n
Action.c(582):     CF-RAY: 53acd4177b0cf0fa-IAD\r\n
Action.c(582):     \r\n
Action.c(582): t=109295ms: 610-byte ENCODED response body received for "https://stage.peapod.com/api/v3.0/auctioned/products?productIds=&type=home" (RelFrameId=1, Internal ID=58)
Action.c(582): t=109296ms: 695-byte DECODED response body for "https://stage.peapod.com/api/v3.0/auctioned/products?productIds=&type=home" (RelFrameId=1, Internal ID=58)
Action.c(582):     {"response":{"pageBeacon":"//b-uat.hlserve.com/beacon?fid=101&hl_qs_cmp=bgnnAtPXpUWFeQnjL0
Action.c(582):     SSeLQHWGhLwNvJ3Uhj60GuUsy5hY0BM4XNCvCR6Z3r49YEidxvpx827DoRdGDxiaPJUs%2b2Hya0somC7WNVrJJ5mH
Action.c(582):     4qTJJUr4CsGwsdoMkRaaqC%2fdHlkqA%2fFmqJs24D0zYMdV1y32DvX9jzuQ8zD46jEzbaLub6OTZEcn3R%2bu8h7y
Action.c(582):     zkA7r1rSiY06ZPsGit1Bv1PwVtbGyPXtKjTizzbYaAJy8bzxQXFhl4SuWHOuzmZBycED9no%2bpQwl0tgGBaTWMPfG
Action.c(582):     1taItCVtLXs3mKF24xwWFjrbt6WlRm5PN1YxKlNuGy%2bR1xpOpZJPjPba%2fqeYqfxsp0dMez5Y7lBQKKhiJp9rJF
Action.c(582):     g%2bCx77AEQ%2bYDb9e5oZaITRaOf2Ow3KmtY4B6azceIT%2feZ4QHgxs2YKQjQShm1P5yS1y36FgSzDhyRlGURQYE
Action.c(582):     cjz5NuzoA9eNPnWhnTA4nR5zlP1pGwoQeu%2b02Ix95%2f9bxzl2JO0B%2f5pgKsLRtrvBdUywV4PvG7Ac8KRYT7Yo
Action.c(582):     WFyOrtO9IVgkjHLH66DRgBLmAZBhTgEiKKwUN1buM6WIwvIj00mqtqzrVBxJW2DMs
Action.c(582): t=109297ms: 5476-byte ENCODED response body received for "https://stage.peapod.com/api/v3.0/auctioned/products?productIds=&type=home" (RelFrameId=1, Internal ID=58)
Action.c(582): t=109297ms: 7619-byte DECODED response body for "https://stage.peapod.com/api/v3.0/auctioned/products?productIds=&type=home" (RelFrameId=1, Internal ID=58)
Action.c(582):     THDroT3YGQ0Qo8yfgo0DfMxC7IIfWLQSYsSySxYauu1h2dcgA2a3ndquyYBP9RiH6PLWnlPm8mPy1BWLIq9Wc57Gs3
Action.c(582):     EgzSwxA0Dtra1e%2bzNKCjgrEUXXwtZ2e8%2b2OMzYxkgNRMqb5YklTINVqL4PZYRKfozTXWrrpNZGmn8R7zMCmggL
Action.c(582):     z9FOu%2fd2SEk2xZxulKe3rkZ%2fqN7B%2f0br5OBsJSUeCGB1%2fY9E0qHQUsG7XJ2BnroYK6NSU2%2b5ZMrO1bs5
Action.c(582):     boXIOQG4OCRO9%2fgFuefw2gWq71sSm6uAMwm7apAcdHj4zker0KmAcIjb%2bpyWqp8c7uDnZKRgtiGTEm7NnmCSHr
Action.c(582):     KLBxlNGj7QxexYyWDyIGa99b%2bZKbczGrB76bb%2fblF2WHcO2tdIsFsANwp2IKIWeSq6mRUG8b2xu%2fZC%2forW
Action.c(582):     vWLMtS2P0L7RD0LVWaA9ajpPIdoYfdjGn%2bFlLXC6NZmTULkEVFen14vxMV%2fvCTk7fnfFUcb%2feclFspwlZ9lt
Action.c(582):     oe4jMOM%2b8umar%2b%2bvPJuyvRn5cEVk0SNTi5Ixy1c1WdxEUwvxh5TN22nc2PAojilH1v19cER7nW5guOrIbndn
Action.c(582):     Rf5e%2bNgCr18dGFqxuHQcft4UAomeaBCU68l9F%2bIf3ATS15brPO6PoArCW3oOjz1WijI2Cx1Rm9%2bJYd9wnhhi
Action.c(582):     0zx0K04%2b5lLlprAkEG4kNg0SnjS3N6IeHmZ6AuCA3agUCCVok7Wnej82vsM9W%2blskyJb5tWw%2fflBdkxv2MGI
Action.c(582):     xsbCHGbIPJW%2bKK0pbQNQ51YkLUhCAjxsZ0cFw0gmJrmzlsinJISVirymFDMdgYXD7OO6eONmkMe6DUxlEjr8AKXS
Action.c(582):     g9NpIC8%2fVPWO8W24lI65lc4F%2bRZ9sJk4hzpMxjRg2CGb%2bhH44Udx3dKOR0PniEwq3jGSXTFJU6H22QiriFR9
Action.c(582):     9xLXDClBL8WUQ1TRsHN1l7MbHS8V%2f87vgRSiCCS28wng4HY4Iio1oOA9gjs9j63i6IQjCxbabA0cQrzrhgLungkR
Action.c(582):     ROiLH9VQ%2f2MWge7Ygx6tILITITCSHChodaizatT41TtMu10l7Zc4rvXBIqwWYmOrjYN%2f%2br4AS1n4ET8fnqwq
Action.c(582):     GCd%2bZG%2fPggcJk72LLt6d8bY92q8jnQoBJ2rpVd8nBa9ZcAjTzLE7qQp7jWCaIyf%2f%2f965f3NxjMDXJVhjQn
Action.c(582):     nZ21Cpq05YBBMddmZjcIqI09Zy87UFJy7XhJAnxDu2g0JTgqMGKH90%2bqEVuXXhcdkb8dUaE2XB3NpKzdiLycirbO
Action.c(582):     7hlQB9cv4DRMi8cmoMrD4Sa379kS2gpsafKXhcqNfpIYYV3r7iVRXunjvMUHOIgxAO61BDFibkDdYrnIs6zs5X7HDP
Action.c(582):     RVva7iocbRr57EpnY5k%2bB4L6UNfZ64hs%2bwC6GnBhEeENzw%2fhJY0qZtT0L6wUvwG0Xz49Wq8rDwmPLZeS%2f5
Action.c(582):     V3cGrvOVNBzgY7UqPYxdZJ5JhOITuCl6P2emNopVdpyj69be9OuGydqav0DjgrAag4zbCAZoNR%2b%2fH4G2%2fB4R
Action.c(582):     4MH85UJegzTwtVsWyAonyVmb%2fF0CYA8BG0JPkH%2bOLlf2OY6d6w5jDhHsFQWoRHw60QwUjTnWDAtp3UGdA7P0wg
Action.c(582):     nj4vPom%2by37TgKWefc1Rj%2fCMDiSQ7sksBm5l0fVeyeDJKjkYVCw4JPpdaSDaBJ5NLMarKBBIFpdbqcH78e6m7y
Action.c(582):     54fuERRJ5oWz2K1im2uV%2f06GdIx5v4R350ZJc6%2b7Ftoj28FwJG%2fadEOVBTOZ96HAua774jfhvBpEjogJmS6i
Action.c(582):     wsBIB6Fp8HdVXm%2bnO%2b3ALnJGTVguJ%2b7rVfovU%2fH9%2fapFnQf37BPSlUfxIywxODbV%2bCGHfB9aWzKBNd
Action.c(582):     uWoTCpqG0i4GydEbQ5tGKgwAO9nI%2f0%2bCuUK5ToC7BU5DVnmCuXxYkhPCX%2bA0sNDZvUHrw8Qgdzn2Fm6yCxLU
Action.c(582):     MkZqQYRDoUfuHgmFCi%2f6YTt8RZCVlU0wpSgLctE3Wko5sP4WRt6eHfW%2fMRlemNgoD6s6%2fvDvwsVFoeNg6heC
Action.c(582):     f%2fo%2b6Jkf6u2aKf34YehsGA%2b%2bvMUb46opFPY2PfV8%2brKdlb%2bUV93Zabqxgykel5WqZOF1A8eFI2DYwN
Action.c(582):     WIosU7vggA750e5jhgr017J6Ow7AsvWkBLfvD%2faH1mD2BGKMAFup9vG9OVbyHCdPr5U8DQ30EL3FEvYyl9Spq5t1
Action.c(582):     rivEhhBIMfFL1vsdOm%2fMEFZYqkq%2bLCkoHQ%2bx6gK6wIGQ3HU8Z9l3E7QgteYFcr26XI2MWKrdiuNbbnZIF0F%
Action.c(582):     2bD%2ftdLjPm8xE%2fJVNiqTdlhfaNnSPZ3GeD0G6%2b0qXAg8Ad%2fIBlLT44TdWcd0TdIt51sZeLKOR%2bz%2fB1
Action.c(582):     9iU9yHcLYbbk28zd9lxTBnuI%2fSCXi4ow8kclv43SLsiITm%2bnDSz9gnmtO7TzAl4pzk%2bIf23SkmR0zmYaCrC%
Action.c(582):     2bY8liqGPeAiviiacgmUSCUpWpotpYAjmPGJST8zfKyw9o3fl8OexznOcXfDAzIvn3dtC8WX%2fxuEvGe0G4izHVS7
Action.c(582):     CTFDiabAu7tuXWR21KNpsaln%2buuECVD5CiGZSC%2fiym4AhJ12Rzlk2CvsG3h5xX3zT5GmW5ZQ6BqEqNviZ1R%2b
Action.c(582):     DfqTovdeOzWsNKJF%2fhCKJeqMxLa4b%2fGGomvcYy7t766C%2fKj4NDEKRd56GTRwM%2behlfJHELLfnP%2b8LcwR
Action.c(582):     VyHqZ58PKPXLPWwfiLM%2bFcHgZp7c2ultBp3V4JbTwVrhBQyiZSigLOsPRE7zbCuyaMMDq%2fPxYr0Zd6MspFIagi
Action.c(582):     wEwiIumBuUPKcy98DIlucbhFBHvIVfeUnfPEMtEW5boKCrT1W0EIdRh81dulcJwvI2WGwhwdSFWVJhvt2Ey6mkRf7D
Action.c(582):     MvnCM1SgsjgwLzuLe%2bHYRGOPKvC9QsUIRUNIWTtMyp2JLcauSPEEZNDnTZr06Z82l%2fhPWe3hj0ypC7KLgTZW%2
Action.c(582):     fs0J4y%2fGUnmQR6hWVUIpxFcxC9NZJq%2fhn%2bWgGYs2%2bCcE6e12O1dLYlhhkDSKMCMTcwB%2bCN5Zu%2bJAtp
Action.c(582):     lLo7b333s0BMChWZn8H01V88ipPFL17diYydjEfdXws0hM%2b98k2%2b%2bizgekWXCwRYZBfYlqYwXHRfyn0dGtYX
Action.c(582):     NwPPBrcXSePWDmpAzA3cLKeaDynVZ99J112I0XUKuCGK7grzCx%2bMbogCLBp9BMWQ3u3zAJkv8%2bK5Bz4i%2fuOS
Action.c(582):     WZEKe8MP4D1XTVdHAdqwFUu6%2fH8xLfd%2bnP2rzS0Do27pplT0SKnv3WKxAD%2frCHEiksTHmA6lhmP0JUnz9VU%
Action.c(582):     2bg%2bRpu1pxP8%2fWU9ziDHduxs17oGpTEiNxfdWwnX8NEsV1%2fg%2f4uhmNBbLBoN2pzvP4%2fpTH%2f8b2G%2f
Action.c(582):     QMyIBG%2fpieBP8uprbGFYPN4WmH0ueXa5bWLipm8afYZatGve0VB3Gn6VG3%2b2aE8Qn5S%2b4t1vJaTe7ZTYDBiN
Action.c(582):     ijqxsR0xJF3e9esIbHWYQaceDPP9%2b83lIHRfOpZ7QyhFsQTtyBTeVWdoRYviN1gEr1Vcur4eFewjT0zcygDqVXcO
Action.c(582):     3wKmgFyx%2fnRE5KDWHl00HnleMHuQrBfiBasFAIaUkPowz9vdeMJb5IZNa8Eo%2bQ9elhJ7%2fNOp0puygzISt3WH
Action.c(582):     R%2fEA3GeFkxfaISWb8lPSR%2fcTX3uqaqsXXAgCCzQ3Sz1B0AsJBfA4QgRfB8bj%2bkIOxsn%2bmBCwNeoH5bW20Q
Action.c(582):     082if3kAlwrGLOiU2dIc1rSdNg08NFE%2b76%2bD9FHfaJ0Ws2kziXaDZHXLXnhxPcfMEyMBH9hxuVs%2fc70Zze8W
Action.c(582):     HZxl4%2fkhxUM2C65gg2dooopau16qHgVKPmFkBx%2bTualgqgiPwiVU0AIMaIl7VDWB04U155eh5Er09fCL%2bBOq
Action.c(582):     wDHA6pkC%2fds%2bnOb5t22QjFW3W8WstHJb%2f99VT%2b5%2fXAtWLCuFM%2bgCDfkG2EBvU9eF9VXlvoBJt4WyI2
Action.c(582):     MEbTOmFRSdUaBsr4iVcNDMj9qsBQxmcq%2b8FYh07eLzfHcahg3LhNKbHo8VoIhKI3s1%2f4iJdNmfYADB4A1M4WKm
Action.c(582):     6503w9aKDkNppadJ%2bsA54iqMzu2HB7%2fMro0j9B0J5WElB5MNyIFZ2zEcXjbKxvXuziRZzAa2YPAk%2bcHnnmFL
Action.c(582):     4lRsZAy9NJ532FGGXCGCsAyr6U%2fHiE8qq2l6skhOUw2xB75Ncn1qu7n1Jv72MhBjT6FI%2fJCpHjJZHHLLioxAbq
Action.c(582):     M5a1tLH6y%2fVmB4PHx%2bArwVDMHuW4Pd%2bhaFWsNE8Wt3inBgu8Qpc1K9uOoY9xHQ6XJCEgpF2vYdzSU3S3hODm
Action.c(582):     jYW664e2%2bogFOBKRyG0zVcsUIqP2YbbEN4nClI5cdSxNdwWEM2w%2fbti9vtQrWa6AUNvdWu%2f8jwAocDOLewDD
Action.c(582):     LqL7d2bgmkNUa%2fPeYXx142epuyO0GyLbYTUMRyQQWv6Vvs7LGfn5E4vIJwTb28%2fDRvYLTvto%2bRKMpo7D%2bX
Action.c(582):     4WvuX8AwKjm71KOFfZISfUuba2gk6Gvnili7dlzXDaVVdAdRDB1w3x0w4cI73qh3kDx0mJkkCYgg%2foW7ueDOSpwh
Action.c(582):     mpGiiFoUWhoc2sr7COUXAnu8RrcS6Zm%2fd3lcnwp6dDoitNOCqrwwAY%2bgvRVOXE2a4Bm%2fr2WTmppYfMy5BD1m
Action.c(582):     4XpNdIz3naAJmPpCd5XYLSDaF2L%2ffp1WVOA5kqsqn%2fR8zPDjpllKZvQQHdBzPRJT7%2bLkXOJvlCvbOTjiWyPv
Action.c(582):     x0HxDOzExhzRUPNKYXxMpU5orcPhoKTuqOp95XbNF1HGOt2EJHY2ZF8LSy%2fOye9XUmGckSA8%2fgnydE9OPoZ%2f
Action.c(582):     wzIXfJCY9M4ms66vsN8CBWbqUqUf%2bCfF%2bfNf%2fuQ4We1kW4NYoLai9LYY3Jokf5T1xgKnNQuALweanc2oQYKu
Action.c(582):     eep0TeaHNdPHCtYIyX%2b5TXk7hqdKKBL9m41SrwwwXbCx2HBvT8OvtprkyBZkvlJG8SwVfBZXyobFdJstG7C%2fkH
Action.c(582):     liOfkzAmSuUuVFyO00JcJbayrMG1ap3nrHmGzwOWx8pHHJrrLZ8tjcb2LxngH9IEg0FeujbJ9yjVHjROywBwor1G4u
Action.c(582):     iNFqq007LLN1%2fCBdP0rIcREP9XfbJjqA1fgWcZpz0VX035lB7DbkdpD023he5tGcM%2bI%2fOBycMnYS0a47hnLm
Action.c(582):     qziPriH8Pk3dTzy6uRFAhx2yCwT6AT8sFL563CtybB6JifzvZ6%2fhAr36tE1sF7U5Djp4ksdrVtCU6rDpKynrTjA%
Action.c(582):     2frnBlAZTWkQb%2f%2bFAkTIfaDuWfIEKqbpeoC67%2b%2frgXsz6wcB2Data8owecacZ0mJu%2fN2TG%2fL3E4&ev
Action.c(582):     =2&action=universal&pid=1f165c8c-8189-4a15-bae5-3131d2d774fc&rn=1044736190&hmguid=4cd107f2
Action.c(582):     -ed29-4aef-8a5b-ac50d22f1f11&ashown=125094,146114,1665","hooklogicProductIds":"125094,1461
Action.c(582):     14,1665","hasNutrition":false,"products":[{"hooklogicClickBeacon":"//b-uat.hlserve.com/bea
Action.c(582):     con?fid=101&hl_qs=8krDlrxxU1W1U%2fsW3SD91y5HpJp17DZRLZnpgBU6NC47G2bkyzNIuzrIro5cW7l2QNyyWO
Action.c(582):     px0vAeqUBPtQUHoYQmKw2qZ3Az%2fF0Ol0j3Y16z%2fvqaJCQaS2Lh3%2f%2f%2f2i8gtrPVUkOYcoZ5fCpkjdjHsS
Action.c(582):     ysUnFXzBtz5kKZ6%2fXYrRyPi7KXF1Hw%2fffj5FzG%2boTCK5SfNbqYN1IgN%2flzJMDXawqksQO7J43LMlCo8oeh
Action.c(582):     y2s%2b7Wjw6qRgifsYAVZTxQ%2bAqNURKD47OeR0MSykUrg0yHUufbXPB0YyPYbzoApJ63euIu4s4nA8tynO0nxg8E
Action.c(582):     DZ24hHFLNJnS9d4xQ%2f6umsjC1jC1RLj0az22d54SbdBn3tCgXv19AZihnvWd7AGP%2bBZIJodVGI3OflywAhLXwM
Action.c(582):     %2f9gLmHEe8Bbnk%2fS7OV6i4Vm%2fgW4Avx7fB%2fznwQ%2bkttAE1py%2fn2EBwuGZOFjW6KkO5lniqjGH4f6HFF
Action.c(582):     h1DKDl3JCh7mhsS2r1Ay2TMgZmPbONXXAXHW5Vb9JPi7yJRxKuP03MkrYIgckG4EWMd0%2bvdwfWSCEmuY4XTAFrZN
Action.c(582):     Ih8IoBu2XdSzkqA1h1sVHxaB0q8E81mc0i1JPCTZtjGQ%2fys80lMEt7o14wT%2boqPTeaq8LuOCzRhauM%2fF5Oe7
Action.c(582):     eTBEi7K4J7YfTcsocT6hK3CdJGCd2rx43uEASlwkSJsXoVz%2bvKOVaCVSnfywl%2bJZP9bm%2bRezKXIbTnzTuUw4
Action.c(582):     vvTtg7%2bfzuBWwspF5QO8OzeEZeD1UH1rhKs%2f%2b8viEOiFEZEAnTtbVdXLAEqq47hKJKwMl%2fkWsYjoBGNJnb
Action.c(582):     u0do2bVz6oXXAfYfpvAGPwJgvrODx38e0xsGbIsPOxd6k5OXLh0XwXo2640ApRJPZSzm021BHgwrxx%2bcqFfZYlAq
Action.c(582):     y42826vkKuZRQ%2fS2CS2aedtloPmvwUk1FlkDbEM6fe9%2bGxaqv46QjA3ZMweHpHwAuuAILe9Eg9IYuuIGYtZbFl
Action.c(582):     1oSmf02hTDJNNnURhoYmTrFOK7TaBs0IcKNdyrP0dQ5e5EL2LqeNVyEIBNrz6XJmJT%2b430NQniogHG5yOmN6Uo8m
Action.c(582):     odjpFsFIbh2roakeU%2b2SyENhTgZ96vhmLA5HbDxfsMNyo%2fBuCe6cF6%2fERmaQ38u%2bVBNCcGVvIEYI9ULgUc
Action.c(582):     skgd18wSjEqZiIYHbZed3mJOPyV31Bs%3d&ev=2&action=click&impressionpid=1f165c8c-8189-4a15-bae5
Action.c(582):     -3131d2d774fc%3a3&rn=1067584400&hmguid=4cd107f2-ed29-4aef-8a5b-ac50d22f1f11","prodId":1250
Action.c(582):     94,"name":"Nabisco Ritz Cracker Sandwiches With Peanut Butter - 8 ct","size":"11 OZ PKG","
Action.c(582):     unitPrice":0.34,"unitMeasure":"OZ","price":3.69,"regularPrice":3.69,"rootCatId":2332,"root
Action.c(582):     CatSeq":14,"rootCatName":"Snacks & Candy","upc":"4400088210
Action.c(582): t=109325ms: 1369-byte ENCODED response body received for "https://stage.peapod.com/api/v3.0/auctioned/products?productIds=&type=home" (RelFrameId=1, Internal ID=58)
Action.c(582): t=109325ms: 2378-byte DECODED response body for "https://stage.peapod.com/api/v3.0/auctioned/products?productIds=&type=home" (RelFrameId=1, Internal ID=58)
Action.c(582):     ","hasSubstitute":true,"substituteId":46957,"rating":0.0,"ratingReviewsSuppressed":false,"
Action.c(582):     marketSpecificReviews":false,"reviewId":"125094-PPDALL","brandId":3899,"brand":"Nabisco Ri
Action.c(582):     tz","subcatId":4285,"subcatName":"Multi-Pack Crackers","flags":{"sample":false,"suppressed
Action.c(582):     ":false,"active":true,"outOfStock":false,"specialCode":" ","upromise":false,"newArrival":f
Action.c(582):     alse,"privateLabel":false,"preferredItem":false,"bogo":false,"sale":false,"lowPriceEveryda
Action.c(582):     y":false,"organic":false,"dairy":false,"egg":false,"gluten":false,"kosher":true,"peanut":f
Action.c(582):     alse,"nonGMO":false,"vegan":false,"vegeterian":false,"lactoseFree":false,"antibioticFree":
Action.c(582):     false,"wheatFree":false,"hormoneFree":false,"nitrateFree":false,"nitriteFree":false,"natur
Action.c(582):     al":false},"image":{"small":"https://i5.peapod.com/c/79/79U7M.jpg","medium":"https://i5.pe
Action.c(582):     apod.com/c/Q1/Q1DOD.jpg","large":"https://i5.peapod.com/c/5N/5NI5T.jpg","xlarge":"https://
Action.c(582):     i5.peapod.com/c/2M/2MQJ0.jpg"},"bmsm":false,"bmsmTiers":[],"guidingStars":0,"options":[],"
Action.c(582):     suppressSwapAndSave":false,"productCategoryId":4286,"hasPriceAdjustment":false,"hasPickSto
Action.c(582):     reLocation":false,"hasCoupon":false},{"hooklogicClickBeacon":"//b-uat.hlserve.com/beacon?f
Action.c(582):     id=101&hl_qs=8krDlrxxU1W1U%2fsW3SD91y5HpJp17DZRLZnpgBU6NC64Aw%2fetGgzWm6Y7wv%2fSqA2yFeUu4%
Action.c(582):     2bilg0Q%2fUHVXYHEs3AglsW1Cj5WcZifiMgOuk0%2btiWQSrNeTsSNkk2D8WXYjNoWjNLk%2f2mzuIneOzZU54c9%
Action.c(582):     2bydxAGLNdFPLhRxiu4u9jHXiaYjM3vBXf1KaXPGP5rtjyP4uzV%2boHEyR3Gn6Qst7SBQ8LV%2fXOIQAPej3wiPOX
Action.c(582):     e8raH%2fP7anKNUjF6MNiqA93AKcNzZRXpHRJzmWcwEYF4prUqXDNSUeOCU45lm0732Gxs5v3dESp8a%2bljZcJA3v
Action.c(582):     %2bxOwT9buzb4yDJiS%2feyO%2fWRW5lOAGHNVvThp09nT810l%2b0k4xbXBynXU2cFBaElTjsek%2f5FYOPkgKxFi
Action.c(582):     uQKF0ox2b1gufKq0szq1TkU5eY%2by8GjY9z36oSESEaZvHLErsZFc4tX%2b4mJqT5vBqlS%2bbxkgjkj7Tl%2fzDJ
Action.c(582):     %2fjpjQjd%2bCErWR0tK26uDW6r%2fAwD8iLlaSbofGx47eDcJEIh9v%2fV22pWf7k67SZJwLHqMCJP8Ih8umJRsx8
Action.c(582):     qqtn5u1o%2bxP0LIDNVYD%2bRHxssUHTYDZ9SWWTrpuTV%2b6ju87wj6BFM%2fpIPTNDCB9XQWFpXsubqP1Aa5u0Ru
Action.c(582):     9taOB9LbvKPinqPpEKS8ESfaXGjjIffXnkEdXT1ID1RQb2hAXfnQjWH25CM2sCdb0xdOnLH3mJ3EaX85odVsXlnwzv
Action.c(582):     Cpn%2f8pvtQN7oWQ2MPSZDQUkWkKaShh45%2f%2bQNTf1aRp7gcfDgLExbNYXpyWs8YzMX3VZEy%2fF11ovSqr0Rkb
Action.c(582):     p4gRMFfPhdo7n%2fBdK46d%2f9VNduc2v4o4ETNrlJeBDyJn%2fa6OdQNuzqIKM7obXFst3YoK1Jbfo8rkgs6IIcAx
Action.c(582):     cWXdiNknjTv9sSV7Xto0EexoFu6W8sGnimwK3XjGdGZJ2%2fS0sWweKqUGN5%2bQu9go0Hr%2fATowVkZGJcqDc8%2
Action.c(582):     bJfcjqWcyP5UIgf74%2fGaS33EEU2XhBptzHVbYKzuCasX1DZ9agN57tiXlTAvLp%2fZ6rfflgTlvXKCpHioP1iQzs
Action.c(582):     LjSakFrjDzhbqmz1%2ffRGE%2fxyjJ5z5ZM7ZU
Action.c(582): t=109330ms: 1491-byte ENCODED response body received for "https://stage.peapod.com/api/v3.0/auctioned/products?productIds=&type=home" (RelFrameId=1, Internal ID=58)
Action.c(582): t=109330ms: 4531-byte DECODED response body for "https://stage.peapod.com/api/v3.0/auctioned/products?productIds=&type=home" (RelFrameId=1, Internal ID=58)
Action.c(582):     p%2fbVmgFaBenk%2bkfF5J9YVdyT3y3hnGsSqdAYux0i3L%2fODw7q5S6IihexK8sdFDKY9J5ACpuZtz3u58bkebYw
Action.c(582):     MGyMpuEPHpKp2SKS1cxHz56AVq%2bT7V60vzjACdx2dkw%2faeQ%3d%3d&ev=2&action=click&impressionpid=
Action.c(582):     1f165c8c-8189-4a15-bae5-3131d2d774fc%3a7&rn=310777123&hmguid=4cd107f2-ed29-4aef-8a5b-ac50d
Action.c(582):     22f1f11","prodId":146114,"name":"Clorox 2 Stain Remover & Color Booster Liquid Free & Clea
Action.c(582):     r","size":"33 OZ BTL","unitPrice":0.21,"unitMeasure":"OZ","price":6.99,"regularPrice":6.99
Action.c(582):     ,"rootCatId":1483,"rootCatSeq":18,"rootCatName":"Laundry, Paper & Cleaning","upc":"4460030
Action.c(582):     046","hasSubstitute":true,"substituteId":50428,"rating":0.0,"ratingReviewsSuppressed":fals
Action.c(582):     e,"marketSpecificReviews":false,"reviewId":"146114-PPDALL","brandId":209,"brand":"Clorox",
Action.c(582):     "subcatId":3494,"subcatName":"Color Safe Bleach","flags":{"sample":false,"suppressed":fals
Action.c(582):     e,"active":true,"outOfStock":false,"specialCode":" ","upromise":false,"newArrival":false,"
Action.c(582):     privateLabel":false,"preferredItem":false,"bogo":false,"sale":false,"lowPriceEveryday":fal
Action.c(582):     se,"organic":false,"dairy":false,"egg":false,"gluten":false,"kosher":false,"peanut":false,
Action.c(582):     "nonGMO":false,"vegan":false,"vegeterian":false,"lactoseFree":false,"antibioticFree":false
Action.c(582):     ,"wheatFree":false,"hormoneFree":false,"nitrateFree":false,"nitriteFree":false,"natural":f
Action.c(582):     alse},"image":{"small":"https://i5.peapod.com/c/ED/ED51V.jpg","medium":"https://i5.peapod.
Action.c(582):     com/c/L8/L8SIX.jpg","large":"https://i5.peapod.com/c/KM/KMGS6.jpg","xlarge":"https://i5.pe
Action.c(582):     apod.com/c/8U/8U9NS.jpg"},"bmsm":false,"bmsmTiers":[],"guidingStars":0,"options":[],"suppr
Action.c(582):     essSwapAndSave":false,"productCategoryId":3494,"hasPriceAdjustment":false,"hasPickStoreLoc
Action.c(582):     ation":false,"hasCoupon":false},{"hooklogicClickBeacon":"//b-uat.hlserve.com/beacon?fid=10
Action.c(582):     1&hl_qs=8krDlrxxU1W1U%2fsW3SD91y5HpJp17DZRLZnpgBU6NC4CFknnU5uY41tRlLELIpqekyyHRlsuqVzQ8vdq
Action.c(582):     2pC9ODw5bsn%2bZrQIIecb03r4PvXu9smeeFrus%2bYIxVw0bRjM9dlQkMf4V6ADXF8vx0IMb0UAmF8IwtULGW0A%2
Action.c(582):     f3DZRNUGHzdoWk5tqEU8A34rPDxdwKXd%2fEgTolk1b334ydmfikP7wrxOEQ2EA6CSozB5ObSUb78kYZd2wPro4K7s
Action.c(582):     SnjGlhw7DsaNPi%2fhdexuvnp261v9Aeg%2bq3V3oNmwIJTGb2oBwfwjNYwEnLSnjq3UlV7AVayL%2fRoOw2pNA1Ln
Action.c(582):     w22JmWOMRoFaJV5fwkKAFKN4MmI4mEsVmYXDBBXmGDUgit%2bFjrZm17kRimxnmHZ1Ar4Mhlcxyp2wC6Zdvex0K65f
Action.c(582):     oMeUc2mVmPOm9L2G%2fp%2fNgd2y0Lyf5DuzvG4ZZa5zX99QaJJUlPO%2bMnYViVsoSoXzG6ahmSHTPUoEQUwllQv3
Action.c(582):     0EKWqbkk7ikFpXuqQ%2fT4k0ybPTyHUf87wttCgDE%2bFtL4jbq7azB0HQICwvOXfU21vumJtTd%2bdcMMaWIKEbz9
Action.c(582):     PScpGJyEAdaa0%2fepI2o7y1KPc7Ba5BmuYAJkVrC19vrV7K0y4kQyMopHQ0U0JVMleYW9KDC2vQOkRMCbKu5xeeSz
Action.c(582):     bqJwY0oS7rn%2btiWdMJjHkWG%2bt%2f4V7t%2fHfP8j2Eyf6vJ6M00AI4QTz2hWN6msgPyZfOjr9ZauH69tEocVGR
Action.c(582):     ubBbCvwZr8pyNBp1T6YgxWA3nbO4MQbaQTHneMVl5f6IUvqGscxiexqbE9ZALIKiLNEANADxM%2bbWhBlYm%2bEvHr
Action.c(582):     AOz3xNb%2bWnufycknSk%2bY3aF813GLF9DDfOSPjziMq9ABCU266soHWth%2f4HNbtvCaq5TPJktUwl7WIw5W%2f2
Action.c(582):     W8G%2f0PK2ycbsfgguSNpatRuynBrVVTneWTA%2f%2b6xnHO%2fFpy%2bFpkR5Shk6N6sYt2fEg6OmuLwFmxxGv8SI
Action.c(582):     QDsR%2bzCgSSyabvyN%2b8tCkWYGlDVYdD0S3pW6JdcmKCIp3yS872HkwOKoFOpglFBkrPJuIzDQuD8mg5SX%2bVqB
Action.c(582):     UIGCoDdDLGMcFuU243nHk0LkDNcGMhXI3jLOc%2fUhd5fgvhHkIt3y0WsxCCHuwtwf4q5hF3zN6XKJrNDA%3d%3d&e
Action.c(582):     v=2&action=click&impressionpid=1f165c8c-8189-4a15-bae5-3131d2d774fc%3a16&rn=478735650&hmgu
Action.c(582):     id=4cd107f2-ed29-4aef-8a5b-ac50d22f1f11","prodId":1665,"name":"Philadelphia Cream Cheese S
Action.c(582):     pread Original","size":"8 OZ TUB","unitPrice":7.18,"unitMeasure":"LB","price":3.59,"regula
Action.c(582):     rPrice":3.59,"rootCatId":1834,"rootCatSeq":6,"rootCatName":"Dairy","upc":"2100000014","has
Action.c(582):     Substitute":true,"substituteId":1766,"rating":0.0,"ratingReviewsSuppressed":false,"marketS
Action.c(582):     pecificReviews":false,"reviewId":"1665-PPDALL","brandId":496,"brand":"Kraft Philadelphia",
Action.c(582):     "subcatId":3627,"subcatName":"Plain Soft Cream Cheese","flags":{"sample":false,"suppressed
Action.c(582):     ":false,"active":true,"outOfStock":false,"specialCode":" ","upromise":false,"newArrival":f
Action.c(582):     alse,"privateLabel":false,"preferredItem":false,"bogo":false,"sale":false,"lowPriceEveryda
Action.c(582):     y":false,"organic":false,"dairy":false,"egg":false,"gluten":false,"kosher":true,"peanut":f
Action.c(582):     alse,"nonGMO":false,"vegan":false,"vegeterian":false,"lactoseFree":false,"antibioticFree":
Action.c(582):     false,"wheatFree":false,"hormoneFree":false,"nitrateFree":false,"nitriteFree":false,"natur
Action.c(582):     al":false},"image":{"small":"https://i5.peapod.com/c/EZ/EZPR5.jpg","medium":"https://i5.pe
Action.c(582):     apod.com/c/LW/LWMX8.jpg","large":"https://i5.peapod.com/c/K0/K0H5G.jpg","xlarge":"https://
Action.c(582):     i5.peapod.com/c/PI/PILF3.jpg"},"bmsm":false,"bmsmTiers":[],"guidingStars":0,"options":[],"
Action.c(582):     suppressSwapAndSave":false,"productCategoryId":3627,"hasPriceAdjustment":false,"hasPickSto
Action.c(582):     reLocation":false,"hasCoupon":false}],"pagination":{"rows":0,"start":0,"total":0}},"sessio
Action.c(582):     nId":"IIFRJAZ4OWS4UCWWM4JCF3Q"}
Action.c(582): web_custom_request("products_2") was successful, 8946 body bytes, 752 header bytes  	[MsgId: MMSG-26386]
Action.c(591): web_custom_request("cart_4") started  	[MsgId: MMSG-26355]
Action.c(591): t=110542ms: 752-byte response headers for "https://stage.peapod.com/api/v3.0/user/cart?flags=true&image=true&sort=category+asc" (RelFrameId=1, Internal ID=59)
Action.c(591):     HTTP/1.1 200 OK\r\n
Action.c(591):     Date: Sun, 24 Nov 2019 16:41:08 GMT\r\n
Action.c(591):     Content-Type: application/json;charset=utf-8\r\n
Action.c(591):     Transfer-Encoding: chunked\r\n
Action.c(591):     Connection: keep-alive\r\n
Action.c(591):     Strict-Transport-Security: max-age=63072000; includeSubdomains;\r\n
Action.c(591):     access-control-allow-credentials: true\r\n
Action.c(591):     access-control-allow-origin:\r\n
Action.c(591):     expires: 0\r\n
Action.c(591):     Vary: Accept-Encoding,User-Agent\r\n
Action.c(591):     Content-Encoding: gzip\r\n
Action.c(591):     Cache-Control: no-store\r\n
Action.c(591):     X-XSS-Protection: 1; mode=block\r\n
Action.c(591):     X-Content-Type-Options: nosniff\r\n
Action.c(591):     Strict-Transport-Security: max-age=86400; includeSubDomains\r\n
Action.c(591):     Content-Security-Policy: frame-ancestors 'self' *.giantfood.com\r\n
Action.c(591):     CF-Cache-Status: DYNAMIC\r\n
Action.c(591):     Expect-CT: max-age=604800, report-uri="https://report-uri.cloudflare.com/cdn-cgi/beacon/ex
Action.c(591):     pect-ct"\r\n
Action.c(591):     Server: cloudflare\r\n
Action.c(591):     CF-RAY: 53acd420d8f195ae-IAD\r\n
Action.c(591):     \r\n
Action.c(591): t=110546ms: 351-byte ENCODED response body received for "https://stage.peapod.com/api/v3.0/user/cart?flags=true&image=true&sort=category+asc" (RelFrameId=1, Internal ID=59)
Action.c(591): t=110547ms: 684-byte DECODED response body for "https://stage.peapod.com/api/v3.0/user/cart?flags=true&image=true&sort=category+asc" (RelFrameId=1, Internal ID=59)
Action.c(591):     {"response":{"items":[],"removedItems":[],"subTotalPrice":0.0,"tax":0.0,"driverTip":0.0,"f
Action.c(591):     ees":{"deliveryFee":9.95,"electPmtDiscount":0.0,"promotionSavings":0.0,"giftCardDiscount":
Action.c(591):     0.0,"fuelSurcharge":0.05},"total":10.0,"savings":{"couponSavings":0.0,"coupons":[],"inStor
Action.c(591):     eCouponSavings":0.0,"inStoreCoupons":[],"weeklySavingsTotal":0.0,"weeklySavingsItems":[],"
Action.c(591):     buyMoreSaveMoreSavingsTotal":0.0,"buyMoreSaveMoreSavingsItems":[],"promotionSavingsTotal":
Action.c(591):     0.0,"promotionSavings":[],"pepDiscount":0.0,"delivDiscount":0.0,"hasPersonalCoupons":false
Action.c(591):     ,"totalSavingsAmt":0.0},"orderId":"d135967125","orderStatusCode":"WORKING","orderLocationC
Action.c(591):     onfirmed":true},"sessionId":"IIFRJAZ4OWS4UCWWM4JCF3Q"}
Action.c(591): web_custom_request("cart_4") was successful, 351 body bytes, 752 header bytes  	[MsgId: MMSG-26386]
Action.c(600): web_custom_request("query") started  	[MsgId: MMSG-26355]
Action.c(600): Notify: Parameter Substitution: parameter "C_userId" =  "91117310"
Action.c(600): Warning: The string '"numberOfDays":10' with parameter delimiters is not a parameter.
Action.c(600): t=111609ms: 752-byte response headers for "https://stage.peapod.com/api/v4.0/user/91117310/orders/query" (RelFrameId=1, Internal ID=60)
Action.c(600):     HTTP/1.1 200 OK\r\n
Action.c(600):     Date: Sun, 24 Nov 2019 16:41:09 GMT\r\n
Action.c(600):     Content-Type: application/json;charset=utf-8\r\n
Action.c(600):     Transfer-Encoding: chunked\r\n
Action.c(600):     Connection: keep-alive\r\n
Action.c(600):     Strict-Transport-Security: max-age=63072000; includeSubdomains;\r\n
Action.c(600):     access-control-allow-credentials: true\r\n
Action.c(600):     access-control-allow-origin:\r\n
Action.c(600):     expires: 0\r\n
Action.c(600):     Vary: Accept-Encoding,User-Agent\r\n
Action.c(600):     Content-Encoding: gzip\r\n
Action.c(600):     Cache-Control: no-store\r\n
Action.c(600):     X-XSS-Protection: 1; mode=block\r\n
Action.c(600):     X-Content-Type-Options: nosniff\r\n
Action.c(600):     Strict-Transport-Security: max-age=86400; includeSubDomains\r\n
Action.c(600):     Content-Security-Policy: frame-ancestors 'self' *.giantfood.com\r\n
Action.c(600):     CF-Cache-Status: DYNAMIC\r\n
Action.c(600):     Expect-CT: max-age=604800, report-uri="https://report-uri.cloudflare.com/cdn-cgi/beacon/ex
Action.c(600):     pect-ct"\r\n
Action.c(600):     Server: cloudflare\r\n
Action.c(600):     CF-RAY: 53acd4278cbdf0cd-IAD\r\n
Action.c(600):     \r\n
Action.c(600): t=111614ms: 99-byte ENCODED response body received for "https://stage.peapod.com/api/v4.0/user/91117310/orders/query" (RelFrameId=1, Internal ID=60)
Action.c(600): t=111615ms: 73-byte DECODED response body for "https://stage.peapod.com/api/v4.0/user/91117310/orders/query" (RelFrameId=1, Internal ID=60)
Action.c(600):     {"response":{"completedOrders":[]},"sessionId":"IIFRJAZ4OWS4UCWWM4JCF3Q"}
Action.c(600): web_custom_request("query") was successful, 99 body bytes, 752 header bytes  	[MsgId: MMSG-26386]
Action.c(612): web_custom_request("status_8") started  	[MsgId: MMSG-26355]
Action.c(612): t=113141ms: 752-byte response headers for "https://stage.peapod.com/api/v3.0/user/order/status?routeService=true" (RelFrameId=1, Internal ID=61)
Action.c(612):     HTTP/1.1 200 OK\r\n
Action.c(612):     Date: Sun, 24 Nov 2019 16:41:10 GMT\r\n
Action.c(612):     Content-Type: application/json;charset=utf-8\r\n
Action.c(612):     Transfer-Encoding: chunked\r\n
Action.c(612):     Connection: keep-alive\r\n
Action.c(612):     Strict-Transport-Security: max-age=63072000; includeSubdomains;\r\n
Action.c(612):     access-control-allow-credentials: true\r\n
Action.c(612):     access-control-allow-origin:\r\n
Action.c(612):     expires: 0\r\n
Action.c(612):     Vary: Accept-Encoding,User-Agent\r\n
Action.c(612):     Content-Encoding: gzip\r\n
Action.c(612):     Cache-Control: no-store\r\n
Action.c(612):     X-XSS-Protection: 1; mode=block\r\n
Action.c(612):     X-Content-Type-Options: nosniff\r\n
Action.c(612):     Strict-Transport-Security: max-age=86400; includeSubDomains\r\n
Action.c(612):     Content-Security-Policy: frame-ancestors 'self' *.giantfood.com\r\n
Action.c(612):     CF-Cache-Status: DYNAMIC\r\n
Action.c(612):     Expect-CT: max-age=604800, report-uri="https://report-uri.cloudflare.com/cdn-cgi/beacon/ex
Action.c(612):     pect-ct"\r\n
Action.c(612):     Server: cloudflare\r\n
Action.c(612):     CF-RAY: 53acd4311fcfcf14-IAD\r\n
Action.c(612):     \r\n
Action.c(612): t=113146ms: 219-byte ENCODED response body received for "https://stage.peapod.com/api/v3.0/user/order/status?routeService=true" (RelFrameId=1, Internal ID=61)
Action.c(612): t=113147ms: 297-byte DECODED response body for "https://stage.peapod.com/api/v3.0/user/order/status?routeService=true" (RelFrameId=1, Internal ID=61)
Action.c(612):     {"response":{"currentOrder":{"status":"WORKING","unattended":false,"eta":false,"isRedelive
Action.c(612):     ry":false,"orderId":"d135967125"},"pendingOrder":[],"orderId":"d135967125","store":{"id":2
Action.c(612):     ,"priceZone":1,"pickupMinOrder":0.0,"deliveryMinOrder":60.0,"isPickup":false}},"sessionId"
Action.c(612):     :"IIFRJAZ4OWS4UCWWM4JCF3Q"}
Action.c(612): web_custom_request("status_8") was successful, 219 body bytes, 752 header bytes  	[MsgId: MMSG-26386]
Action.c(621): web_custom_request("init_3") started  	[MsgId: MMSG-26355]
Action.c(621): t=114152ms: 770-byte response headers for "https://stage.peapod.com/api/v2.0/user/init" (RelFrameId=1, Internal ID=62)
Action.c(621):     HTTP/1.1 200 OK\r\n
Action.c(621):     Date: Sun, 24 Nov 2019 16:41:11 GMT\r\n
Action.c(621):     Content-Type: application/json;charset=utf-8\r\n
Action.c(621):     Transfer-Encoding: chunked\r\n
Action.c(621):     Connection: keep-alive\r\n
Action.c(621):     Strict-Transport-Security: max-age=63072000; includeSubdomains;\r\n
Action.c(621):     access-control-allow-credentials: true\r\n
Action.c(621):     access-control-allow-origin:\r\n
Action.c(621):     Pragma: no-cache\r\n
Action.c(621):     Cache-Control: no-store\r\n
Action.c(621):     Expires: 0\r\n
Action.c(621):     Vary: Accept-Encoding,User-Agent\r\n
Action.c(621):     Content-Encoding: gzip\r\n
Action.c(621):     X-XSS-Protection: 1; mode=block\r\n
Action.c(621):     X-Content-Type-Options: nosniff\r\n
Action.c(621):     Strict-Transport-Security: max-age=86400; includeSubDomains\r\n
Action.c(621):     Content-Security-Policy: frame-ancestors 'self' *.giantfood.com\r\n
Action.c(621):     CF-Cache-Status: DYNAMIC\r\n
Action.c(621):     Expect-CT: max-age=604800, report-uri="https://report-uri.cloudflare.com/cdn-cgi/beacon/ex
Action.c(621):     pect-ct"\r\n
Action.c(621):     Server: cloudflare\r\n
Action.c(621):     CF-RAY: 53acd4374826f112-IAD\r\n
Action.c(621):     \r\n
Action.c(621): t=114155ms: 202-byte ENCODED response body received for "https://stage.peapod.com/api/v2.0/user/init" (RelFrameId=1, Internal ID=62)
Action.c(621): t=114156ms: 258-byte DECODED response body for "https://stage.peapod.com/api/v2.0/user/init" (RelFrameId=1, Internal ID=62)
Action.c(621):     \n
Action.c(621):     \n
Action.c(621):     \n
Action.c(621):     \n
Action.c(621):             {"response":{"result":{"result":"SUCCESS","code":"USER_ACCOUNT_GET_SUCCESS"},"data
Action.c(621):     ":{"handle":"perftest22nov5201@test.com","email":"perftest22nov5201@test.com","buddyEmail"
Action.c(621):     :"","activeStep":"completed"}},"sessionId":"IIFRJAZ4OWS4UCWWM4JCF3Q"}\n
Action.c(621):         
Action.c(621): web_custom_request("init_3") was successful, 202 body bytes, 770 header bytes  	[MsgId: MMSG-26386]
Action.c(630): web_custom_request("status_9") started  	[MsgId: MMSG-26355]
Action.c(630): t=115492ms: 752-byte response headers for "https://stage.peapod.com/api/v3.0/user/order/status?routeService=false" (RelFrameId=1, Internal ID=63)
Action.c(630):     HTTP/1.1 200 OK\r\n
Action.c(630):     Date: Sun, 24 Nov 2019 16:41:12 GMT\r\n
Action.c(630):     Content-Type: application/json;charset=utf-8\r\n
Action.c(630):     Transfer-Encoding: chunked\r\n
Action.c(630):     Connection: keep-alive\r\n
Action.c(630):     Strict-Transport-Security: max-age=63072000; includeSubdomains;\r\n
Action.c(630):     access-control-allow-credentials: true\r\n
Action.c(630):     access-control-allow-origin:\r\n
Action.c(630):     expires: 0\r\n
Action.c(630):     Vary: Accept-Encoding,User-Agent\r\n
Action.c(630):     Content-Encoding: gzip\r\n
Action.c(630):     Cache-Control: no-store\r\n
Action.c(630):     X-XSS-Protection: 1; mode=block\r\n
Action.c(630):     X-Content-Type-Options: nosniff\r\n
Action.c(630):     Strict-Transport-Security: max-age=86400; includeSubDomains\r\n
Action.c(630):     Content-Security-Policy: frame-ancestors 'self' *.giantfood.com\r\n
Action.c(630):     CF-Cache-Status: DYNAMIC\r\n
Action.c(630):     Expect-CT: max-age=604800, report-uri="https://report-uri.cloudflare.com/cdn-cgi/beacon/ex
Action.c(630):     pect-ct"\r\n
Action.c(630):     Server: cloudflare\r\n
Action.c(630):     CF-RAY: 53acd43fef6ec16b-IAD\r\n
Action.c(630):     \r\n
Action.c(630): t=115497ms: 219-byte ENCODED response body received for "https://stage.peapod.com/api/v3.0/user/order/status?routeService=false" (RelFrameId=1, Internal ID=63)
Action.c(630): t=115498ms: 297-byte DECODED response body for "https://stage.peapod.com/api/v3.0/user/order/status?routeService=false" (RelFrameId=1, Internal ID=63)
Action.c(630):     {"response":{"currentOrder":{"status":"WORKING","unattended":false,"eta":false,"isRedelive
Action.c(630):     ry":false,"orderId":"d135967125"},"pendingOrder":[],"orderId":"d135967125","store":{"id":2
Action.c(630):     ,"priceZone":1,"pickupMinOrder":0.0,"deliveryMinOrder":60.0,"isPickup":false}},"sessionId"
Action.c(630):     :"IIFRJAZ4OWS4UCWWM4JCF3Q"}
Action.c(630): web_custom_request("status_9") was successful, 219 body bytes, 752 header bytes  	[MsgId: MMSG-26386]
Action.c(639): web_custom_request("status_10") started  	[MsgId: MMSG-26355]
Action.c(639): t=116584ms: 770-byte response headers for "https://stage.peapod.com/api/v2.0/user/status" (RelFrameId=1, Internal ID=64)
Action.c(639):     HTTP/1.1 200 OK\r\n
Action.c(639):     Date: Sun, 24 Nov 2019 16:41:14 GMT\r\n
Action.c(639):     Content-Type: application/json;charset=utf-8\r\n
Action.c(639):     Transfer-Encoding: chunked\r\n
Action.c(639):     Connection: keep-alive\r\n
Action.c(639):     Strict-Transport-Security: max-age=63072000; includeSubdomains;\r\n
Action.c(639):     access-control-allow-credentials: true\r\n
Action.c(639):     access-control-allow-origin:\r\n
Action.c(639):     Pragma: no-cache\r\n
Action.c(639):     Cache-Control: no-store\r\n
Action.c(639):     Expires: 0\r\n
Action.c(639):     Vary: Accept-Encoding,User-Agent\r\n
Action.c(639):     Content-Encoding: gzip\r\n
Action.c(639):     X-XSS-Protection: 1; mode=block\r\n
Action.c(639):     X-Content-Type-Options: nosniff\r\n
Action.c(639):     Strict-Transport-Security: max-age=86400; includeSubDomains\r\n
Action.c(639):     Content-Security-Policy: frame-ancestors 'self' *.giantfood.com\r\n
Action.c(639):     CF-Cache-Status: DYNAMIC\r\n
Action.c(639):     Expect-CT: max-age=604800, report-uri="https://report-uri.cloudflare.com/cdn-cgi/beacon/ex
Action.c(639):     pect-ct"\r\n
Action.c(639):     Server: cloudflare\r\n
Action.c(639):     CF-RAY: 53acd446cce4cf20-IAD\r\n
Action.c(639):     \r\n
Action.c(639): t=116588ms: 120-byte ENCODED response body received for "https://stage.peapod.com/api/v2.0/user/status" (RelFrameId=1, Internal ID=64)
Action.c(639): t=116589ms: 105-byte DECODED response body for "https://stage.peapod.com/api/v2.0/user/status" (RelFrameId=1, Internal ID=64)
Action.c(639):     \n
Action.c(639):     \n
Action.c(639):     \n
Action.c(639):     \n
Action.c(639):             {"response":{"userStatus":"R","secureLogin":true},"sessionId":"IIFRJAZ4OWS4UCWWM4J
Action.c(639):     CF3Q"}\n
Action.c(639):         
Action.c(639): web_custom_request("status_10") was successful, 120 body bytes, 770 header bytes  	[MsgId: MMSG-26386]
Action.c(648): web_custom_request("cms_14") started  	[MsgId: MMSG-26355]
Action.c(648): t=117503ms: 752-byte response headers for "https://stage.peapod.com/api/v2.0/cms?regions=%7B%22home_page_promo%22:%7B%22limit%22:1,%22ff%22:%7B%22Landing+Page+Id%22:%5B%22default%22%5D%7D%7D%7D" (RelFrameId=1, Internal ID=65)
Action.c(648):     HTTP/1.1 200 OK\r\n
Action.c(648):     Date: Sun, 24 Nov 2019 16:41:15 GMT\r\n
Action.c(648):     Content-Type: application/json;charset=utf-8\r\n
Action.c(648):     Transfer-Encoding: chunked\r\n
Action.c(648):     Connection: keep-alive\r\n
Action.c(648):     Strict-Transport-Security: max-age=63072000; includeSubdomains;\r\n
Action.c(648):     access-control-allow-credentials: true\r\n
Action.c(648):     access-control-allow-origin:\r\n
Action.c(648):     expires: 0\r\n
Action.c(648):     Vary: Accept-Encoding,User-Agent\r\n
Action.c(648):     Content-Encoding: gzip\r\n
Action.c(648):     Cache-Control: no-store\r\n
Action.c(648):     X-XSS-Protection: 1; mode=block\r\n
Action.c(648):     X-Content-Type-Options: nosniff\r\n
Action.c(648):     Strict-Transport-Security: max-age=86400; includeSubDomains\r\n
Action.c(648):     Content-Security-Policy: frame-ancestors 'self' *.giantfood.com\r\n
Action.c(648):     CF-Cache-Status: DYNAMIC\r\n
Action.c(648):     Expect-CT: max-age=604800, report-uri="https://report-uri.cloudflare.com/cdn-cgi/beacon/ex
Action.c(648):     pect-ct"\r\n
Action.c(648):     Server: cloudflare\r\n
Action.c(648):     CF-RAY: 53acd44c6a09f0e1-IAD\r\n
Action.c(648):     \r\n
Action.c(648): t=117508ms: 135-byte ENCODED response body received for "https://stage.peapod.com/api/v2.0/cms?regions=%7B%22home_page_promo%22:%7B%22limit%22:1,%22ff%22:%7B%22Landing+Page+Id%22:%5B%22default%22%5D%7D%7D%7D" (RelFrameId=1, Internal ID=65)
Action.c(648): t=117508ms: 130-byte DECODED response body for "https://stage.peapod.com/api/v2.0/cms?regions=%7B%22home_page_promo%22:%7B%22limit%22:1,%22ff%22:%7B%22Landing+Page+Id%22:%5B%22default%22%5D%7D%7D%7D" (RelFrameId=1, Internal ID=65)
Action.c(648):     {"response":{"regionContents":[{"region":"home_page_promo","contents":[]}],"resultCount":0
Action.c(648):     },"sessionId":"IIFRJAZ4OWS4UCWWM4JCF3Q"}
Action.c(648): web_custom_request("cms_14") was successful, 135 body bytes, 752 header bytes  	[MsgId: MMSG-26386]
Action.c(657): web_custom_request("slots_6") started  	[MsgId: MMSG-26355]
Action.c(657): t=118607ms: 752-byte response headers for "https://stage.peapod.com/api/v2.0/user/slots?delivAvail=true&headers=false&pupAvail=true&selected=true" (RelFrameId=1, Internal ID=66)
Action.c(657):     HTTP/1.1 200 OK\r\n
Action.c(657):     Date: Sun, 24 Nov 2019 16:41:16 GMT\r\n
Action.c(657):     Content-Type: application/json;charset=utf-8\r\n
Action.c(657):     Transfer-Encoding: chunked\r\n
Action.c(657):     Connection: keep-alive\r\n
Action.c(657):     Strict-Transport-Security: max-age=63072000; includeSubdomains;\r\n
Action.c(657):     access-control-allow-credentials: true\r\n
Action.c(657):     access-control-allow-origin:\r\n
Action.c(657):     expires: 0\r\n
Action.c(657):     Vary: Accept-Encoding,User-Agent\r\n
Action.c(657):     Content-Encoding: gzip\r\n
Action.c(657):     Cache-Control: no-store\r\n
Action.c(657):     X-XSS-Protection: 1; mode=block\r\n
Action.c(657):     X-Content-Type-Options: nosniff\r\n
Action.c(657):     Strict-Transport-Security: max-age=86400; includeSubDomains\r\n
Action.c(657):     Content-Security-Policy: frame-ancestors 'self' *.giantfood.com\r\n
Action.c(657):     CF-Cache-Status: DYNAMIC\r\n
Action.c(657):     Expect-CT: max-age=604800, report-uri="https://report-uri.cloudflare.com/cdn-cgi/beacon/ex
Action.c(657):     pect-ct"\r\n
Action.c(657):     Server: cloudflare\r\n
Action.c(657):     CF-RAY: 53acd452c9c6f11a-IAD\r\n
Action.c(657):     \r\n
Action.c(657): t=118611ms: 132-byte ENCODED response body received for "https://stage.peapod.com/api/v2.0/user/slots?delivAvail=true&headers=false&pupAvail=true&selected=true" (RelFrameId=1, Internal ID=66)
Action.c(657): t=118611ms: 123-byte DECODED response body for "https://stage.peapod.com/api/v2.0/user/slots?delivAvail=true&headers=false&pupAvail=true&selected=true" (RelFrameId=1, Internal ID=66)
Action.c(657):     {"response":{"serviceType":"D","delivAvail":true,"pupAvail":true,"selectedSlotId":0},"sess
Action.c(657):     ionId":"IIFRJAZ4OWS4UCWWM4JCF3Q"}
Action.c(657): web_custom_request("slots_6") was successful, 132 body bytes, 752 header bytes  	[MsgId: MMSG-26386]
Action.c(666): web_custom_request("log") started  	[MsgId: MMSG-26355]
Action.c(666): Warning: The string '"messages":["Mozilla/5.0 (Windows NT 10.0; Win64; x64) AppleWebKit/537.36 (KHTML, like Gecko) Chrome/78.0.3904.97 Safari/537.36||R|route_change|<path:\"/?gateway=1\"><resolution:\"1536x754\"><screenSize:\"desktop\"><mobileapp:\"0\">"]' with parameter delimiters is not a parameter.
Action.c(666): t=119705ms: 770-byte response headers for "https://stage.peapod.com/api/v2.0/client/log" (RelFrameId=1, Internal ID=67)
Action.c(666):     HTTP/1.1 200 OK\r\n
Action.c(666):     Date: Sun, 24 Nov 2019 16:41:17 GMT\r\n
Action.c(666):     Content-Type: application/json;charset=utf-8\r\n
Action.c(666):     Transfer-Encoding: chunked\r\n
Action.c(666):     Connection: keep-alive\r\n
Action.c(666):     Strict-Transport-Security: max-age=63072000; includeSubdomains;\r\n
Action.c(666):     access-control-allow-credentials: true\r\n
Action.c(666):     access-control-allow-origin:\r\n
Action.c(666):     Pragma: no-cache\r\n
Action.c(666):     Cache-Control: no-store\r\n
Action.c(666):     Expires: 0\r\n
Action.c(666):     Vary: Accept-Encoding,User-Agent\r\n
Action.c(666):     Content-Encoding: gzip\r\n
Action.c(666):     X-XSS-Protection: 1; mode=block\r\n
Action.c(666):     X-Content-Type-Options: nosniff\r\n
Action.c(666):     Strict-Transport-Security: max-age=86400; includeSubDomains\r\n
Action.c(666):     Content-Security-Policy: frame-ancestors 'self' *.giantfood.com\r\n
Action.c(666):     CF-Cache-Status: DYNAMIC\r\n
Action.c(666):     Expect-CT: max-age=604800, report-uri="https://report-uri.cloudflare.com/cdn-cgi/beacon/ex
Action.c(666):     pect-ct"\r\n
Action.c(666):     Server: cloudflare\r\n
Action.c(666):     CF-RAY: 53acd45a4b7dea45-IAD\r\n
Action.c(666):     \r\n
Action.c(666): t=119708ms: 125-byte ENCODED response body received for "https://stage.peapod.com/api/v2.0/client/log" (RelFrameId=1, Internal ID=67)
Action.c(666): t=119708ms: 114-byte DECODED response body for "https://stage.peapod.com/api/v2.0/client/log" (RelFrameId=1, Internal ID=67)
Action.c(666):     \n
Action.c(666):     \n
Action.c(666):     \n
Action.c(666):     \n
Action.c(666):             {"response":{"result":"SUCCESS","code":"MESSAGE_RECEIVED"},"sessionId":"IIFRJAZ4OW
Action.c(666):     S4UCWWM4JCF3Q"}\n
Action.c(666):         
Action.c(666): web_custom_request("log") was successful, 125 body bytes, 770 header bytes  	[MsgId: MMSG-26386]
Action.c(678): web_custom_request("log_2") started  	[MsgId: MMSG-26355]
Action.c(678): Warning: The string '"messages":["Mozilla/5.0 (Windows NT 10.0; Win64; x64) AppleWebKit/537.36 (KHTML, like Gecko) Chrome/78.0.3904.97 Safari/537.36||E|content_view|<region:\"home_page_tiles\"><scheduledContentId:\"CSDEV-4142\"><contentId:\"CSDEV-4143\"><resolution:\"1536x754\"><screenSize:\"desktop\">","Mozilla/5.0 (Windows NT 10.0; Win64; x64) AppleWebKit/537.36 (KHTML, like Gecko) Chrome/78.0.3904.97 Safari/537.36||E|content_view|<region:\"home_page_promonav\"><scheduledContentId:\"CSDEV-1584\"><contentId:\"CSDEV-1578\"><contentModuleId:\"CSDEV-1587\"><resolution:\"1536x754\"><screenSize:\"desktop\">","Mozilla/5.0 (Windows NT 10.0; Win64; x64) AppleWebKit/537.36 (KHTML, like Gecko) Chrome/78.0.3904.97 Safari/537.36||E|content_view|<region:\"home_page_promonav\"><scheduledContentId:\"CSDEV-1584\"><contentId:\"CSDEV-1578\"><contentModuleId:\"CSDEV-1581\"><resolution:\"1536x754\"><screenSize:\"desktop\">","Mozilla/5.0 (Windows NT 10.0; Win64; x64) AppleWebKit/537.36 (KHTML, like Gecko) Chrome/78.0.3904.97 Safari/537.36||E|content_view|<region:\"home_page_promonav\"><scheduledContentId:\"CSDEV-1584\"><contentId:\"CSDEV-1578\"><contentModuleId:\"CSDEV-1579\"><resolution:\"1536x754\"><screenSize:\"desktop\">","Mozilla/5.0 (Windows NT 10.0; Win64; x64) AppleWebKit/537.36 (KHTML, like Gecko) Chrome/78.0.3904.97 Safari/537.36||E|content_view|<region:\"home_page_tiles\"><scheduledContentId:\"CSDEV-5220\"><contentId:\"CSDEV-5219\"><resolution:\"1536x754\"><screenSize:\"desktop\">","Mozilla/5.0 (Windows NT 10.0; Win64; x64) AppleWebKit/537.36 (KHTML, like Gecko) Chrome/78.0.3904.97 Safari/537.36||E|content_view|<region:\"home_page_tiles\"><scheduledContentId:\"CSDEV-4108\"><contentId:\"CSDEV-4126\"><resolution:\"1536x754\"><screenSize:\"desktop\">","Mozilla/5.0 (Windows NT 10.0; Win64; x64) AppleWebKit/537.36 (KHTML, like Gecko) Chrome/78.0.3904.97 Safari/537.36||E|content_view|<region:\"home_page_promonav\"><scheduledContentId:\"CSDEV-1584\"><contentId:\"CSDEV-1578\"><contentModuleId:\"CSDEV-4365\"><resolution:\"1536x754\"><screenSize:\"desktop\">"]' with parameter delimiters is not a parameter.
Action.c(678): t=120710ms: 770-byte response headers for "https://stage.peapod.com/api/v2.0/client/log" (RelFrameId=1, Internal ID=68)
Action.c(678):     HTTP/1.1 200 OK\r\n
Action.c(678):     Date: Sun, 24 Nov 2019 16:41:18 GMT\r\n
Action.c(678):     Content-Type: application/json;charset=utf-8\r\n
Action.c(678):     Transfer-Encoding: chunked\r\n
Action.c(678):     Connection: keep-alive\r\n
Action.c(678):     Strict-Transport-Security: max-age=63072000; includeSubdomains;\r\n
Action.c(678):     access-control-allow-credentials: true\r\n
Action.c(678):     access-control-allow-origin:\r\n
Action.c(678):     Pragma: no-cache\r\n
Action.c(678):     Cache-Control: no-store\r\n
Action.c(678):     Expires: 0\r\n
Action.c(678):     Vary: Accept-Encoding,User-Agent\r\n
Action.c(678):     Content-Encoding: gzip\r\n
Action.c(678):     X-XSS-Protection: 1; mode=block\r\n
Action.c(678):     X-Content-Type-Options: nosniff\r\n
Action.c(678):     Strict-Transport-Security: max-age=86400; includeSubDomains\r\n
Action.c(678):     Content-Security-Policy: frame-ancestors 'self' *.giantfood.com\r\n
Action.c(678):     CF-Cache-Status: DYNAMIC\r\n
Action.c(678):     Expect-CT: max-age=604800, report-uri="https://report-uri.cloudflare.com/cdn-cgi/beacon/ex
Action.c(678):     pect-ct"\r\n
Action.c(678):     Server: cloudflare\r\n
Action.c(678):     CF-RAY: 53acd4607e3cf0d5-IAD\r\n
Action.c(678):     \r\n
Action.c(678): t=120714ms: 125-byte ENCODED response body received for "https://stage.peapod.com/api/v2.0/client/log" (RelFrameId=1, Internal ID=68)
Action.c(678): t=120715ms: 114-byte DECODED response body for "https://stage.peapod.com/api/v2.0/client/log" (RelFrameId=1, Internal ID=68)
Action.c(678):     \n
Action.c(678):     \n
Action.c(678):     \n
Action.c(678):     \n
Action.c(678):             {"response":{"result":"SUCCESS","code":"MESSAGE_RECEIVED"},"sessionId":"IIFRJAZ4OW
Action.c(678):     S4UCWWM4JCF3Q"}\n
Action.c(678):         
Action.c(678): web_custom_request("log_2") was successful, 125 body bytes, 770 header bytes  	[MsgId: MMSG-26386]
Action.c(694): web_custom_request("cart_5") started  	[MsgId: MMSG-26355]
Action.c(694): t=121822ms: 752-byte response headers for "https://stage.peapod.com/api/v3.0/user/cart?flags=true&image=true&sort=category+asc" (RelFrameId=1, Internal ID=69)
Action.c(694):     HTTP/1.1 200 OK\r\n
Action.c(694):     Date: Sun, 24 Nov 2019 16:41:19 GMT\r\n
Action.c(694):     Content-Type: application/json;charset=utf-8\r\n
Action.c(694):     Transfer-Encoding: chunked\r\n
Action.c(694):     Connection: keep-alive\r\n
Action.c(694):     Strict-Transport-Security: max-age=63072000; includeSubdomains;\r\n
Action.c(694):     access-control-allow-credentials: true\r\n
Action.c(694):     access-control-allow-origin:\r\n
Action.c(694):     expires: 0\r\n
Action.c(694):     Vary: Accept-Encoding,User-Agent\r\n
Action.c(694):     Content-Encoding: gzip\r\n
Action.c(694):     Cache-Control: no-store\r\n
Action.c(694):     X-XSS-Protection: 1; mode=block\r\n
Action.c(694):     X-Content-Type-Options: nosniff\r\n
Action.c(694):     Strict-Transport-Security: max-age=86400; includeSubDomains\r\n
Action.c(694):     Content-Security-Policy: frame-ancestors 'self' *.giantfood.com\r\n
Action.c(694):     CF-Cache-Status: DYNAMIC\r\n
Action.c(694):     Expect-CT: max-age=604800, report-uri="https://report-uri.cloudflare.com/cdn-cgi/beacon/ex
Action.c(694):     pect-ct"\r\n
Action.c(694):     Server: cloudflare\r\n
Action.c(694):     CF-RAY: 53acd467282ccebc-IAD\r\n
Action.c(694):     \r\n
Action.c(694): t=121825ms: 351-byte ENCODED response body received for "https://stage.peapod.com/api/v3.0/user/cart?flags=true&image=true&sort=category+asc" (RelFrameId=1, Internal ID=69)
Action.c(694): t=121825ms: 684-byte DECODED response body for "https://stage.peapod.com/api/v3.0/user/cart?flags=true&image=true&sort=category+asc" (RelFrameId=1, Internal ID=69)
Action.c(694):     {"response":{"items":[],"removedItems":[],"subTotalPrice":0.0,"tax":0.0,"driverTip":0.0,"f
Action.c(694):     ees":{"deliveryFee":9.95,"electPmtDiscount":0.0,"promotionSavings":0.0,"giftCardDiscount":
Action.c(694):     0.0,"fuelSurcharge":0.05},"total":10.0,"savings":{"couponSavings":0.0,"coupons":[],"inStor
Action.c(694):     eCouponSavings":0.0,"inStoreCoupons":[],"weeklySavingsTotal":0.0,"weeklySavingsItems":[],"
Action.c(694):     buyMoreSaveMoreSavingsTotal":0.0,"buyMoreSaveMoreSavingsItems":[],"promotionSavingsTotal":
Action.c(694):     0.0,"promotionSavings":[],"pepDiscount":0.0,"delivDiscount":0.0,"hasPersonalCoupons":false
Action.c(694):     ,"totalSavingsAmt":0.0},"orderId":"d135967125","orderStatusCode":"WORKING","orderLocationC
Action.c(694):     onfirmed":true},"sessionId":"IIFRJAZ4OWS4UCWWM4JCF3Q"}
Action.c(694): web_custom_request("cart_5") was successful, 351 body bytes, 752 header bytes  	[MsgId: MMSG-26386]
Action.c(703): web_custom_request("products_3") started  	[MsgId: MMSG-26355]
Action.c(703): t=123107ms: 752-byte response headers for "https://stage.peapod.com/api/v3.0/auctioned/products?productIds=&type=home" (RelFrameId=1, Internal ID=70)
Action.c(703):     HTTP/1.1 200 OK\r\n
Action.c(703):     Date: Sun, 24 Nov 2019 16:41:20 GMT\r\n
Action.c(703):     Content-Type: application/json;charset=utf-8\r\n
Action.c(703):     Transfer-Encoding: chunked\r\n
Action.c(703):     Connection: keep-alive\r\n
Action.c(703):     Strict-Transport-Security: max-age=63072000; includeSubdomains;\r\n
Action.c(703):     access-control-allow-credentials: true\r\n
Action.c(703):     access-control-allow-origin:\r\n
Action.c(703):     expires: 0\r\n
Action.c(703):     Vary: Accept-Encoding,User-Agent\r\n
Action.c(703):     Content-Encoding: gzip\r\n
Action.c(703):     Cache-Control: no-store\r\n
Action.c(703):     X-XSS-Protection: 1; mode=block\r\n
Action.c(703):     X-Content-Type-Options: nosniff\r\n
Action.c(703):     Strict-Transport-Security: max-age=86400; includeSubDomains\r\n
Action.c(703):     Content-Security-Policy: frame-ancestors 'self' *.giantfood.com\r\n
Action.c(703):     CF-Cache-Status: DYNAMIC\r\n
Action.c(703):     Expect-CT: max-age=604800, report-uri="https://report-uri.cloudflare.com/cdn-cgi/beacon/ex
Action.c(703):     pect-ct"\r\n
Action.c(703):     Server: cloudflare\r\n
Action.c(703):     CF-RAY: 53acd46e5ed0c16b-IAD\r\n
Action.c(703):     \r\n
Action.c(703): t=123111ms: 610-byte ENCODED response body received for "https://stage.peapod.com/api/v3.0/auctioned/products?productIds=&type=home" (RelFrameId=1, Internal ID=70)
Action.c(703): t=123111ms: 706-byte DECODED response body for "https://stage.peapod.com/api/v3.0/auctioned/products?productIds=&type=home" (RelFrameId=1, Internal ID=70)
Action.c(703):     {"response":{"pageBeacon":"//b-uat.hlserve.com/beacon?fid=101&hl_qs_cmp=bOe7pjrOFn6cXehrIx
Action.c(703):     %2bcslqBS9LR6ZCBSKv4kqfM503CMrHtcOU2DnuxTbPG%2fg99JVvT%2fMjrqCOb223UwHEskpDNXXcDieJKRAIaoz
Action.c(703):     cl3gW8suNflk0v7FnVwpO0bbLfxCzZ%2fBCQs8N2AoOAFxFvjnAVQuVE%2bqWD4YuSIyXjod0QUsePqlxxFSq1XV9N
Action.c(703):     5JzS%2bgpPP0wtE61kFZ3N1VwREhJO0TPlEMitRhz%2beVpYPELQ%2baSa6GYr7EyjSB6JmSMLVWdHwc6fEcfIx3WD
Action.c(703):     A4lA5t0jCwWG2faG7dhw%2bcn3VfvlH4nBlig6S4IBVJBmHAx48fozGB2q0MmupAG6H3b5xsb0jkReDUK3rxfZWb%2
Action.c(703):     brxBGSde75GMcs0m0NnHLQEo2iuj246HUCAuSIVbx%2bQCTWJlx2YjklbjeUEMgxurp%2fy0Cfm%2fq5AL1BtHcjGp
Action.c(703):     5xaK47fngciSeTYayVHGkP2IIOSuj%2bJhMnsgGoMeauqhng46W74erbZqnd25ZzjAK9M6aKMWuv598mNU%2bTN0t9
Action.c(703):     N4ZYASBG5IEseX3L33Pf2yCfH%2bfX4J6uKjTVOJJlXPXIFTyW1Q%2fCxwkN%2fCYdIXrnEt4nkX
Action.c(703): t=123112ms: 5476-byte ENCODED response body received for "https://stage.peapod.com/api/v3.0/auctioned/products?productIds=&type=home" (RelFrameId=1, Internal ID=70)
Action.c(703): t=123112ms: 7566-byte DECODED response body for "https://stage.peapod.com/api/v3.0/auctioned/products?productIds=&type=home" (RelFrameId=1, Internal ID=70)
Action.c(703):     VIojU9Cu47UMQFctWb5jbHOcJsJorKSZWYKtn143pATND%2btouZhS%2bjy6GnYV81S3HV1yRnqCUwuZzC5o1Sz8Da
Action.c(703):     dSOO0hxBvBQONZynrRPOXmSEiDzR1%2fssjlZPGxs3TcMgzbKWcBid0WAHZotB%2bBXnlc68Zo%2bCpOUNBkx1bZRF
Action.c(703):     nkq%2fHHLE72c4VTjjbTq65VaRRvw2qd%2bu7ObMeFfpE2QpJ12OYMg0J2uB7eBD5Ju2VhIXYSZ4CKXTvDl4ZJSDP4
Action.c(703):     CNLHxyxg2XNYvCMQzZa72hopsyZU1FXguEEkI3AUgG1OfQdwKVa2nPUi1wy%2bQbQB6hCtuKS%2fECHdJ22tjQ7IeH
Action.c(703):     4NQlUp8ynI%2fUUvNuKSY9pX41ntfSIRU0ngXVYhGi%2bsdffwsAkexKC5b7ThGgVqrhBsKTl9%2bRn2BNCc%2bfEq
Action.c(703):     QR2hz%2fx2Ev5O3%2fzPR7Qhbi%2bOrAMtauguDZHIYOAdwNPhfd71yjtRlnGns5Y6ZLJ5B1zfmDJizzZlVeSa5xya
Action.c(703):     w1n%2bLtf5apaNmrK5HgnGHjDZnjyNJ4y1%2fG8A8XvCFxqzNXO8r1lWDo8mArsuBzs3ar2cT%2fuOLnYzcF5NidFk
Action.c(703):     dnegCbfrYbJQUtpdLr8uj%2blMhW4%2bDKJp7O3hRJnHdpUl2WrxW7ZoK3xwFKfJoK6nh4RwmRIKVWKN%2fZhFqoME
Action.c(703):     S5WTVwsPcUMjgQ5OrSpZE3SbMrvRRhJVEWGpCdasYPt73QgyuMj5A9Gs0IFkUvaahB3E3SDY4gZNdhsL9%2bsRmiR1
Action.c(703):     %2f6pFaIDs%2bNqRONzhvnhJBOCrpbV8k1dtg0NGdHJvybLMgAmMvDN%2fgKFuOubs0Bthz4wAemJxE6IhTn%2bwjg
Action.c(703):     XSvLf%2bCViKItVsSJHaWNMTDY4zosTA4YTkZRJ12%2fIaWRjVfveyuXvyEf2grP27W7v%2b1xGCh5HL06kV4tjBRs
Action.c(703):     7bSvCmYRchczq4UG4bGy7OKpwFr4ZIPT6957jLpOMvjJvPHQspAHLXZ2RPhxovC3pQHZ0HiFxpwG1ZEc528W6If6Ym
Action.c(703):     kFmxOihc%2b1hbg6qt1LZ8UpzLQz0iCw7kTTWjAH20elERs9TP4nfgc4SimcEaxcG%2boqJj6R%2fDoRKfNnP5oC4v
Action.c(703):     0Pc0ljY2W0tMLNH2Gx0XJ5mF9xffAN%2bQlSqedpCMY0rwmDSPQ9X6xxj%2btcBVx1uNtnPEjeyMG8yOURIxawEOxs
Action.c(703):     XQ1swTha9Hr1Tm5Yq%2bi2NglZocaE8DUhuAE9NFC5C943Oj1xTiuZK3D2gXv%2fNcnD1Lu01393oPFW%2fJsDCYkR
Action.c(703):     EBG2wwmh8Rj8wXWqkhWrtCSpQ7syqVEwneLr0ZUcZuBD9e65XNIaf2OtSQeM8B6LyC7BAXc7UCq6ucMRelNaDpnbyL
Action.c(703):     BB3s9y8A39JpO1LAmhQBq2okXXM5TNumcDEDAbI4GzDdjy%2b78mXx54rdnSGQufe2TJyjTav0z%2bN1RU7MMBf8IE
Action.c(703):     oKIp%2fp1aT0fq2tyPJ16U3ZPwPZAkAjuPYE8X%2bETOyDCC8c3a2YRlQYBCGA4s8sAgABbYGplv6clcwXiTmvFcqQ
Action.c(703):     %2bFDoQ2AtQPMin7IHr8e5jM5QPW5EPEa3I3XHpoKXzrePeukPY3PhciIU8DkgEys6lOUzGu4NfWaDZ%2b0oBvr0A%
Action.c(703):     2feUbFdcxieSDdJxX5tk6%2fgA8YmRis1xN%2bNwBzyclqANPN5iUj3sgyp7BCaQEpzffgUQ0AQDFz3mcUOisw80u4
Action.c(703):     W3AWlyGr3uVt5mlRXHGWBKR3vNVl5t1GFDELyQD3YzCASPjCOXX2LPTu17xxF2Fqpis8MPtM8LP7k7ceMbvLmOlVEB
Action.c(703):     Ij7KJJFIIOYqwgh7v3kUAQT8jHqivsE4VYhdfAq7rmLWN2j6djpVjRf93gkUznW1%2fEZ%2fiVj3hcVh6EW000cxd4
Action.c(703):     QLy9LgdDBfX5js9M4LEn6Ij8nMVeM6bJ7wHgfulr0kkPDjojy66xI1r%2fq7%2fb%2fMorIyUwEPH0inH4P0XcMzrE
Action.c(703):     FdCVoqzvj6S%2b7Jjz1%2bDBRugggUeKK5DJPMjEMrPuRq0fecGtssBhLYpm%2bRWnmEcW9GbO5SWdskxw0Uw2C3EW
Action.c(703):     ib1uJAvx39X%2f4lyBMYpPeyPy%2fqmsynuP2sW5jkipFGwwu9ge9ZvYtt6KX%2baR6S%2bO0YSOrEmSVlOcY6058U
Action.c(703):     tKcGKjXjVwNl88xSFt1iz12CQonwLxOhsaM5gAGQHVWYu45TwIZ00Iqo92ju5a6EXATkDxXA9oClH6HZZuc8skOKj8
Action.c(703):     NOliMCkycw1%2fkvJEEnyKh7Lf1u5vGUdI2%2bMLLA2fjEnw9LWnsCXb2cLi90feGyK5L5ACvD%2bZx6iRrDDf7pAm
Action.c(703):     ifxxfJNahGVfuCTK%2fyzBlFv%2fCdaUFtiCvczB%2bLp59g%2fh8uCyz%2f1n0LK%2bcRKxYEnRD6%2fnP0woars8
Action.c(703):     Q4A2MZF5MUCpi%2f%2fEcxpIiLob7ieria4cEPKI0nVpXD2Sj1hJtmYzVLYiDc4KeS88xfrSi2nvKqcWeH8wFK00eC
Action.c(703):     lhSgJiik8LgCWDM8nqBffa6%2bH%2fqIWLQhelWQ1GP8e4Hus4ctT5fIRQwiVn0UmwyosjV4be6G6hHpOjV2D0Oio3
Action.c(703):     eEoaXpgbaWB8wwE2SDIZ3btz6WcTYrWCS89IA5w6BN9ciJkqYSfjcc7GoX1wZXHfaKeE4nVI9udiTtOGiGkTA6Lrz%
Action.c(703):     2fOYe2TAPiFNNs0OMZmEc8596MHhXP685AayAuilpKCQdnFrslJVZHSkoZ5UVr2YBvXJh6RzB9jC74jsDQ3qaOvq1J
Action.c(703):     grhR%2fesTvvsRQR7fxSbznjXI2mfUY%2b%2bVTWkG0ipDk47vCsXVcE60t6H7ftLcfGfa0c1CxoDBDE1WwBJseblU
Action.c(703):     IK366ne%2ftnWfpWDbD69mqlD5MjZsSC3ihlz9njXS7FbE8OEterS12UGC8kha%2bWh5WhbZDGON69prLP1XOYaiLo
Action.c(703):     3CevzJyLwtf4FkHEDQPM5JbsW7nwjCvS7jqDspt4bo4k%2fr4vfDoaBEx%2bkNrNmKIPf%2fiOHTTJ%2fRNdB5rxOW
Action.c(703):     XILokIDim%2fSTwkOStxECp1kX9NnYgofQFUkdeFEPKAVSDlu%2bJhNewbn52yZ2gCmTwhcprv4rsc8SQOUfTNzRy%
Action.c(703):     2fT4rl%2fojWchp94HiDUfoGafRNEh%2f5Z9THpqGeiya4%2bYqUmOpYkawF%2bZT37eDnZx%2bd1Eyo2T8sNG%2b9
Action.c(703):     Thayv1Dj5zmQQraH%2fv1CGGdo8T8yRX0AimCGF%2fEC3GHb6%2fljmjO7IwwQlX7cRivZX200fHpTLOP29R%2fwDL
Action.c(703):     CCx0zYmYrQz7ujpnsHXfHtiqJcYAuJfLWaIQcjb06C%2fkwdxAOmI4Qh7qgjoCk84P16yVa3JYA0%2fz1KDHRQh%2f
Action.c(703):     9ifDtCdf6UPOvnK2hDlN3mhKkE6zWwYDmT5IdY23qk%2fdZ5PCGk9RRMqFpLZFpEIArx8zSpiAnAQPfCZxnCqP8VMm
Action.c(703):     0dteH1bNVmE3vOhfD8G%2fY5npsWOC2wJN11qJller689pGL%2fTfyMq5lOcqsDCDjMS1WQ2BHIsP2W9%2fNwvXioD
Action.c(703):     TLKmyjBTvuUV1TjiYX%2fGzdw3nDEDh3vizFMaDrv%2fpytYC7FJh4CrtBsGCFJaHeb3tFYTCyznXWYcSVqorDbNq7
Action.c(703):     ZAxbLOL0j50%2fdigbf0pMHfcwlJDxvFos6B0%2bRfr5%2b8ZI3zn3rGhZaREdH5ZSL1F991vRIN6E4YgUYm7ACRNF
Action.c(703):     9kAsEfIjxU8%2brluXLdrAZHrpeIpwbOWLxysUkqoHCBI7nlZVoKELmZy4oDKWeuU8A8GGVxvGfVBSBGssA5bWSatq
Action.c(703):     zrpOqf2d5mr%2fa98ZpccE3SN54kZwihnZfu%2fBOigiT%2bT9vpNM%2f3VbGUMwpQYIyLwS%2b5XRLmU1T7CMzuKD
Action.c(703):     jWj6FX8FQK3zQdEVZKQJtjHiRBG8Jo5XPcbMvn2LHFNCnFKNLJX6sxzf5P3PzAAYYnLAl8Oxa4CDIBcfDDysI9qh7V
Action.c(703):     Vakfi2BfWE4G%2baTPfHGaDsV1rS4ieDRaKWdiuycn3kJ5YDk1i8fw4wrzfZaYN7o1SFcV4rf2pAgEGFZhRkB3RZU4
Action.c(703):     9BGkK2hj0jGZ6jvmxBK2nwrrionJVB%2bDKaSWPg46B7qU5UUuv6ithWgklXkU2eeTGwYQrKxapYCwvqYZPGdG9feA
Action.c(703):     3SdbYtj8OoBIwj5d4i%2f83DsWVUwi4MrX1XTUbD9%2fYYDBgBh%2bwmpXqhSyWqaeRWkT0kCpyS69jcBWDyAoy2g2
Action.c(703):     eFzQ24RgMzmsAwyiVBot8LANDkZiEHIyU2WD4ESFkQ4rg44xg4aCF8ypRUQQEdAYuzhHCh6MO4LsVxV9Q8%2fnmkYf
Action.c(703):     40WZiztu%2brynkKRQoh18PTCn73D36i8bo8FV27RjXTsG1fKutfwSpZWxEB8baQheKZXmFo6AJtM7ZqZhKXHxh1qq
Action.c(703):     SC%2f4VXJ8zncHqPrcCtsz%2bfUDQXn3b7mpHid934YV23g51CC22jS7rqjhY8ow0LTpAwX1lvZ3JsuexdCOhvFTvD
Action.c(703):     L1DPNq71aqtuCDJE7ak%2bT4GMckWFGznnU4e8m63bpV6GZaXCvybCYgtnnthElzuMnmR7vSV8YIX1wgy6yANL66op
Action.c(703):     Zhqt6TVZjl2awM%2fVU2ARSVeua7ML9Pv65tILO4o1w5D2fG1u58x2QLO9EVQTCElVpGjZORUcOuicIoVbDeiO16ZH
Action.c(703):     slPc3YdWS96sQIibY6f6%2bbcOZ2OZL5lw7vsRHkJ04D1OPxEiTQk00dq%2fBcemoLO%2fL5c%2fvuNK0jQjNdFtnM
Action.c(703):     S96JAmPvAOmWF0A7bU0%2fZxQDIWn9DppU4cpzYh71LCGzZyCulZijrTjVqOhQQHZmdMUnm24RvfdbRff611j2N%2b
Action.c(703):     woh%2bBo1%2bW1c9oZJ3DUgFUquddl8WSvXmLnNfposcIy9zl8p0Hvum5qd1RaFFetVs2szH5B1KJ0jUZ7YKfpfn2G
Action.c(703):     GbSu5HuFkTTwISwdc3hxmaWTvLc9hnIKr8YW3BD2jJ%2bOhWvtjrh%2bGowJE0nwXvsInWABlSzKUGkWCVlP7tbDVE
Action.c(703):     vgej4MTmD%2fB9Se%2fPMvp%2bs%2bVpTHH1sfdrkQEMK%2bcCqfINZkg0rdToAj8Mb5YmrSwVOdZCX4fOEvcu6Orr
Action.c(703):     rIIDaD5X%2bTwL474Ud%2bDJosimae4hVBAX2aEJkcPxnYjsF%2f5Wc7RZPIWBS%2bmuwYztLNd%2fyoUAzE8Qhvr0
Action.c(703):     dDMTjbHNdX%2fr%2fx7Fcv5ug8A9cBAZAojMVangLUtysCYVTSzcWD9DBLW0C0lsBcMj9%2bmZcwhe95zEJT6YeoNv
Action.c(703):     p2hxp9AemBdaWObgarn31aQChEpJZw8PucHKTOBHPumiL4qfEgllyfFPH8XVKUVkgL9Fax77O3lHD1GFYP%2bjtRp1
Action.c(703):     fSTaP1fNb7lrsKS0g1JnJPCVljPP7g%3d%3d&ev=2&action=universal&pid=93e1037b-61a1-4b55-93d9-02c
Action.c(703):     7bfb63863&rn=2075483757&hmguid=2b53fd21-d694-42a0-b2c5-c86a8d174c76&ashown=125094,146114,1
Action.c(703):     665","hooklogicProductIds":"125094,146114,1665","hasNutrition":false,"products":[{"hooklog
Action.c(703):     icClickBeacon":"//b-uat.hlserve.com/beacon?fid=101&hl_qs=onRlunrXuzKOQp7PjVXTLd4hO19OBNj4p
Action.c(703):     QOwxJp%2bzlY3p49Ub3X7rys5AohzzWvzDLnJhqJGNFpgJ70QEbh%2bi%2fjwjTvNGyLOLgUYgQTyJmc8zQ%2ff22%
Action.c(703):     2fnFxIrWHVQMPSSQHP4u9rPSCeyVYdKFaocg3hb%2ffUpCqrka09S%2bkoBNl%2bK%2bTALUELrvNVrwRglOdxLr8A
Action.c(703):     ejRbMYni4VI8yAFlDIY5HPKFwrujbujGsCJ214XdM8FwoJsyctbLb9vK4NTwnML0wARvE3oUgrIccpttUj9yOiKGoY
Action.c(703):     zMp9kibsg4%2fdZCpmlHbuwdK7NN2reic9KrvnTgH8nkKds8lj1ZIPrpQ%2f6%2bPHnvR5kofRNpFooRxY11qfZFp%
Action.c(703):     2f1zH%2bPXDHVFNqSjAlZsKHkpvidVppJ3ECfQQbH2ep9fjHrCgJVlVTSVEZfChOw%2bRrnLvFeMxjrEDcwtk2Aqqf
Action.c(703):     VIRwuKnQESFfay2nuMACad13HlmoRNtRsPM1WMIE0zyBMnpeQ5S8S%2b8smAf%2f66g8LXtVU%2bS9VDWq2lLyRHnS
Action.c(703):     fPgEoqLA5gnh3mcEN6QzqTboGlGvdW2XkCdLai7cfbqnctM62%2f1V8BFR1kFLOqWtW5WBYskF5AiPObRjVqBaarPy
Action.c(703):     z9ClC90A%2fGsrZ0Z%2bjoS544jtEHwXzd%2bYMI4kTBE2u4tqDhQLXQCwq2%2b07p6L1Voj8xeCsBtMHmKotXhqy%
Action.c(703):     2fvONkFvr9vyg8TntOe%2fyh%2bwxXggc2evCLRDrpizqp5135LZ%2bbneKc4CaYvgqqViUETz29ZK9fuIfKg9zmuD
Action.c(703):     rooKsQbXx00YUrR4rcmZj4CZAKGD3T21xaclaj7Ugm20qieSP8BPlKdQiTPvNW1zFikbjPwtUArDbR4b96WWjC%2ft
Action.c(703):     JQeEH5LlgdxIe8bpO1R8GwVVLDV78uz2UzIBWYYe5KxFN99Qd6NVFfrK6MB2dtHXtVQ35oySbQ%2bdDAhEajIrZXDl
Action.c(703):     8%2bRvywj6l%2bnsgUj5Boll0fvnZtR3ipIUImzx9KHtQhM438N2ftrRUox7hxYznrfV9fq2emDNBJOyXcxnOJexGg
Action.c(703):     XPTxqHMt1O9UP6WB58pYJ70I%2bfK%2fWcyumJ26hV1KqUU4GCiIvj32tXqpAXzDX9oqBXDBLk3FUHB9bjVfriaG1D
Action.c(703):     2c01Ia2S23sdin%2bXO1dGoE1ArYPZun2VOonlHCyIoo0zIXgC8Km4vRc5BQ%3d&ev=2&action=click&impressi
Action.c(703):     onpid=93e1037b-61a1-4b55-93d9-02c7bfb63863%3a2&rn=1432099989&hmguid=2b53fd21-d694-42a0-b2c
Action.c(703):     5-c86a8d174c76","prodId":125094,"name":"Nabisco Ritz Cracker Sandwiches With Peanut Butter
Action.c(703):      - 8 ct","size":"11 OZ PKG","unitPrice":0.34,"unitMeasure":"OZ","price":3.69,"regularPrice
Action.c(703):     ":3.69,"rootCatId":2332,"rootCatSeq":14,"rootCatName":"Snacks & Candy","upc":"4400088210",
Action.c(703):     "hasSu
Action.c(703): t=123142ms: 1369-byte ENCODED response body received for "https://stage.peapod.com/api/v3.0/auctioned/products?productIds=&type=home" (RelFrameId=1, Internal ID=70)
Action.c(703): t=123143ms: 2369-byte DECODED response body for "https://stage.peapod.com/api/v3.0/auctioned/products?productIds=&type=home" (RelFrameId=1, Internal ID=70)
Action.c(703):     bstitute":true,"substituteId":46957,"rating":0.0,"ratingReviewsSuppressed":false,"marketSp
Action.c(703):     ecificReviews":false,"reviewId":"125094-PPDALL","brandId":3899,"brand":"Nabisco Ritz","sub
Action.c(703):     catId":4285,"subcatName":"Multi-Pack Crackers","flags":{"sample":false,"suppressed":false,
Action.c(703):     "active":true,"outOfStock":false,"specialCode":" ","upromise":false,"newArrival":false,"pr
Action.c(703):     ivateLabel":false,"preferredItem":false,"bogo":false,"sale":false,"lowPriceEveryday":false
Action.c(703):     ,"organic":false,"dairy":false,"egg":false,"gluten":false,"kosher":true,"peanut":false,"no
Action.c(703):     nGMO":false,"vegan":false,"vegeterian":false,"lactoseFree":false,"antibioticFree":false,"w
Action.c(703):     heatFree":false,"hormoneFree":false,"nitrateFree":false,"nitriteFree":false,"natural":fals
Action.c(703):     e},"image":{"small":"https://i5.peapod.com/c/79/79U7M.jpg","medium":"https://i5.peapod.com
Action.c(703):     /c/Q1/Q1DOD.jpg","large":"https://i5.peapod.com/c/5N/5NI5T.jpg","xlarge":"https://i5.peapo
Action.c(703):     d.com/c/2M/2MQJ0.jpg"},"bmsm":false,"bmsmTiers":[],"guidingStars":0,"options":[],"suppress
Action.c(703):     SwapAndSave":false,"productCategoryId":4286,"hasPriceAdjustment":false,"hasPickStoreLocati
Action.c(703):     on":false,"hasCoupon":false},{"hooklogicClickBeacon":"//b-uat.hlserve.com/beacon?fid=101&h
Action.c(703):     l_qs=onRlunrXuzKOQp7PjVXTLd4hO19OBNj4pQOwxJp%2bzlaa3b34161aL4q5f2sO9MlpWUhcx5T%2bf57YTqncJ
Action.c(703):     qjHpLpLwOO%2bj7Zlp%2b4rC6NNq1%2bpo1g5bcrGAF1ZvNx8MjcVOxlnuqsiOsCoqqqwd9Niwq%2fpfkInMBBYxi8
Action.c(703):     CwR3Y%2f3INJtsVmhL%2bRRNbV0UIzcM3Lfs2rlhATFomwparmHl8xokx35e9QVWYT%2bxnZFJA%2fH5Ezv4pRZB7B
Action.c(703):     8e8%2bnGSzIZfiGx8p7yGKA5XSLIBk6JUFLMgAndyIH85PzHFixVVs%2bEzjefQU7BtD%2fiB3KX%2bRk6eLG0Kc%2
Action.c(703):     byRD8e13abmukdTwchq5erkQRnSnPtndUrzVJfaqs1PovE9vu7wUqnYrltYWYre2WNSx1Wpo6VLatwgsdiJatdvzKo
Action.c(703):     4XHn%2brcrT8n8zH9BByOwcBsdWhn8AwJcyAt%2bP1GZSP0Yth3dp07GLrS9SR%2fAzRnL8%2bO2IidBUl0b2qLmxP
Action.c(703):     sb7CKUvPvTt41a4UQaSAue1eZ3h6UVKBTTSj6vqxez09%2fAV8mcdvVFtQi8Nf0XNvDKtkjpWTqBH88i8DTsD7%2bJ
Action.c(703):     wPdPSAKzNtjxbIhBCm3CIKnE3Ai5i49g1o5Eg4oTKbjPMNHU9QiUrHVubos2EXAlU67DFGMj0gSypw91eRcw2S8mPn
Action.c(703):     WbahJuHGkWkzKpV9eTu3rag0FKZ0nHqOWzikoPYyDkZGgDBw2m6OkXToYlDR6qHDgKzMs2oa%2fLIzwbxxOra1gjGx
Action.c(703):     isCnYDDlEzUgLkGRWddrNeI4X0gG11Yna6a6bL7Jx%2b9ItkdLhSWDprrnIOFti50coPPALbiA1eHdMWeojdRFmV%2
Action.c(703):     bwfyiHpqh%2brMyVeEbwbQRJwcknfjuxDKLhJXMyQ5E8fAXpAvJAuXBhP%2fL1HgadWgbI1YQk%2bO3CA%2bNS%2bB
Action.c(703):     IqXa17q2DD6w5ZAqLGTC73vkz0DDN14v3Pcw042ouI%2fz5zNXzcrOUHuHL5dJ09pcQDYj2%2byWP8wZI2SDE2TobH
Action.c(703):     1uyQPRz5a5eZzAqljELFGJ9W7wLI7WRtLzPvJTAH%2fLZZ%2bKFymJMAYrAPoCKsZSoiP16INmmewPpsf0Mhe%2f6V
Action.c(703):     TKZHOSgYGcQyKsfPl1EdSdoZhYbuH
Action.c(703): t=123146ms: 1485-byte ENCODED response body received for "https://stage.peapod.com/api/v3.0/auctioned/products?productIds=&type=home" (RelFrameId=1, Internal ID=70)
Action.c(703): t=123146ms: 4520-byte DECODED response body for "https://stage.peapod.com/api/v3.0/auctioned/products?productIds=&type=home" (RelFrameId=1, Internal ID=70)
Action.c(703):     rKcylHdCdDkZJEYZDTfW674pgWp0PXKV68VajyEWz8D5aqBt0Om1Dpe4Gttju%2fMo3m%2f89RFnKlOSmTg5Ur%2fU
Action.c(703):     QwVIc19mTnjGM3cIiCpoi9KzQIcQ%3d%3d&ev=2&action=click&impressionpid=93e1037b-61a1-4b55-93d9
Action.c(703):     -02c7bfb63863%3a5&rn=976429255&hmguid=2b53fd21-d694-42a0-b2c5-c86a8d174c76","prodId":14611
Action.c(703):     4,"name":"Clorox 2 Stain Remover & Color Booster Liquid Free & Clear","size":"33 OZ BTL","
Action.c(703):     unitPrice":0.21,"unitMeasure":"OZ","price":6.99,"regularPrice":6.99,"rootCatId":1483,"root
Action.c(703):     CatSeq":18,"rootCatName":"Laundry, Paper & Cleaning","upc":"4460030046","hasSubstitute":tr
Action.c(703):     ue,"substituteId":50428,"rating":0.0,"ratingReviewsSuppressed":false,"marketSpecificReview
Action.c(703):     s":false,"reviewId":"146114-PPDALL","brandId":209,"brand":"Clorox","subcatId":3494,"subcat
Action.c(703):     Name":"Color Safe Bleach","flags":{"sample":false,"suppressed":false,"active":true,"outOfS
Action.c(703):     tock":false,"specialCode":" ","upromise":false,"newArrival":false,"privateLabel":false,"pr
Action.c(703):     eferredItem":false,"bogo":false,"sale":false,"lowPriceEveryday":false,"organic":false,"dai
Action.c(703):     ry":false,"egg":false,"gluten":false,"kosher":false,"peanut":false,"nonGMO":false,"vegan":
Action.c(703):     false,"vegeterian":false,"lactoseFree":false,"antibioticFree":false,"wheatFree":false,"hor
Action.c(703):     moneFree":false,"nitrateFree":false,"nitriteFree":false,"natural":false},"image":{"small":
Action.c(703):     "https://i5.peapod.com/c/ED/ED51V.jpg","medium":"https://i5.peapod.com/c/L8/L8SIX.jpg","la
Action.c(703):     rge":"https://i5.peapod.com/c/KM/KMGS6.jpg","xlarge":"https://i5.peapod.com/c/8U/8U9NS.jpg
Action.c(703):     "},"bmsm":false,"bmsmTiers":[],"guidingStars":0,"options":[],"suppressSwapAndSave":false,"
Action.c(703):     productCategoryId":3494,"hasPriceAdjustment":false,"hasPickStoreLocation":false,"hasCoupon
Action.c(703):     ":false},{"hooklogicClickBeacon":"//b-uat.hlserve.com/beacon?fid=101&hl_qs=onRlunrXuzKOQp7
Action.c(703):     PjVXTLd4hO19OBNj4pQOwxJp%2bzlaWAdWH%2bDkkPGNfBRDruRmTafLCuyMuMEmFoUhDTNmab55vmTvSPFLVKiCTD
Action.c(703):     HW4%2fVbK3Eu1eoVIG0VK1jDBGX9L%2f2qxBrFKt9hs2Atvj31uLAKxo2BZmiWSH%2bziTdfPwP8yADiWIBzgsOj75
Action.c(703):     zlGxoG0mZyMC9kxvxPhYK0L3lH07Z0WVxMA470l6r%2b01nf4lie9fDUZhgXXBX7EhmyQkvUAWEOfbFPq5viULluII
Action.c(703):     lRMnoS6P5qtLeSj0JI3Uvp%2fP7fEwAKmRb4iBU9BhHwJGM9b%2fhMjBfUJQcMFefinKkbX98Kfhg7HccmS2Hh8uug
Action.c(703):     8SzAFUhagI9Ea6g45GAB9bwBR2ixvzoSzPj%2bX14dwW1qCR7OlXCpTOwTPYz6rQEd8GaYtAxNtNHfAxjORhYgdLWh
Action.c(703):     m9Hzw3hZQifwla4%2b2Tq5uRMU2gr5eq1qc5sU%2fkJQ7dKg%2bBwhZx%2fP%2fE0yIohfnzZm0JJdikbLwUHcCsZ1
Action.c(703):     D9r%2f7gGhF8Jbuv97RgeAPJjnj8G7DbXVq%2fPx6h%2bEgcPMkpVOKSR%2fnro4D3wmQHP5rA57aqXbyNWjoWTUA5
Action.c(703):     ZrdYEeczLZud%2buNIz89%2bWhTqIExJn%2f1z7A%2bB7Vj91qQUST7n7Q1OzOOynP1WIXhuVl%2fo7fkgT7a4IE8q
Action.c(703):     GY9NC%2fH8z9pGQeqGqG%2fFP2vTv8g7qE%2f0gMOqi1sHW3GxpT1%2b5nW3miste4wXQhXW8v53F94kSSGw5fDB4%
Action.c(703):     2b%2bqArZPKvPSUNl0nsSiKNYuq%2bLssAHXewTrRzih0tesvpu9ibEN2RtqgQSzrcdok36iwAEe5kDH4pNPGL0vft
Action.c(703):     PwtaOdNa%2bFsoaqVksvEvuGJJ9xAKp9QmAveJ1kVM08NayzIC4Ald9J3wVqtIzVHL49wYOs0riRiZ%2fRFdf9B7ER
Action.c(703):     2kH7c1askM9oaPXm%2fw2tDvsdRFVXLdkQP8cDUo0wCqaHbu76WZyf%2b3niduOvX%2fOy9Gtc0ETBZJQePTx1RzTs
Action.c(703):     Ba6aMsdXtdRA%2fXdamVKyE2v%2bPn5FWxlt%2fPLKXxvz5joF22nwkAyzG6ohTWO%2bqdEgJ0NwSoKsprvM5TxoJh
Action.c(703):     5w5nG7eqsyXCOJeLVBl9QXRR%2fwcvjp30QbQDRFtin195oYOYcrcSM7B02RfilW%2fo3XQ%3d%3d&ev=2&action=
Action.c(703):     click&impressionpid=93e1037b-61a1-4b55-93d9-02c7bfb63863%3a13&rn=192433955&hmguid=2b53fd21
Action.c(703):     -d694-42a0-b2c5-c86a8d174c76","prodId":1665,"name":"Philadelphia Cream Cheese Spread Origi
Action.c(703):     nal","size":"8 OZ TUB","unitPrice":7.18,"unitMeasure":"LB","price":3.59,"regularPrice":3.5
Action.c(703):     9,"rootCatId":1834,"rootCatSeq":6,"rootCatName":"Dairy","upc":"2100000014","hasSubstitute"
Action.c(703):     :true,"substituteId":1766,"rating":0.0,"ratingReviewsSuppressed":false,"marketSpecificRevi
Action.c(703):     ews":false,"reviewId":"1665-PPDALL","brandId":496,"brand":"Kraft Philadelphia","subcatId":
Action.c(703):     3627,"subcatName":"Plain Soft Cream Cheese","flags":{"sample":false,"suppressed":false,"ac
Action.c(703):     tive":true,"outOfStock":false,"specialCode":" ","upromise":false,"newArrival":false,"priva
Action.c(703):     teLabel":false,"preferredItem":false,"bogo":false,"sale":false,"lowPriceEveryday":false,"o
Action.c(703):     rganic":false,"dairy":false,"egg":false,"gluten":false,"kosher":true,"peanut":false,"nonGM
Action.c(703):     O":false,"vegan":false,"vegeterian":false,"lactoseFree":false,"antibioticFree":false,"whea
Action.c(703):     tFree":false,"hormoneFree":false,"nitrateFree":false,"nitriteFree":false,"natural":false},
Action.c(703):     "image":{"small":"https://i5.peapod.com/c/EZ/EZPR5.jpg","medium":"https://i5.peapod.com/c/
Action.c(703):     LW/LWMX8.jpg","large":"https://i5.peapod.com/c/K0/K0H5G.jpg","xlarge":"https://i5.peapod.c
Action.c(703):     om/c/PI/PILF3.jpg"},"bmsm":false,"bmsmTiers":[],"guidingStars":0,"options":[],"suppressSwa
Action.c(703):     pAndSave":false,"productCategoryId":3627,"hasPriceAdjustment":false,"hasPickStoreLocation"
Action.c(703):     :false,"hasCoupon":false}],"pagination":{"rows":0,"start":0,"total":0}},"sessionId":"IIFRJ
Action.c(703):     AZ4OWS4UCWWM4JCF3Q"}
Action.c(703): web_custom_request("products_3") was successful, 8940 body bytes, 752 header bytes  	[MsgId: MMSG-26386]
Action.c(712): web_custom_request("init_4") started  	[MsgId: MMSG-26355]
Action.c(712): t=127133ms: 770-byte response headers for "https://stage.peapod.com/api/v2.0/user/init" (RelFrameId=1, Internal ID=71)
Action.c(712):     HTTP/1.1 200 OK\r\n
Action.c(712):     Date: Sun, 24 Nov 2019 16:41:24 GMT\r\n
Action.c(712):     Content-Type: application/json;charset=utf-8\r\n
Action.c(712):     Transfer-Encoding: chunked\r\n
Action.c(712):     Connection: keep-alive\r\n
Action.c(712):     Strict-Transport-Security: max-age=63072000; includeSubdomains;\r\n
Action.c(712):     access-control-allow-credentials: true\r\n
Action.c(712):     access-control-allow-origin:\r\n
Action.c(712):     Pragma: no-cache\r\n
Action.c(712):     Cache-Control: no-store\r\n
Action.c(712):     Expires: 0\r\n
Action.c(712):     Vary: Accept-Encoding,User-Agent\r\n
Action.c(712):     Content-Encoding: gzip\r\n
Action.c(712):     X-XSS-Protection: 1; mode=block\r\n
Action.c(712):     X-Content-Type-Options: nosniff\r\n
Action.c(712):     Strict-Transport-Security: max-age=86400; includeSubDomains\r\n
Action.c(712):     Content-Security-Policy: frame-ancestors 'self' *.giantfood.com\r\n
Action.c(712):     CF-Cache-Status: DYNAMIC\r\n
Action.c(712):     Expect-CT: max-age=604800, report-uri="https://report-uri.cloudflare.com/cdn-cgi/beacon/ex
Action.c(712):     pect-ct"\r\n
Action.c(712):     Server: cloudflare\r\n
Action.c(712):     CF-RAY: 53acd488beec23a0-IAD\r\n
Action.c(712):     \r\n
Action.c(712): t=127137ms: 202-byte ENCODED response body received for "https://stage.peapod.com/api/v2.0/user/init" (RelFrameId=1, Internal ID=71)
Action.c(712): t=127137ms: 258-byte DECODED response body for "https://stage.peapod.com/api/v2.0/user/init" (RelFrameId=1, Internal ID=71)
Action.c(712):     \n
Action.c(712):     \n
Action.c(712):     \n
Action.c(712):     \n
Action.c(712):             {"response":{"result":{"result":"SUCCESS","code":"USER_ACCOUNT_GET_SUCCESS"},"data
Action.c(712):     ":{"handle":"perftest22nov5201@test.com","email":"perftest22nov5201@test.com","buddyEmail"
Action.c(712):     :"","activeStep":"completed"}},"sessionId":"IIFRJAZ4OWS4UCWWM4JCF3Q"}\n
Action.c(712):         
Action.c(712): web_custom_request("init_4") was successful, 202 body bytes, 770 header bytes  	[MsgId: MMSG-26386]
Action.c(721): web_custom_request("status_11") started  	[MsgId: MMSG-26355]
Action.c(721): t=128286ms: 752-byte response headers for "https://stage.peapod.com/api/v3.0/user/order/status?routeService=false" (RelFrameId=1, Internal ID=72)
Action.c(721):     HTTP/1.1 200 OK\r\n
Action.c(721):     Date: Sun, 24 Nov 2019 16:41:25 GMT\r\n
Action.c(721):     Content-Type: application/json;charset=utf-8\r\n
Action.c(721):     Transfer-Encoding: chunked\r\n
Action.c(721):     Connection: keep-alive\r\n
Action.c(721):     Strict-Transport-Security: max-age=63072000; includeSubdomains;\r\n
Action.c(721):     access-control-allow-credentials: true\r\n
Action.c(721):     access-control-allow-origin:\r\n
Action.c(721):     expires: 0\r\n
Action.c(721):     Vary: Accept-Encoding,User-Agent\r\n
Action.c(721):     Content-Encoding: gzip\r\n
Action.c(721):     Cache-Control: no-store\r\n
Action.c(721):     X-XSS-Protection: 1; mode=block\r\n
Action.c(721):     X-Content-Type-Options: nosniff\r\n
Action.c(721):     Strict-Transport-Security: max-age=86400; includeSubDomains\r\n
Action.c(721):     Content-Security-Policy: frame-ancestors 'self' *.giantfood.com\r\n
Action.c(721):     CF-Cache-Status: DYNAMIC\r\n
Action.c(721):     Expect-CT: max-age=604800, report-uri="https://report-uri.cloudflare.com/cdn-cgi/beacon/ex
Action.c(721):     pect-ct"\r\n
Action.c(721):     Server: cloudflare\r\n
Action.c(721):     CF-RAY: 53acd48fdab9f0ea-IAD\r\n
Action.c(721):     \r\n
Action.c(721): t=128289ms: 219-byte ENCODED response body received for "https://stage.peapod.com/api/v3.0/user/order/status?routeService=false" (RelFrameId=1, Internal ID=72)
Action.c(721): t=128290ms: 297-byte DECODED response body for "https://stage.peapod.com/api/v3.0/user/order/status?routeService=false" (RelFrameId=1, Internal ID=72)
Action.c(721):     {"response":{"currentOrder":{"status":"WORKING","unattended":false,"eta":false,"isRedelive
Action.c(721):     ry":false,"orderId":"d135967125"},"pendingOrder":[],"orderId":"d135967125","store":{"id":2
Action.c(721):     ,"priceZone":1,"pickupMinOrder":0.0,"deliveryMinOrder":60.0,"isPickup":false}},"sessionId"
Action.c(721):     :"IIFRJAZ4OWS4UCWWM4JCF3Q"}
Action.c(721): web_custom_request("status_11") was successful, 219 body bytes, 752 header bytes  	[MsgId: MMSG-26386]
Action.c(730): web_custom_request("slots_7") started  	[MsgId: MMSG-26355]
Action.c(730): t=132403ms: 752-byte response headers for "https://stage.peapod.com/api/v2.0/user/slots?delivAvail=true&headers=true&serviceType=D" (RelFrameId=1, Internal ID=73)
Action.c(730):     HTTP/1.1 200 OK\r\n
Action.c(730):     Date: Sun, 24 Nov 2019 16:41:29 GMT\r\n
Action.c(730):     Content-Type: application/json;charset=utf-8\r\n
Action.c(730):     Transfer-Encoding: chunked\r\n
Action.c(730):     Connection: keep-alive\r\n
Action.c(730):     Strict-Transport-Security: max-age=63072000; includeSubdomains;\r\n
Action.c(730):     access-control-allow-credentials: true\r\n
Action.c(730):     access-control-allow-origin:\r\n
Action.c(730):     expires: 0\r\n
Action.c(730):     Vary: Accept-Encoding,User-Agent\r\n
Action.c(730):     Content-Encoding: gzip\r\n
Action.c(730):     Cache-Control: no-store\r\n
Action.c(730):     X-XSS-Protection: 1; mode=block\r\n
Action.c(730):     X-Content-Type-Options: nosniff\r\n
Action.c(730):     Strict-Transport-Security: max-age=86400; includeSubDomains\r\n
Action.c(730):     Content-Security-Policy: frame-ancestors 'self' *.giantfood.com\r\n
Action.c(730):     CF-Cache-Status: DYNAMIC\r\n
Action.c(730):     Expect-CT: max-age=604800, report-uri="https://report-uri.cloudflare.com/cdn-cgi/beacon/ex
Action.c(730):     pect-ct"\r\n
Action.c(730):     Server: cloudflare\r\n
Action.c(730):     CF-RAY: 53acd4a90d745751-IAD\r\n
Action.c(730):     \r\n
Action.c(730): t=132407ms: 296-byte ENCODED response body received for "https://stage.peapod.com/api/v2.0/user/slots?delivAvail=true&headers=true&serviceType=D" (RelFrameId=1, Internal ID=73)
Action.c(730): t=132408ms: 943-byte DECODED response body for "https://stage.peapod.com/api/v2.0/user/slots?delivAvail=true&headers=true&serviceType=D" (RelFrameId=1, Internal ID=73)
Action.c(730):     {"response":{"serviceType":"D","delivAvail":true,"selectedSlotId":0,"headers":[{"id":98830
Action.c(730):     9,"date":"2019-11-24","maxDiscount":2.00},{"id":988312,"date":"2019-11-25","maxDiscount":2
Action.c(730):     .00},{"id":988315,"date":"2019-11-26","maxDiscount":2.00},{"id":988318,"date":"2019-11-27"
Action.c(730):     ,"statusCode":"V","statusMsg":"Value Day","maxDiscount":2.00},{"id":994700,"date":"2019-11
Action.c(730):     -28","maxDiscount":2.00},{"id":994703,"date":"2019-11-29","maxDiscount":2.00},{"id":994705
Action.c(730):     ,"date":"2019-11-30","maxDiscount":1.00},{"id":994720,"date":"2019-12-01","maxDiscount":2.
Action.c(730):     00},{"id":994723,"date":"2019-12-02","maxDiscount":2.00},{"id":994726,"date":"2019-12-03",
Action.c(730):     "maxDiscount":2.00},{"id":994729,"date":"2019-12-04","statusCode":"V","statusMsg":"Value D
Action.c(730):     ay","maxDiscount":2.00},{"id":994731,"date":"2019-12-05","maxDiscount":2.00},{"id":994734,
Action.c(730):     "date":"2019-12-06","maxDiscount":2.00},{"id":994736,"date":"2019-12-07","maxDiscount":1.0
Action.c(730):     0}]},"sessionId":"IIFRJAZ4OWS4UCWWM4JCF3Q"}
Action.c(730): web_custom_request("slots_7") was successful, 296 body bytes, 752 header bytes  	[MsgId: MMSG-26386]
Action.c(739): web_custom_request("status_12") started  	[MsgId: MMSG-26355]
Action.c(739): t=141999ms: 770-byte response headers for "https://stage.peapod.com/api/v2.0/user/status" (RelFrameId=1, Internal ID=74)
Action.c(739):     HTTP/1.1 200 OK\r\n
Action.c(739):     Date: Sun, 24 Nov 2019 16:41:39 GMT\r\n
Action.c(739):     Content-Type: application/json;charset=utf-8\r\n
Action.c(739):     Transfer-Encoding: chunked\r\n
Action.c(739):     Connection: keep-alive\r\n
Action.c(739):     Strict-Transport-Security: max-age=63072000; includeSubdomains;\r\n
Action.c(739):     access-control-allow-credentials: true\r\n
Action.c(739):     access-control-allow-origin:\r\n
Action.c(739):     Pragma: no-cache\r\n
Action.c(739):     Cache-Control: no-store\r\n
Action.c(739):     Expires: 0\r\n
Action.c(739):     Vary: Accept-Encoding,User-Agent\r\n
Action.c(739):     Content-Encoding: gzip\r\n
Action.c(739):     X-XSS-Protection: 1; mode=block\r\n
Action.c(739):     X-Content-Type-Options: nosniff\r\n
Action.c(739):     Strict-Transport-Security: max-age=86400; includeSubDomains\r\n
Action.c(739):     Content-Security-Policy: frame-ancestors 'self' *.giantfood.com\r\n
Action.c(739):     CF-Cache-Status: DYNAMIC\r\n
Action.c(739):     Expect-CT: max-age=604800, report-uri="https://report-uri.cloudflare.com/cdn-cgi/beacon/ex
Action.c(739):     pect-ct"\r\n
Action.c(739):     Server: cloudflare\r\n
Action.c(739):     CF-RAY: 53acd4e59905e09a-IAD\r\n
Action.c(739):     \r\n
Action.c(739): t=142002ms: 120-byte ENCODED response body received for "https://stage.peapod.com/api/v2.0/user/status" (RelFrameId=1, Internal ID=74)
Action.c(739): t=142002ms: 105-byte DECODED response body for "https://stage.peapod.com/api/v2.0/user/status" (RelFrameId=1, Internal ID=74)
Action.c(739):     \n
Action.c(739):     \n
Action.c(739):     \n
Action.c(739):     \n
Action.c(739):             {"response":{"userStatus":"R","secureLogin":true},"sessionId":"IIFRJAZ4OWS4UCWWM4J
Action.c(739):     CF3Q"}\n
Action.c(739):         
Action.c(739): web_custom_request("status_12") was successful, 120 body bytes, 770 header bytes  	[MsgId: MMSG-26386]
Action.c(748): web_custom_request("status_13") started  	[MsgId: MMSG-26355]
Action.c(748): t=143925ms: 752-byte response headers for "https://stage.peapod.com/api/v3.0/user/order/status?routeService=true" (RelFrameId=1, Internal ID=75)
Action.c(748):     HTTP/1.1 200 OK\r\n
Action.c(748):     Date: Sun, 24 Nov 2019 16:41:41 GMT\r\n
Action.c(748):     Content-Type: application/json;charset=utf-8\r\n
Action.c(748):     Transfer-Encoding: chunked\r\n
Action.c(748):     Connection: keep-alive\r\n
Action.c(748):     Strict-Transport-Security: max-age=63072000; includeSubdomains;\r\n
Action.c(748):     access-control-allow-credentials: true\r\n
Action.c(748):     access-control-allow-origin:\r\n
Action.c(748):     expires: 0\r\n
Action.c(748):     Vary: Accept-Encoding,User-Agent\r\n
Action.c(748):     Content-Encoding: gzip\r\n
Action.c(748):     Cache-Control: no-store\r\n
Action.c(748):     X-XSS-Protection: 1; mode=block\r\n
Action.c(748):     X-Content-Type-Options: nosniff\r\n
Action.c(748):     Strict-Transport-Security: max-age=86400; includeSubDomains\r\n
Action.c(748):     Content-Security-Policy: frame-ancestors 'self' *.giantfood.com\r\n
Action.c(748):     CF-Cache-Status: DYNAMIC\r\n
Action.c(748):     Expect-CT: max-age=604800, report-uri="https://report-uri.cloudflare.com/cdn-cgi/beacon/ex
Action.c(748):     pect-ct"\r\n
Action.c(748):     Server: cloudflare\r\n
Action.c(748):     CF-RAY: 53acd4f17d055679-IAD\r\n
Action.c(748):     \r\n
Action.c(748): t=143929ms: 219-byte ENCODED response body received for "https://stage.peapod.com/api/v3.0/user/order/status?routeService=true" (RelFrameId=1, Internal ID=75)
Action.c(748): t=143929ms: 297-byte DECODED response body for "https://stage.peapod.com/api/v3.0/user/order/status?routeService=true" (RelFrameId=1, Internal ID=75)
Action.c(748):     {"response":{"currentOrder":{"status":"WORKING","unattended":false,"eta":false,"isRedelive
Action.c(748):     ry":false,"orderId":"d135967125"},"pendingOrder":[],"orderId":"d135967125","store":{"id":2
Action.c(748):     ,"priceZone":1,"pickupMinOrder":0.0,"deliveryMinOrder":60.0,"isPickup":false}},"sessionId"
Action.c(748):     :"IIFRJAZ4OWS4UCWWM4JCF3Q"}
Action.c(748): web_custom_request("status_13") was successful, 219 body bytes, 752 header bytes  	[MsgId: MMSG-26386]
Action.c(757): web_custom_request("init_5") started  	[MsgId: MMSG-26355]
Action.c(757): t=166159ms: 770-byte response headers for "https://stage.peapod.com/api/v2.0/user/init" (RelFrameId=1, Internal ID=76)
Action.c(757):     HTTP/1.1 200 OK\r\n
Action.c(757):     Date: Sun, 24 Nov 2019 16:42:03 GMT\r\n
Action.c(757):     Content-Type: application/json;charset=utf-8\r\n
Action.c(757):     Transfer-Encoding: chunked\r\n
Action.c(757):     Connection: keep-alive\r\n
Action.c(757):     Strict-Transport-Security: max-age=63072000; includeSubdomains;\r\n
Action.c(757):     access-control-allow-credentials: true\r\n
Action.c(757):     access-control-allow-origin:\r\n
Action.c(757):     Pragma: no-cache\r\n
Action.c(757):     Cache-Control: no-store\r\n
Action.c(757):     Expires: 0\r\n
Action.c(757):     Vary: Accept-Encoding,User-Agent\r\n
Action.c(757):     Content-Encoding: gzip\r\n
Action.c(757):     X-XSS-Protection: 1; mode=block\r\n
Action.c(757):     X-Content-Type-Options: nosniff\r\n
Action.c(757):     Strict-Transport-Security: max-age=86400; includeSubDomains\r\n
Action.c(757):     Content-Security-Policy: frame-ancestors 'self' *.giantfood.com\r\n
Action.c(757):     CF-Cache-Status: DYNAMIC\r\n
Action.c(757):     Expect-CT: max-age=604800, report-uri="https://report-uri.cloudflare.com/cdn-cgi/beacon/ex
Action.c(757):     pect-ct"\r\n
Action.c(757):     Server: cloudflare\r\n
Action.c(757):     CF-RAY: 53acd57cafe1f102-IAD\r\n
Action.c(757):     \r\n
Action.c(757): t=166163ms: 202-byte ENCODED response body received for "https://stage.peapod.com/api/v2.0/user/init" (RelFrameId=1, Internal ID=76)
Action.c(757): t=166163ms: 258-byte DECODED response body for "https://stage.peapod.com/api/v2.0/user/init" (RelFrameId=1, Internal ID=76)
Action.c(757):     \n
Action.c(757):     \n
Action.c(757):     \n
Action.c(757):     \n
Action.c(757):             {"response":{"result":{"result":"SUCCESS","code":"USER_ACCOUNT_GET_SUCCESS"},"data
Action.c(757):     ":{"handle":"perftest22nov5201@test.com","email":"perftest22nov5201@test.com","buddyEmail"
Action.c(757):     :"","activeStep":"completed"}},"sessionId":"IIFRJAZ4OWS4UCWWM4JCF3Q"}\n
Action.c(757):         
Action.c(757): web_custom_request("init_5") was successful, 202 body bytes, 770 header bytes  	[MsgId: MMSG-26386]
Action.c(766): web_custom_request("slots_8") started  	[MsgId: MMSG-26355]
Action.c(766): t=167304ms: 752-byte response headers for "https://stage.peapod.com/api/v2.0/user/slots?delivAvail=true&headers=true&serviceType=D&viewDate=2019-11-20" (RelFrameId=1, Internal ID=77)
Action.c(766):     HTTP/1.1 200 OK\r\n
Action.c(766):     Date: Sun, 24 Nov 2019 16:42:04 GMT\r\n
Action.c(766):     Content-Type: application/json;charset=utf-8\r\n
Action.c(766):     Transfer-Encoding: chunked\r\n
Action.c(766):     Connection: keep-alive\r\n
Action.c(766):     Strict-Transport-Security: max-age=63072000; includeSubdomains;\r\n
Action.c(766):     access-control-allow-credentials: true\r\n
Action.c(766):     access-control-allow-origin:\r\n
Action.c(766):     expires: 0\r\n
Action.c(766):     Vary: Accept-Encoding,User-Agent\r\n
Action.c(766):     Content-Encoding: gzip\r\n
Action.c(766):     Cache-Control: no-store\r\n
Action.c(766):     X-XSS-Protection: 1; mode=block\r\n
Action.c(766):     X-Content-Type-Options: nosniff\r\n
Action.c(766):     Strict-Transport-Security: max-age=86400; includeSubDomains\r\n
Action.c(766):     Content-Security-Policy: frame-ancestors 'self' *.giantfood.com\r\n
Action.c(766):     CF-Cache-Status: DYNAMIC\r\n
Action.c(766):     Expect-CT: max-age=604800, report-uri="https://report-uri.cloudflare.com/cdn-cgi/beacon/ex
Action.c(766):     pect-ct"\r\n
Action.c(766):     Server: cloudflare\r\n
Action.c(766):     CF-RAY: 53acd5835c44ea10-IAD\r\n
Action.c(766):     \r\n
Action.c(766): t=167308ms: 312-byte ENCODED response body received for "https://stage.peapod.com/api/v2.0/user/slots?delivAvail=true&headers=true&serviceType=D&viewDate=2019-11-20" (RelFrameId=1, Internal ID=77)
Action.c(766): t=167308ms: 978-byte DECODED response body for "https://stage.peapod.com/api/v2.0/user/slots?delivAvail=true&headers=true&serviceType=D&viewDate=2019-11-20" (RelFrameId=1, Internal ID=77)
Action.c(766):     {"response":{"serviceType":"D","delivAvail":true,"viewDate":"2019-11-20","selectedSlotId":
Action.c(766):     0,"headers":[{"id":988309,"date":"2019-11-24","maxDiscount":2.00},{"id":988312,"date":"201
Action.c(766):     9-11-25","maxDiscount":2.00},{"id":988315,"date":"2019-11-26","maxDiscount":2.00},{"id":98
Action.c(766):     8318,"date":"2019-11-27","statusCode":"V","statusMsg":"Value Day","maxDiscount":2.00},{"id
Action.c(766):     ":994700,"date":"2019-11-28","maxDiscount":2.00},{"id":994703,"date":"2019-11-29","maxDisc
Action.c(766):     ount":2.00},{"id":994705,"date":"2019-11-30","maxDiscount":1.00},{"id":994720,"date":"2019
Action.c(766):     -12-01","maxDiscount":2.00},{"id":994723,"date":"2019-12-02","maxDiscount":2.00},{"id":994
Action.c(766):     726,"date":"2019-12-03","maxDiscount":2.00},{"id":994729,"date":"2019-12-04","statusCode":
Action.c(766):     "V","statusMsg":"Value Day","maxDiscount":2.00},{"id":994731,"date":"2019-12-05","maxDisco
Action.c(766):     unt":2.00},{"id":994734,"date":"2019-12-06","maxDiscount":2.00},{"id":994736,"date":"2019-
Action.c(766):     12-07","maxDiscount":1.00}],"slots":[]},"sessionId":"IIFRJAZ4OWS4UCWWM4JCF3Q"}
Action.c(766): web_custom_request("slots_8") was successful, 312 body bytes, 752 header bytes  	[MsgId: MMSG-26386]
Action.c(775): web_custom_request("status_14") started  	[MsgId: MMSG-26355]
Action.c(775): t=168374ms: 752-byte response headers for "https://stage.peapod.com/api/v3.0/user/order/status?routeService=false" (RelFrameId=1, Internal ID=78)
Action.c(775):     HTTP/1.1 200 OK\r\n
Action.c(775):     Date: Sun, 24 Nov 2019 16:42:05 GMT\r\n
Action.c(775):     Content-Type: application/json;charset=utf-8\r\n
Action.c(775):     Transfer-Encoding: chunked\r\n
Action.c(775):     Connection: keep-alive\r\n
Action.c(775):     Strict-Transport-Security: max-age=63072000; includeSubdomains;\r\n
Action.c(775):     access-control-allow-credentials: true\r\n
Action.c(775):     access-control-allow-origin:\r\n
Action.c(775):     expires: 0\r\n
Action.c(775):     Vary: Accept-Encoding,User-Agent\r\n
Action.c(775):     Content-Encoding: gzip\r\n
Action.c(775):     Cache-Control: no-store\r\n
Action.c(775):     X-XSS-Protection: 1; mode=block\r\n
Action.c(775):     X-Content-Type-Options: nosniff\r\n
Action.c(775):     Strict-Transport-Security: max-age=86400; includeSubDomains\r\n
Action.c(775):     Content-Security-Policy: frame-ancestors 'self' *.giantfood.com\r\n
Action.c(775):     CF-Cache-Status: DYNAMIC\r\n
Action.c(775):     Expect-CT: max-age=604800, report-uri="https://report-uri.cloudflare.com/cdn-cgi/beacon/ex
Action.c(775):     pect-ct"\r\n
Action.c(775):     Server: cloudflare\r\n
Action.c(775):     CF-RAY: 53acd58a68279f3a-IAD\r\n
Action.c(775):     \r\n
Action.c(775): t=168378ms: 219-byte ENCODED response body received for "https://stage.peapod.com/api/v3.0/user/order/status?routeService=false" (RelFrameId=1, Internal ID=78)
Action.c(775): t=168378ms: 297-byte DECODED response body for "https://stage.peapod.com/api/v3.0/user/order/status?routeService=false" (RelFrameId=1, Internal ID=78)
Action.c(775):     {"response":{"currentOrder":{"status":"WORKING","unattended":false,"eta":false,"isRedelive
Action.c(775):     ry":false,"orderId":"d135967125"},"pendingOrder":[],"orderId":"d135967125","store":{"id":2
Action.c(775):     ,"priceZone":1,"pickupMinOrder":0.0,"deliveryMinOrder":60.0,"isPickup":false}},"sessionId"
Action.c(775):     :"IIFRJAZ4OWS4UCWWM4JCF3Q"}
Action.c(775): web_custom_request("status_14") was successful, 219 body bytes, 752 header bytes  	[MsgId: MMSG-26386]
Action.c(784): web_custom_request("status_15") started  	[MsgId: MMSG-26355]
Action.c(784): t=172638ms: 770-byte response headers for "https://stage.peapod.com/api/v2.0/user/status" (RelFrameId=1, Internal ID=79)
Action.c(784):     HTTP/1.1 200 OK\r\n
Action.c(784):     Date: Sun, 24 Nov 2019 16:42:10 GMT\r\n
Action.c(784):     Content-Type: application/json;charset=utf-8\r\n
Action.c(784):     Transfer-Encoding: chunked\r\n
Action.c(784):     Connection: keep-alive\r\n
Action.c(784):     Strict-Transport-Security: max-age=63072000; includeSubdomains;\r\n
Action.c(784):     access-control-allow-credentials: true\r\n
Action.c(784):     access-control-allow-origin:\r\n
Action.c(784):     Pragma: no-cache\r\n
Action.c(784):     Cache-Control: no-store\r\n
Action.c(784):     Expires: 0\r\n
Action.c(784):     Vary: Accept-Encoding,User-Agent\r\n
Action.c(784):     Content-Encoding: gzip\r\n
Action.c(784):     X-XSS-Protection: 1; mode=block\r\n
Action.c(784):     X-Content-Type-Options: nosniff\r\n
Action.c(784):     Strict-Transport-Security: max-age=86400; includeSubDomains\r\n
Action.c(784):     Content-Security-Policy: frame-ancestors 'self' *.giantfood.com\r\n
Action.c(784):     CF-Cache-Status: DYNAMIC\r\n
Action.c(784):     Expect-CT: max-age=604800, report-uri="https://report-uri.cloudflare.com/cdn-cgi/beacon/ex
Action.c(784):     pect-ct"\r\n
Action.c(784):     Server: cloudflare\r\n
Action.c(784):     CF-RAY: 53acd5a48b22959c-IAD\r\n
Action.c(784):     \r\n
Action.c(784): t=172643ms: 120-byte ENCODED response body received for "https://stage.peapod.com/api/v2.0/user/status" (RelFrameId=1, Internal ID=79)
Action.c(784): t=172643ms: 105-byte DECODED response body for "https://stage.peapod.com/api/v2.0/user/status" (RelFrameId=1, Internal ID=79)
Action.c(784):     \n
Action.c(784):     \n
Action.c(784):     \n
Action.c(784):     \n
Action.c(784):             {"response":{"userStatus":"R","secureLogin":true},"sessionId":"IIFRJAZ4OWS4UCWWM4J
Action.c(784):     CF3Q"}\n
Action.c(784):         
Action.c(784): web_custom_request("status_15") was successful, 120 body bytes, 770 header bytes  	[MsgId: MMSG-26386]
Action.c(793): web_custom_request("status_16") started  	[MsgId: MMSG-26355]
Action.c(793): t=176898ms: 752-byte response headers for "https://stage.peapod.com/api/v3.0/user/order/status?routeService=true" (RelFrameId=1, Internal ID=80)
Action.c(793):     HTTP/1.1 200 OK\r\n
Action.c(793):     Date: Sun, 24 Nov 2019 16:42:14 GMT\r\n
Action.c(793):     Content-Type: application/json;charset=utf-8\r\n
Action.c(793):     Transfer-Encoding: chunked\r\n
Action.c(793):     Connection: keep-alive\r\n
Action.c(793):     Strict-Transport-Security: max-age=63072000; includeSubdomains;\r\n
Action.c(793):     access-control-allow-credentials: true\r\n
Action.c(793):     access-control-allow-origin:\r\n
Action.c(793):     expires: 0\r\n
Action.c(793):     Vary: Accept-Encoding,User-Agent\r\n
Action.c(793):     Content-Encoding: gzip\r\n
Action.c(793):     Cache-Control: no-store\r\n
Action.c(793):     X-XSS-Protection: 1; mode=block\r\n
Action.c(793):     X-Content-Type-Options: nosniff\r\n
Action.c(793):     Strict-Transport-Security: max-age=86400; includeSubDomains\r\n
Action.c(793):     Content-Security-Policy: frame-ancestors 'self' *.giantfood.com\r\n
Action.c(793):     CF-Cache-Status: DYNAMIC\r\n
Action.c(793):     Expect-CT: max-age=604800, report-uri="https://report-uri.cloudflare.com/cdn-cgi/beacon/ex
Action.c(793):     pect-ct"\r\n
Action.c(793):     Server: cloudflare\r\n
Action.c(793):     CF-RAY: 53acd5bfac7deaa2-IAD\r\n
Action.c(793):     \r\n
Action.c(793): t=176901ms: 219-byte ENCODED response body received for "https://stage.peapod.com/api/v3.0/user/order/status?routeService=true" (RelFrameId=1, Internal ID=80)
Action.c(793): t=176901ms: 297-byte DECODED response body for "https://stage.peapod.com/api/v3.0/user/order/status?routeService=true" (RelFrameId=1, Internal ID=80)
Action.c(793):     {"response":{"currentOrder":{"status":"WORKING","unattended":false,"eta":false,"isRedelive
Action.c(793):     ry":false,"orderId":"d135967125"},"pendingOrder":[],"orderId":"d135967125","store":{"id":2
Action.c(793):     ,"priceZone":1,"pickupMinOrder":0.0,"deliveryMinOrder":60.0,"isPickup":false}},"sessionId"
Action.c(793):     :"IIFRJAZ4OWS4UCWWM4JCF3Q"}
Action.c(793): web_custom_request("status_16") was successful, 219 body bytes, 752 header bytes  	[MsgId: MMSG-26386]
Action.c(802): web_custom_request("status_17") started  	[MsgId: MMSG-26355]
Action.c(802): t=178023ms: 770-byte response headers for "https://stage.peapod.com/api/v2.0/user/status" (RelFrameId=1, Internal ID=81)
Action.c(802):     HTTP/1.1 200 OK\r\n
Action.c(802):     Date: Sun, 24 Nov 2019 16:42:15 GMT\r\n
Action.c(802):     Content-Type: application/json;charset=utf-8\r\n
Action.c(802):     Transfer-Encoding: chunked\r\n
Action.c(802):     Connection: keep-alive\r\n
Action.c(802):     Strict-Transport-Security: max-age=63072000; includeSubdomains;\r\n
Action.c(802):     access-control-allow-credentials: true\r\n
Action.c(802):     access-control-allow-origin:\r\n
Action.c(802):     Pragma: no-cache\r\n
Action.c(802):     Cache-Control: no-store\r\n
Action.c(802):     Expires: 0\r\n
Action.c(802):     Vary: Accept-Encoding,User-Agent\r\n
Action.c(802):     Content-Encoding: gzip\r\n
Action.c(802):     X-XSS-Protection: 1; mode=block\r\n
Action.c(802):     X-Content-Type-Options: nosniff\r\n
Action.c(802):     Strict-Transport-Security: max-age=86400; includeSubDomains\r\n
Action.c(802):     Content-Security-Policy: frame-ancestors 'self' *.giantfood.com\r\n
Action.c(802):     CF-Cache-Status: DYNAMIC\r\n
Action.c(802):     Expect-CT: max-age=604800, report-uri="https://report-uri.cloudflare.com/cdn-cgi/beacon/ex
Action.c(802):     pect-ct"\r\n
Action.c(802):     Server: cloudflare\r\n
Action.c(802):     CF-RAY: 53acd5c6b802ea10-IAD\r\n
Action.c(802):     \r\n
Action.c(802): t=178027ms: 120-byte ENCODED response body received for "https://stage.peapod.com/api/v2.0/user/status" (RelFrameId=1, Internal ID=81)
Action.c(802): t=178027ms: 105-byte DECODED response body for "https://stage.peapod.com/api/v2.0/user/status" (RelFrameId=1, Internal ID=81)
Action.c(802):     \n
Action.c(802):     \n
Action.c(802):     \n
Action.c(802):     \n
Action.c(802):             {"response":{"userStatus":"R","secureLogin":true},"sessionId":"IIFRJAZ4OWS4UCWWM4J
Action.c(802):     CF3Q"}\n
Action.c(802):         
Action.c(802): web_custom_request("status_17") was successful, 120 body bytes, 770 header bytes  	[MsgId: MMSG-26386]
Action.c(811): web_custom_request("init_6") started  	[MsgId: MMSG-26355]
Action.c(811): t=178988ms: 770-byte response headers for "https://stage.peapod.com/api/v2.0/user/init" (RelFrameId=1, Internal ID=82)
Action.c(811):     HTTP/1.1 200 OK\r\n
Action.c(811):     Date: Sun, 24 Nov 2019 16:42:16 GMT\r\n
Action.c(811):     Content-Type: application/json;charset=utf-8\r\n
Action.c(811):     Transfer-Encoding: chunked\r\n
Action.c(811):     Connection: keep-alive\r\n
Action.c(811):     Strict-Transport-Security: max-age=63072000; includeSubdomains;\r\n
Action.c(811):     access-control-allow-credentials: true\r\n
Action.c(811):     access-control-allow-origin:\r\n
Action.c(811):     Pragma: no-cache\r\n
Action.c(811):     Cache-Control: no-store\r\n
Action.c(811):     Expires: 0\r\n
Action.c(811):     Vary: Accept-Encoding,User-Agent\r\n
Action.c(811):     Content-Encoding: gzip\r\n
Action.c(811):     X-XSS-Protection: 1; mode=block\r\n
Action.c(811):     X-Content-Type-Options: nosniff\r\n
Action.c(811):     Strict-Transport-Security: max-age=86400; includeSubDomains\r\n
Action.c(811):     Content-Security-Policy: frame-ancestors 'self' *.giantfood.com\r\n
Action.c(811):     CF-Cache-Status: DYNAMIC\r\n
Action.c(811):     Expect-CT: max-age=604800, report-uri="https://report-uri.cloudflare.com/cdn-cgi/beacon/ex
Action.c(811):     pect-ct"\r\n
Action.c(811):     Server: cloudflare\r\n
Action.c(811):     CF-RAY: 53acd5ccc9dae09a-IAD\r\n
Action.c(811):     \r\n
Action.c(811): t=178992ms: 202-byte ENCODED response body received for "https://stage.peapod.com/api/v2.0/user/init" (RelFrameId=1, Internal ID=82)
Action.c(811): t=178992ms: 258-byte DECODED response body for "https://stage.peapod.com/api/v2.0/user/init" (RelFrameId=1, Internal ID=82)
Action.c(811):     \n
Action.c(811):     \n
Action.c(811):     \n
Action.c(811):     \n
Action.c(811):             {"response":{"result":{"result":"SUCCESS","code":"USER_ACCOUNT_GET_SUCCESS"},"data
Action.c(811):     ":{"handle":"perftest22nov5201@test.com","email":"perftest22nov5201@test.com","buddyEmail"
Action.c(811):     :"","activeStep":"completed"}},"sessionId":"IIFRJAZ4OWS4UCWWM4JCF3Q"}\n
Action.c(811):         
Action.c(811): web_custom_request("init_6") was successful, 202 body bytes, 770 header bytes  	[MsgId: MMSG-26386]
Action.c(820): web_custom_request("slots_9") started  	[MsgId: MMSG-26355]
Action.c(820): t=183087ms: 752-byte response headers for "https://stage.peapod.com/api/v2.0/user/slots?delivAvail=true&headers=true&serviceType=D&viewDate=2019-11-20" (RelFrameId=1, Internal ID=83)
Action.c(820):     HTTP/1.1 200 OK\r\n
Action.c(820):     Date: Sun, 24 Nov 2019 16:42:20 GMT\r\n
Action.c(820):     Content-Type: application/json;charset=utf-8\r\n
Action.c(820):     Transfer-Encoding: chunked\r\n
Action.c(820):     Connection: keep-alive\r\n
Action.c(820):     Strict-Transport-Security: max-age=63072000; includeSubdomains;\r\n
Action.c(820):     access-control-allow-credentials: true\r\n
Action.c(820):     access-control-allow-origin:\r\n
Action.c(820):     expires: 0\r\n
Action.c(820):     Vary: Accept-Encoding,User-Agent\r\n
Action.c(820):     Content-Encoding: gzip\r\n
Action.c(820):     Cache-Control: no-store\r\n
Action.c(820):     X-XSS-Protection: 1; mode=block\r\n
Action.c(820):     X-Content-Type-Options: nosniff\r\n
Action.c(820):     Strict-Transport-Security: max-age=86400; includeSubDomains\r\n
Action.c(820):     Content-Security-Policy: frame-ancestors 'self' *.giantfood.com\r\n
Action.c(820):     CF-Cache-Status: DYNAMIC\r\n
Action.c(820):     Expect-CT: max-age=604800, report-uri="https://report-uri.cloudflare.com/cdn-cgi/beacon/ex
Action.c(820):     pect-ct"\r\n
Action.c(820):     Server: cloudflare\r\n
Action.c(820):     CF-RAY: 53acd5e60b4fea10-IAD\r\n
Action.c(820):     \r\n
Action.c(820): t=183090ms: 312-byte ENCODED response body received for "https://stage.peapod.com/api/v2.0/user/slots?delivAvail=true&headers=true&serviceType=D&viewDate=2019-11-20" (RelFrameId=1, Internal ID=83)
Action.c(820): t=183091ms: 978-byte DECODED response body for "https://stage.peapod.com/api/v2.0/user/slots?delivAvail=true&headers=true&serviceType=D&viewDate=2019-11-20" (RelFrameId=1, Internal ID=83)
Action.c(820):     {"response":{"serviceType":"D","delivAvail":true,"viewDate":"2019-11-20","selectedSlotId":
Action.c(820):     0,"headers":[{"id":988309,"date":"2019-11-24","maxDiscount":2.00},{"id":988312,"date":"201
Action.c(820):     9-11-25","maxDiscount":2.00},{"id":988315,"date":"2019-11-26","maxDiscount":2.00},{"id":98
Action.c(820):     8318,"date":"2019-11-27","statusCode":"V","statusMsg":"Value Day","maxDiscount":2.00},{"id
Action.c(820):     ":994700,"date":"2019-11-28","maxDiscount":2.00},{"id":994703,"date":"2019-11-29","maxDisc
Action.c(820):     ount":2.00},{"id":994705,"date":"2019-11-30","maxDiscount":1.00},{"id":994720,"date":"2019
Action.c(820):     -12-01","maxDiscount":2.00},{"id":994723,"date":"2019-12-02","maxDiscount":2.00},{"id":994
Action.c(820):     726,"date":"2019-12-03","maxDiscount":2.00},{"id":994729,"date":"2019-12-04","statusCode":
Action.c(820):     "V","statusMsg":"Value Day","maxDiscount":2.00},{"id":994731,"date":"2019-12-05","maxDisco
Action.c(820):     unt":2.00},{"id":994734,"date":"2019-12-06","maxDiscount":2.00},{"id":994736,"date":"2019-
Action.c(820):     12-07","maxDiscount":1.00}],"slots":[]},"sessionId":"IIFRJAZ4OWS4UCWWM4JCF3Q"}
Action.c(820): web_custom_request("slots_9") was successful, 312 body bytes, 752 header bytes  	[MsgId: MMSG-26386]
Action.c(829): web_custom_request("search") started  	[MsgId: MMSG-26355]
Action.c(829): Notify: Parameter Substitution: parameter "C_userId" =  "91117310"
Action.c(829): Warning: The string '"start":0,"size":5' with parameter delimiters is not a parameter.
Action.c(829): Warning: The string '"loadable":true,"loaded":true,"sourceSystems":["QUO","COP"]' with parameter delimiters is not a parameter.
Action.c(829): Warning: The string '"targeted":"desc"' with parameter delimiters is not a parameter.
Action.c(829): t=184161ms: 752-byte response headers for "https://stage.peapod.com/api/v4.0/users/91117310/coupons/search" (RelFrameId=1, Internal ID=84)
Action.c(829):     HTTP/1.1 200 OK\r\n
Action.c(829):     Date: Sun, 24 Nov 2019 16:42:21 GMT\r\n
Action.c(829):     Content-Type: application/json;charset=utf-8\r\n
Action.c(829):     Transfer-Encoding: chunked\r\n
Action.c(829):     Connection: keep-alive\r\n
Action.c(829):     Strict-Transport-Security: max-age=63072000; includeSubdomains;\r\n
Action.c(829):     access-control-allow-credentials: true\r\n
Action.c(829):     access-control-allow-origin:\r\n
Action.c(829):     expires: 0\r\n
Action.c(829):     Vary: Accept-Encoding,User-Agent\r\n
Action.c(829):     Content-Encoding: gzip\r\n
Action.c(829):     Cache-Control: no-store\r\n
Action.c(829):     X-XSS-Protection: 1; mode=block\r\n
Action.c(829):     X-Content-Type-Options: nosniff\r\n
Action.c(829):     Strict-Transport-Security: max-age=86400; includeSubDomains\r\n
Action.c(829):     Content-Security-Policy: frame-ancestors 'self' *.giantfood.com\r\n
Action.c(829):     CF-Cache-Status: DYNAMIC\r\n
Action.c(829):     Expect-CT: max-age=604800, report-uri="https://report-uri.cloudflare.com/cdn-cgi/beacon/ex
Action.c(829):     pect-ct"\r\n
Action.c(829):     Server: cloudflare\r\n
Action.c(829):     CF-RAY: 53acd5ecaa1dea34-IAD\r\n
Action.c(829):     \r\n
Action.c(829): t=184165ms: 170-byte ENCODED response body received for "https://stage.peapod.com/api/v4.0/users/91117310/coupons/search" (RelFrameId=1, Internal ID=84)
Action.c(829): t=184165ms: 191-byte DECODED response body for "https://stage.peapod.com/api/v4.0/users/91117310/coupons/search" (RelFrameId=1, Internal ID=84)
Action.c(829):     {"response":{"coupons":[],"paging":{"start":0,"size":5,"total":0},"facets":{"categoryTreeI
Action.c(829):     d":[]},"storeCouponsLoadable":true,"storeCouponsLoaded":false},"sessionId":"IIFRJAZ4OWS4UC
Action.c(829):     WWM4JCF3Q"}
Action.c(829): web_custom_request("search") was successful, 170 body bytes, 752 header bytes  	[MsgId: MMSG-26386]
Action.c(841): web_custom_request("cms_15") started  	[MsgId: MMSG-26355]
Action.c(841): t=188430ms: 752-byte response headers for "https://stage.peapod.com/api/v2.0/cms?regions=%7B%22notification_center_content%22:%7B%22limit%22:50%7D%7D" (RelFrameId=1, Internal ID=85)
Action.c(841):     HTTP/1.1 200 OK\r\n
Action.c(841):     Date: Sun, 24 Nov 2019 16:42:25 GMT\r\n
Action.c(841):     Content-Type: application/json;charset=utf-8\r\n
Action.c(841):     Transfer-Encoding: chunked\r\n
Action.c(841):     Connection: keep-alive\r\n
Action.c(841):     Strict-Transport-Security: max-age=63072000; includeSubdomains;\r\n
Action.c(841):     access-control-allow-credentials: true\r\n
Action.c(841):     access-control-allow-origin:\r\n
Action.c(841):     expires: 0\r\n
Action.c(841):     Vary: Accept-Encoding,User-Agent\r\n
Action.c(841):     Content-Encoding: gzip\r\n
Action.c(841):     Cache-Control: no-store\r\n
Action.c(841):     X-XSS-Protection: 1; mode=block\r\n
Action.c(841):     X-Content-Type-Options: nosniff\r\n
Action.c(841):     Strict-Transport-Security: max-age=86400; includeSubDomains\r\n
Action.c(841):     Content-Security-Policy: frame-ancestors 'self' *.giantfood.com\r\n
Action.c(841):     CF-Cache-Status: DYNAMIC\r\n
Action.c(841):     Expect-CT: max-age=604800, report-uri="https://report-uri.cloudflare.com/cdn-cgi/beacon/ex
Action.c(841):     pect-ct"\r\n
Action.c(841):     Server: cloudflare\r\n
Action.c(841):     CF-RAY: 53acd6073d4fe0d2-IAD\r\n
Action.c(841):     \r\n
Action.c(841): t=188434ms: 611-byte ENCODED response body received for "https://stage.peapod.com/api/v2.0/cms?regions=%7B%22notification_center_content%22:%7B%22limit%22:50%7D%7D" (RelFrameId=1, Internal ID=85)
Action.c(841): t=188435ms: 1275-byte DECODED response body for "https://stage.peapod.com/api/v2.0/cms?regions=%7B%22notification_center_content%22:%7B%22limit%22:50%7D%7D" (RelFrameId=1, Internal ID=85)
Action.c(841):     {"response":{"regionContents":[{"region":"notification_center_content","contents":[{"map":
Action.c(841):     {"Friendly Tracking Description":"Romaine Lettuce Advisory","moduleType":"Content: Notific
Action.c(841):     ation","SEO Excluded":"No","Customer Status":{"myArrayList":["New Customer","Existing Cust
Action.c(841):     omer"]},"Create Multipanel":{"myArrayList":["Left Panel","Right Panel"]},"Test script fiel
Action.c(841):     d (migration)":"CS-92193","Site_Location":"notification_center_content","Customer Type":{"
Action.c(841):     myArrayList":["Consumer","Merchant"]},"scheduledContentData":{"map":{"Notification Message
Action.c(841):     ":"Due to an advisory from federal health officials that romaine lettuce from the Salinas,
Action.c(841):      California, growing region may be linked to some cases of illness nationally, we have vol
Action.c(841):     untarily removed this product from our site. We apologize for any inconvenience. ","Notifi
Action.c(841):     cation Headline":"Romaine Lettuce Advisory","parts":{"myArrayList":[]},"Products Targeted"
Action.c(841):     :"No","id":"380605","Create Multipanel":{"myArrayList":["Left Panel","Right Panel"]},"Test
Action.c(841):      script field (migration)":"CS-92192","key":"CS-92192"}},"Scheduled_Priority":"1","Start D
Action.c(841):     ate":"2019-11-23","Content_Active":"Yes","End Date":"2019-11-30","Products Targeted":"No",
Action.c(841):     "Sent to QA":"2019-11-23T19:09:52.741-0600","id":"380606","StoreCodes":{"myArrayList":[]},
Action.c(841):     "key":"CS-92193
Action.c(841): t=188437ms: 62-byte ENCODED response body received for "https://stage.peapod.com/api/v2.0/cms?regions=%7B%22notification_center_content%22:%7B%22limit%22:50%7D%7D" (RelFrameId=1, Internal ID=85)
Action.c(841): t=188437ms: 62-byte DECODED response body for "https://stage.peapod.com/api/v2.0/cms?regions=%7B%22notification_center_content%22:%7B%22limit%22:50%7D%7D" (RelFrameId=1, Internal ID=85)
Action.c(841):     "}}]}],"resultCount":1},"sessionId":"IIFRJAZ4OWS4UCWWM4JCF3Q"}
Action.c(841): web_custom_request("cms_15") was successful, 673 body bytes, 752 header bytes  	[MsgId: MMSG-26386]
Action.c(861): web_custom_request("init_7") started  	[MsgId: MMSG-26355]
Action.c(861): t=189376ms: 770-byte response headers for "https://stage.peapod.com/api/v2.0/user/init" (RelFrameId=1, Internal ID=86)
Action.c(861):     HTTP/1.1 200 OK\r\n
Action.c(861):     Date: Sun, 24 Nov 2019 16:42:26 GMT\r\n
Action.c(861):     Content-Type: application/json;charset=utf-8\r\n
Action.c(861):     Transfer-Encoding: chunked\r\n
Action.c(861):     Connection: keep-alive\r\n
Action.c(861):     Strict-Transport-Security: max-age=63072000; includeSubdomains;\r\n
Action.c(861):     access-control-allow-credentials: true\r\n
Action.c(861):     access-control-allow-origin:\r\n
Action.c(861):     Pragma: no-cache\r\n
Action.c(861):     Cache-Control: no-store\r\n
Action.c(861):     Expires: 0\r\n
Action.c(861):     Vary: Accept-Encoding,User-Agent\r\n
Action.c(861):     Content-Encoding: gzip\r\n
Action.c(861):     X-XSS-Protection: 1; mode=block\r\n
Action.c(861):     X-Content-Type-Options: nosniff\r\n
Action.c(861):     Strict-Transport-Security: max-age=86400; includeSubDomains\r\n
Action.c(861):     Content-Security-Policy: frame-ancestors 'self' *.giantfood.com\r\n
Action.c(861):     CF-Cache-Status: DYNAMIC\r\n
Action.c(861):     Expect-CT: max-age=604800, report-uri="https://report-uri.cloudflare.com/cdn-cgi/beacon/ex
Action.c(861):     pect-ct"\r\n
Action.c(861):     Server: cloudflare\r\n
Action.c(861):     CF-RAY: 53acd60dbb6df12a-IAD\r\n
Action.c(861):     \r\n
Action.c(861): t=189380ms: 202-byte ENCODED response body received for "https://stage.peapod.com/api/v2.0/user/init" (RelFrameId=1, Internal ID=86)
Action.c(861): t=189380ms: 258-byte DECODED response body for "https://stage.peapod.com/api/v2.0/user/init" (RelFrameId=1, Internal ID=86)
Action.c(861):     \n
Action.c(861):     \n
Action.c(861):     \n
Action.c(861):     \n
Action.c(861):             {"response":{"result":{"result":"SUCCESS","code":"USER_ACCOUNT_GET_SUCCESS"},"data
Action.c(861):     ":{"handle":"perftest22nov5201@test.com","email":"perftest22nov5201@test.com","buddyEmail"
Action.c(861):     :"","activeStep":"completed"}},"sessionId":"IIFRJAZ4OWS4UCWWM4JCF3Q"}\n
Action.c(861):         
Action.c(861): web_custom_request("init_7") was successful, 202 body bytes, 770 header bytes  	[MsgId: MMSG-26386]
Action.c(882): web_custom_request("init_8") started  	[MsgId: MMSG-26355]
Action.c(882): t=190496ms: 770-byte response headers for "https://stage.peapod.com/api/v2.0/user/init" (RelFrameId=1, Internal ID=87)
Action.c(882):     HTTP/1.1 200 OK\r\n
Action.c(882):     Date: Sun, 24 Nov 2019 16:42:27 GMT\r\n
Action.c(882):     Content-Type: application/json;charset=utf-8\r\n
Action.c(882):     Transfer-Encoding: chunked\r\n
Action.c(882):     Connection: keep-alive\r\n
Action.c(882):     Strict-Transport-Security: max-age=63072000; includeSubdomains;\r\n
Action.c(882):     access-control-allow-credentials: true\r\n
Action.c(882):     access-control-allow-origin:\r\n
Action.c(882):     Pragma: no-cache\r\n
Action.c(882):     Cache-Control: no-store\r\n
Action.c(882):     Expires: 0\r\n
Action.c(882):     Vary: Accept-Encoding,User-Agent\r\n
Action.c(882):     Content-Encoding: gzip\r\n
Action.c(882):     X-XSS-Protection: 1; mode=block\r\n
Action.c(882):     X-Content-Type-Options: nosniff\r\n
Action.c(882):     Strict-Transport-Security: max-age=86400; includeSubDomains\r\n
Action.c(882):     Content-Security-Policy: frame-ancestors 'self' *.giantfood.com\r\n
Action.c(882):     CF-Cache-Status: DYNAMIC\r\n
Action.c(882):     Expect-CT: max-age=604800, report-uri="https://report-uri.cloudflare.com/cdn-cgi/beacon/ex
Action.c(882):     pect-ct"\r\n
Action.c(882):     Server: cloudflare\r\n
Action.c(882):     CF-RAY: 53acd614b849f106-IAD\r\n
Action.c(882):     \r\n
Action.c(882): t=190500ms: 202-byte ENCODED response body received for "https://stage.peapod.com/api/v2.0/user/init" (RelFrameId=1, Internal ID=87)
Action.c(882): t=190500ms: 258-byte DECODED response body for "https://stage.peapod.com/api/v2.0/user/init" (RelFrameId=1, Internal ID=87)
Action.c(882):     \n
Action.c(882):     \n
Action.c(882):     \n
Action.c(882):     \n
Action.c(882):             {"response":{"result":{"result":"SUCCESS","code":"USER_ACCOUNT_GET_SUCCESS"},"data
Action.c(882):     ":{"handle":"perftest22nov5201@test.com","email":"perftest22nov5201@test.com","buddyEmail"
Action.c(882):     :"","activeStep":"completed"}},"sessionId":"IIFRJAZ4OWS4UCWWM4JCF3Q"}\n
Action.c(882):         
Action.c(882): web_custom_request("init_8") was successful, 202 body bytes, 770 header bytes  	[MsgId: MMSG-26386]
Action.c(891): web_custom_request("init_9") started  	[MsgId: MMSG-26355]
Action.c(891): t=194616ms: 770-byte response headers for "https://stage.peapod.com/api/v2.0/user/init" (RelFrameId=1, Internal ID=88)
Action.c(891):     HTTP/1.1 200 OK\r\n
Action.c(891):     Date: Sun, 24 Nov 2019 16:42:32 GMT\r\n
Action.c(891):     Content-Type: application/json;charset=utf-8\r\n
Action.c(891):     Transfer-Encoding: chunked\r\n
Action.c(891):     Connection: keep-alive\r\n
Action.c(891):     Strict-Transport-Security: max-age=63072000; includeSubdomains;\r\n
Action.c(891):     access-control-allow-credentials: true\r\n
Action.c(891):     access-control-allow-origin:\r\n
Action.c(891):     Pragma: no-cache\r\n
Action.c(891):     Cache-Control: no-store\r\n
Action.c(891):     Expires: 0\r\n
Action.c(891):     Vary: Accept-Encoding,User-Agent\r\n
Action.c(891):     Content-Encoding: gzip\r\n
Action.c(891):     X-XSS-Protection: 1; mode=block\r\n
Action.c(891):     X-Content-Type-Options: nosniff\r\n
Action.c(891):     Strict-Transport-Security: max-age=86400; includeSubDomains\r\n
Action.c(891):     Content-Security-Policy: frame-ancestors 'self' *.giantfood.com\r\n
Action.c(891):     CF-Cache-Status: DYNAMIC\r\n
Action.c(891):     Expect-CT: max-age=604800, report-uri="https://report-uri.cloudflare.com/cdn-cgi/beacon/ex
Action.c(891):     pect-ct"\r\n
Action.c(891):     Server: cloudflare\r\n
Action.c(891):     CF-RAY: 53acd62e7ecbcef0-IAD\r\n
Action.c(891):     \r\n
Action.c(891): t=194619ms: 202-byte ENCODED response body received for "https://stage.peapod.com/api/v2.0/user/init" (RelFrameId=1, Internal ID=88)
Action.c(891): t=194619ms: 258-byte DECODED response body for "https://stage.peapod.com/api/v2.0/user/init" (RelFrameId=1, Internal ID=88)
Action.c(891):     \n
Action.c(891):     \n
Action.c(891):     \n
Action.c(891):     \n
Action.c(891):             {"response":{"result":{"result":"SUCCESS","code":"USER_ACCOUNT_GET_SUCCESS"},"data
Action.c(891):     ":{"handle":"perftest22nov5201@test.com","email":"perftest22nov5201@test.com","buddyEmail"
Action.c(891):     :"","activeStep":"completed"}},"sessionId":"IIFRJAZ4OWS4UCWWM4JCF3Q"}\n
Action.c(891):         
Action.c(891): web_custom_request("init_9") was successful, 202 body bytes, 770 header bytes  	[MsgId: MMSG-26386]
Action.c(900): web_custom_request("log_3") started  	[MsgId: MMSG-26355]
Action.c(900): Warning: The string '"messages":["Mozilla/5.0 (Windows NT 10.0; Win64; x64) AppleWebKit/537.36 (KHTML, like Gecko) Chrome/78.0.3904.97 Safari/537.36||E|content_view|<region:\"home_page_hero\"><scheduledContentId:\"CSDEV-1382\"><contentId:\"CSDEV-1381\"><resolution:\"1536x754\"><screenSize:\"desktop\">","Mozilla/5.0 (Windows NT 10.0; Win64; x64) AppleWebKit/537.36 (KHTML, like Gecko) Chrome/78.0.3904.97 Safari/537.36||E|content_view|<region:\"home_page_hero\"><scheduledContentId:\"CSDEV-4252\"><contentId:\"CSDEV-4253\"><resolution:\"1536x754\"><screenSize:\"desktop\">"]' with parameter delimiters is not a parameter.
Action.c(900): t=195598ms: 770-byte response headers for "https://stage.peapod.com/api/v2.0/client/log" (RelFrameId=1, Internal ID=89)
Action.c(900):     HTTP/1.1 200 OK\r\n
Action.c(900):     Date: Sun, 24 Nov 2019 16:42:33 GMT\r\n
Action.c(900):     Content-Type: application/json;charset=utf-8\r\n
Action.c(900):     Transfer-Encoding: chunked\r\n
Action.c(900):     Connection: keep-alive\r\n
Action.c(900):     Strict-Transport-Security: max-age=63072000; includeSubdomains;\r\n
Action.c(900):     access-control-allow-credentials: true\r\n
Action.c(900):     access-control-allow-origin:\r\n
Action.c(900):     Pragma: no-cache\r\n
Action.c(900):     Cache-Control: no-store\r\n
Action.c(900):     Expires: 0\r\n
Action.c(900):     Vary: Accept-Encoding,User-Agent\r\n
Action.c(900):     Content-Encoding: gzip\r\n
Action.c(900):     X-XSS-Protection: 1; mode=block\r\n
Action.c(900):     X-Content-Type-Options: nosniff\r\n
Action.c(900):     Strict-Transport-Security: max-age=86400; includeSubDomains\r\n
Action.c(900):     Content-Security-Policy: frame-ancestors 'self' *.giantfood.com\r\n
Action.c(900):     CF-Cache-Status: DYNAMIC\r\n
Action.c(900):     Expect-CT: max-age=604800, report-uri="https://report-uri.cloudflare.com/cdn-cgi/beacon/ex
Action.c(900):     pect-ct"\r\n
Action.c(900):     Server: cloudflare\r\n
Action.c(900):     CF-RAY: 53acd6348de6e112-IAD\r\n
Action.c(900):     \r\n
Action.c(900): t=195602ms: 125-byte ENCODED response body received for "https://stage.peapod.com/api/v2.0/client/log" (RelFrameId=1, Internal ID=89)
Action.c(900): t=195602ms: 114-byte DECODED response body for "https://stage.peapod.com/api/v2.0/client/log" (RelFrameId=1, Internal ID=89)
Action.c(900):     \n
Action.c(900):     \n
Action.c(900):     \n
Action.c(900):     \n
Action.c(900):             {"response":{"result":"SUCCESS","code":"MESSAGE_RECEIVED"},"sessionId":"IIFRJAZ4OW
Action.c(900):     S4UCWWM4JCF3Q"}\n
Action.c(900):         
Action.c(900): web_custom_request("log_3") was successful, 125 body bytes, 770 header bytes  	[MsgId: MMSG-26386]
Action.c(914): web_custom_request("118624,118616,118779,118617,118655") started  	[MsgId: MMSG-26355]
Action.c(914): t=197007ms: 710-byte response headers for "https://stage.peapod.com/api/v3.0/user/products/118624,118616,118779,118617,118655?extendedInfo=true&flags=true&hkInclude=true&nutrition=true&substitute=true" (RelFrameId=1, Internal ID=90)
Action.c(914):     HTTP/1.1 200 OK\r\n
Action.c(914):     Date: Sun, 24 Nov 2019 16:42:34 GMT\r\n
Action.c(914):     Content-Type: application/json;charset=utf-8\r\n
Action.c(914):     Transfer-Encoding: chunked\r\n
Action.c(914):     Connection: keep-alive\r\n
Action.c(914):     CF-Ray: 53acd63b1ff2c17f-IAD\r\n
Action.c(914):     Content-Encoding: gzip\r\n
Action.c(914):     CF-Cache-Status: DYNAMIC\r\n
Action.c(914):     Cache-Control: no-store\r\n
Action.c(914):     Expires: 0\r\n
Action.c(914):     Strict-Transport-Security: max-age=63072000; includeSubdomains;, max-age=86400; includeSub
Action.c(914):     Domains\r\n
Action.c(914):     Vary: Accept-Encoding,User-Agent\r\n
Action.c(914):     access-control-allow-credentials: true\r\n
Action.c(914):     Content-Security-Policy: frame-ancestors 'self' *.giantfood.com\r\n
Action.c(914):     Expect-CT: max-age=604800, report-uri="https://report-uri.cloudflare.com/cdn-cgi/beacon/ex
Action.c(914):     pect-ct"\r\n
Action.c(914):     X-Content-Type-Options: nosniff\r\n
Action.c(914):     X-sw-debug: 1\r\n
Action.c(914):     X-XSS-Protection: 1; mode=block\r\n
Action.c(914):     Server: cloudflare\r\n
Action.c(914):     \r\n
Action.c(914): t=197010ms: 654-byte ENCODED response body received for "https://stage.peapod.com/api/v3.0/user/products/118624,118616,118779,118617,118655?extendedInfo=true&flags=true&hkInclude=true&nutrition=true&substitute=true" (RelFrameId=1, Internal ID=90)
Action.c(914): t=197010ms: 1241-byte DECODED response body for "https://stage.peapod.com/api/v3.0/user/products/118624,118616,118779,118617,118655?extendedInfo=true&flags=true&hkInclude=true&nutrition=true&substitute=true" (RelFrameId=1, Internal ID=90)
Action.c(914):     {"response":{"products":[{"prodId":118624,"name":"Red Grapes Seedless","size":"APX 1 LB","
Action.c(914):     unitPrice":0.16,"unitMeasure":"OZ","price":2.49,"regularPrice":2.99,"rootCatId":866,"rootC
Action.c(914):     atSeq":2,"rootCatName":"Produce","upc":"20402300000","hasSubstitute":true,"substituteId":1
Action.c(914):     18572,"rating":2.3,"ratingReviewsSuppressed":false,"marketSpecificReviews":false,"reviewId
Action.c(914):     ":"118624-PPDSSNE","brandId":554,"brand":"USDA Produce","subcatId":934,"subcatName":"Grape
Action.c(914):     s","flags":{"sample":false,"suppressed":false,"active":true,"outOfStock":false,"specialCod
Action.c(914):     e":"*","upromise":false,"newArrival":false,"privateLabel":false,"preferredItem":false,"bog
Action.c(914):     o":false,"sale":true,"lowPriceEveryday":false,"organic":false,"dairy":false,"egg":false,"g
Action.c(914):     luten":false,"kosher":false,"peanut":false,"nonGMO":false,"vegan":false,"vegeterian":false
Action.c(914):     ,"lactoseFree":false,"antibioticFree":false,"wheatFree":false,"hormoneFree":false,"nitrate
Action.c(914):     Free":false,"nitriteFree":false,"natural":false},"image":{"small":"https://i5.peapod.com/c
Action.c(914):     /OK/OKNPX.jpg","medium":"https://i5.peapod.com/c/II/IIKD8.jpg","large":"https://i5.peapod.
Action.c(914):     com/c/BX/BX5LD.jpg","xlarge":"https://i5.peapod.com/c/54/54A6Q.jpg"},"nutrition":{"nutriti
Action.c(914):     onShow":true,"servingSize":"1 CUP","servingsPerContainer":"VARIES","tot
Action.c(914): t=197012ms: 1766-byte ENCODED response body received for "https://stage.peapod.com/api/v3.0/user/products/118624,118616,118779,118617,118655?extendedInfo=true&flags=true&hkInclude=true&nutrition=true&substitute=true" (RelFrameId=1, Internal ID=90)
Action.c(914): t=197012ms: 12288-byte DECODED response body for "https://stage.peapod.com/api/v3.0/user/products/118624,118616,118779,118617,118655?extendedInfo=true&flags=true&hkInclude=true&nutrition=true&substitute=true" (RelFrameId=1, Internal ID=90)
Action.c(914):     alCalories":104.19,"totalCaloriesShow":true,"fatCalories":2.17,"fatCaloriesShow":true,"tot
Action.c(914):     alFat":0.24,"totalFatShow":true,"totalFatPct":0.37,"totalFatPctShow":true,"totalFatUnit":"
Action.c(914):     g","saturatedFat":0.08,"saturatedFatShow":true,"saturatedFatPct":0.4,"saturatedFatPctShow"
Action.c(914):     :true,"saturatedFatUnit":"g","transFat":0.0,"transFatUnit":"g","transFatShow":true,"polyun
Action.c(914):     saturatedFat":0.07,"polyunsaturatedFatUnit":"g","polyunsaturatedFatShow":true,"monounsatur
Action.c(914):     atedFat":0.01,"monounsaturatedFatUnit":"g","monounsaturatedFatShow":true,"cholesterol":0.0
Action.c(914):     ,"cholesterolShow":true,"cholesterolPct":0.0,"cholesterolPctShow":true,"cholesterolUnit":"
Action.c(914):     mg","sodium":3.02,"sodiumShow":true,"sodiumPct":0.12,"sodiumPctShow":true,"sodiumUnit":"mg
Action.c(914):     ","potassium":288.41,"potassiumShow":true,"potassiumPct":6.13,"potassiumPctShow":true,"pot
Action.c(914):     assiumUnit":"mg","totalCarbs":27.33,"totalCarbsShow":true,"totalCarbsPct":9.11,"totalCarbs
Action.c(914):     PctShow":true,"totalCarbsUnit":"g","dietaryFiber":1.35,"dietaryFiberShow":true,"dietaryFib
Action.c(914):     erPct":5.43,"dietaryFiberPctShow":true,"dietaryFiberUnit":"g","sugar":23.37,"sugarUnit":"g
Action.c(914):     ","sugarShow":true,"sugarAlcoholUnit":"g","sugarAlcoholShow":false,"otherCarbs":2.59,"othe
Action.c(914):     rCarbsUnit":"g","otherCarbsShow":true,"protein":1.08,"proteinUnit":"g","proteinShow":true,
Action.c(914):     "vitaminAPct":1.99,"vitaminAShow":true,"vitaminCPct":6.44,"vitaminCShow":true,"ironPct":3.
Action.c(914):     02,"ironShow":true,"calciumPct":1.51,"calciumShow":true,"ww":0,"wwShow":true},"extendedInf
Action.c(914):     o":{"detail":"Nutrition information gathered from the USDA Nutrition Database NDB Number: 
Action.c(914):     9132","ingredients":"Grapes Red Seedless","countryOfOrigin":"USA, Chile, Mexico, South Afr
Action.c(914):     ica, Peru","pareve":false,"kosherImages":[],"active":true},"bmsm":false,"bmsmTiers":[],"gu
Action.c(914):     idingStars":2,"options":[],"suppressSwapAndSave":false,"productCategoryId":939,"hasPriceAd
Action.c(914):     justment":false,"hasPickStoreLocation":false,"hasCoupon":false},{"prodId":118616,"name":"B
Action.c(914):     ell Peppers Red","size":"1 EA","unitPrice":1.99,"unitMeasure":"EA","price":1.99,"regularPr
Action.c(914):     ice":1.99,"rootCatId":866,"rootCatSeq":2,"rootCatName":"Produce","upc":"4688","hasSubstitu
Action.c(914):     te":true,"substituteId":118615,"rating":0.0,"ratingReviewsSuppressed":false,"marketSpecifi
Action.c(914):     cReviews":false,"reviewId":"118616-PPDSSNE","brandId":554,"brand":"USDA Produce","subcatId
Action.c(914):     ":1121,"subcatName":"Bell Peppers","flags":{"sample":false,"suppressed":false,"active":tru
Action.c(914):     e,"outOfStock":false,"specialCode":" ","upromise":false,"newArrival":false,"privateLabel":
Action.c(914):     false,"preferredItem":false,"bogo":false,"sale":false,"lowPriceEveryday":false,"organic":f
Action.c(914):     alse,"dairy":false,"egg":false,"gluten":false,"kosher":false,"peanut":false,"nonGMO":false
Action.c(914):     ,"vegan":false,"vegeterian":false,"lactoseFree":false,"antibioticFree":false,"wheatFree":f
Action.c(914):     alse,"hormoneFree":false,"nitrateFree":false,"nitriteFree":false,"natural":false},"image":
Action.c(914):     {"small":"https://i5.peapod.com/c/OD/ODLJH.jpg","medium":"https://i5.peapod.com/c/DA/DASGH
Action.c(914):     .jpg","large":"https://i5.peapod.com/c/3T/3TXBE.jpg","xlarge":"https://i5.peapod.com/c/9Q/
Action.c(914):     9Q33Y.jpg"},"nutrition":{"nutritionShow":true,"servingSize":"1 MEDIUM PEPPER","servingsPer
Action.c(914):     Container":"1","totalCalories":37.0,"totalCaloriesShow":true,"fatCalories":3.21,"fatCalori
Action.c(914):     esShow":true,"totalFat":0.36,"totalFatShow":true,"totalFatPct":0.55,"totalFatPctShow":true
Action.c(914):     ,"totalFatUnit":"g","saturatedFat":0.03,"saturatedFatShow":true,"saturatedFatPct":0.16,"sa
Action.c(914):     turatedFatPctShow":true,"saturatedFatUnit":"g","transFat":0.0,"transFatUnit":"g","transFat
Action.c(914):     Show":true,"polyunsaturatedFat":0.08,"polyunsaturatedFatUnit":"g","polyunsaturatedFatShow"
Action.c(914):     :true,"monounsaturatedFat":0.0,"monounsaturatedFatUnit":"g","monounsaturatedFatShow":true,
Action.c(914):     "cholesterol":0.0,"cholesterolShow":true,"cholesterolPct":0.0,"cholesterolPctShow":true,"c
Action.c(914):     holesterolUnit":"mg","sodium":4.76,"sodiumShow":true,"sodiumPct":0.2,"sodiumPctShow":true,
Action.c(914):     "sodiumUnit":"mg","potassium":251.09,"potassiumShow":true,"potassiumPct":5.34,"potassiumPc
Action.c(914):     tShow":true,"potassiumUnit":"mg","totalCarbs":7.18,"totalCarbsShow":true,"totalCarbsPct":2
Action.c(914):     .39,"totalCarbsPctShow":true,"totalCarbsUnit":"g","dietaryFiber":2.5,"dietaryFiberShow":tr
Action.c(914):     ue,"dietaryFiberPct":10.0,"dietaryFiberPctShow":true,"dietaryFiberUnit":"g","sugar":5.0,"s
Action.c(914):     ugarUnit":"g","sugarShow":true,"sugarAlcoholUnit":"g","sugarAlcoholShow":false,"otherCarbs
Action.c(914):     ":0.32,"otherCarbsUnit":"g","otherCarbsShow":true,"protein":1.18,"proteinUnit":"g","protei
Action.c(914):     nShow":true,"vitaminAPct":74.52,"vitaminAShow":true,"vitaminCPct":202.62,"vitaminCShow":tr
Action.c(914):     ue,"ironPct":0.01,"ironShow":true,"calciumPct":0.83,"calciumShow":true,"ww":1,"wwShow":tru
Action.c(914):     e},"extendedInfo":{"detail":"Nutrition information gathered from the USDA Nutrition Databa
Action.c(914):     se NDB Number: 11821","ingredients":"Peppers Bell Red","countryOfOrigin":"USA, Mexico, Can
Action.c(914):     ada, Spain, Israel, Dominican Republic, Holland,","pareve":false,"kosherImages":[],"active
Action.c(914):     ":true},"bmsm":false,"bmsmTiers":[],"guidingStars":3,"options":[],"suppressSwapAndSave":fa
Action.c(914):     lse,"productCategoryId":1124,"hasPriceAdjustment":false,"hasPickStoreLocation":false,"hasC
Action.c(914):     oupon":false},{"prodId":118779,"name":"Stop & Shop Romaine Hearts Lettuce","size":"3 CT PK
Action.c(914):     G","unitPrice":1.00,"unitMeasure":"EA","price":2.99,"regularPrice":3.99,"rootCatId":866,"r
Action.c(914):     ootCatSeq":2,"rootCatName":"Produce","upc":"68826704369","hasSubstitute":true,"substituteI
Action.c(914):     d":118579,"rating":0.0,"ratingReviewsSuppressed":false,"marketSpecificReviews":false,"revi
Action.c(914):     ewId":"118779-PPDSSNE","brandId":5909,"brand":"Our Brand","subcatId":1075,"subcatName":"Le
Action.c(914):     ttuce","flags":{"sample":false,"suppressed":false,"active":true,"outOfStock":false,"specia
Action.c(914):     lCode":"*","upromise":false,"newArrival":false,"privateLabel":true,"preferredItem":false,"
Action.c(914):     bogo":false,"sale":true,"lowPriceEveryday":false,"organic":false,"dairy":false,"egg":false
Action.c(914):     ,"gluten":false,"kosher":false,"peanut":false,"nonGMO":false,"vegan":false,"vegeterian":fa
Action.c(914):     lse,"lactoseFree":false,"antibioticFree":false,"wheatFree":false,"hormoneFree":false,"nitr
Action.c(914):     ateFree":false,"nitriteFree":false,"natural":false},"image":{"small":"https://i5.peapod.co
Action.c(914):     m/c/76/76R8A.jpg","medium":"https://i5.peapod.com/c/17/17VF9.jpg","large":"https://i5.peap
Action.c(914):     od.com/c/82/82XRF.jpg","xlarge":"https://i5.peapod.com/c/RL/RLCYL.jpg"},"nutrition":{"nutr
Action.c(914):     itionShow":true,"servingSize":"1 CUP, SHRED","servingsPerContainer":"VARIES","totalCalorie
Action.c(914):     s":7.99,"totalCaloriesShow":true,"fatCalories":1.27,"fatCaloriesShow":true,"totalFat":0.14
Action.c(914):     ,"totalFatShow":true,"totalFatPct":0.22,"totalFatPctShow":true,"totalFatUnit":"g","saturat
Action.c(914):     edFat":0.02,"saturatedFatShow":true,"saturatedFatPct":0.09,"saturatedFatPctShow":true,"sat
Action.c(914):     uratedFatUnit":"g","transFat":0.0,"transFatUnit":"g","transFatShow":true,"polyunsaturatedF
Action.c(914):     at":0.08,"polyunsaturatedFatUnit":"g","polyunsaturatedFatShow":true,"monounsaturatedFat":0
Action.c(914):     .01,"monounsaturatedFatUnit":"g","monounsaturatedFatShow":true,"cholesterol":0.0,"choleste
Action.c(914):     rolShow":true,"cholesterolPct":0.0,"cholesterolPctShow":true,"cholesterolUnit":"mg","sodiu
Action.c(914):     m":3.76,"sodiumShow":true,"sodiumPct":0.16,"sodiumPctShow":true,"sodiumUnit":"mg","potassi
Action.c(914):     um":116.09,"potassiumShow":true,"potassiumPct":2.47,"potassiumPctShow":true,"potassiumUnit
Action.c(914):     ":"mg","totalCarbs":1.55,"totalCarbsShow":true,"totalCarbsPct":0.52,"totalCarbsPctShow":tr
Action.c(914):     ue,"totalCarbsUnit":"g","dietaryFiber":0.99,"dietaryFiberShow":true,"dietaryFiberPct":3.95
Action.c(914):     ,"dietaryFiberPctShow":true,"dietaryFiberUnit":"g","sugar":0.56,"sugarUnit":"g","sugarShow
Action.c(914):     ":true,"sugarAlcoholUnit":"g","sugarAlcoholShow":false,"otherCarbs":0.0,"otherCarbsUnit":"
Action.c(914):     g","otherCarbsShow":true,"protein":0.58,"proteinUnit":"g","proteinShow":true,"vitaminAPct"
Action.c(914):     :81.87,"vitaminAShow":true,"vitaminCPct":2.51,"vitaminCShow":true,"ironPct":2.53,"ironShow
Action.c(914):     ":true,"calciumPct":1.55,"calciumShow":true,"ww":0,"wwShow":true},"extendedInfo":{"detail"
Action.c(914):     :"Nutrition information gathered from the USDA Nutrition Database NDB Number: 11251","ingr
Action.c(914):     edients":"Peapod Romaine Hearts Lettuce","ppodSellBx":"Purchase with confidence. We have w
Action.c(914):     orked with our suppliers to verify all romaine lettuce products in our store today are gro
Action.c(914):     wn in regions cleared by the FDA and CDC as not impacted by the recent advisory.Check the 
Action.c(914):     package for the growing area and harvest date or a hydroponically- or greenhouse-grown lab
Action.c(914):     el.","countryOfOrigin":"Mexico,USA","pareve":false,"kosherImages":[],"active":true},"bmsm"
Action.c(914):     :false,"bmsmTiers":[],"guidingStars":3,"options":[],"suppressSwapAndSave":false,"productCa
Action.c(914):     tegoryId":1084,"hasPriceAdjustment":false,"hasPickStoreLocation":false,"hasCoupon":false},
Action.c(914):     {"prodId":118617,"name":"Bell Peppers Yellow","size":"1 EA","unitPrice":1.99,"unitMeasure"
Action.c(914):     :"EA","price":1.99,"regularPrice":1.99,"rootCatId":866,"rootCatSeq":2,"rootCatName":"Produ
Action.c(914):     ce","upc":"4689","hasSubstitute":true,"substituteId":118616,"rating":0.0,"ratingReviewsSup
Action.c(914):     pressed":false,"marketSpecificReviews":false,"reviewId":"118617-PPDSSNE","brandId":554,"br
Action.c(914):     and":"USDA Produce","subcatId":1121,"subcatName":"Bell Peppers","flags":{"sample":false,"s
Action.c(914):     uppressed":false,"active":true,"outOfStock":false,"specialCode":" ","upromise":false,"newA
Action.c(914):     rrival":false,"privateLabel":false,"preferredItem":false,"bogo":false,"sale":false,"lowPri
Action.c(914):     ceEveryday":false,"organic":false,"dairy":false,"egg":false,"gluten":false,"kosher":false,
Action.c(914):     "peanut":false,"nonGMO":false,"vegan":false,"vegeterian":false,"lactoseFree":false,"antibi
Action.c(914):     oticFree":false,"wheatFree":false,"hormoneFree":false,"nitrateFree":false,"nitriteFree":fa
Action.c(914):     lse,"natural":false},"image":{"small":"https://i5.peapod.com/c/BY/BYLTC.jpg","medium":"htt
Action.c(914):     ps://i5.peapod.com/c/WV/WVZM6.jpg","large":"https://i5.peapod.com/c/KX/KXGEQ.jpg","xlarge"
Action.c(914):     :"https://i5.peapod.com/c/11/11YB6.jpg"},"nutrition":{"nutritionShow":true,"servingSize":"
Action.c(914):     1 MEDIUM PEPPER","servingsPerContainer":"1","totalCalories":32.0,"totalCaloriesShow":true,
Action.c(914):     "fatCalories":2.25,"fatCaloriesShow":true,"totalFat":0.25,"totalFatShow":true,"totalFatPct
Action.c(914):     ":0.38,"totalFatPctShow":true,"totalFatUnit":"g","saturatedFat":0.04,"saturatedFatShow":tr
Action.c(914):     ue,"saturatedFatPct":0.18,"saturatedFatPctShow":true,"saturatedFatUnit":"g","transFat":0.0
Action.c(914):     ,"transFatUnit":"g","transFatShow":true,"polyunsaturatedFat":0.0,"polyunsaturatedFatUnit":
Action.c(914):     "g","polyunsaturatedFatShow":true,"monounsaturatedFat":0.0,"monounsaturatedFatUnit":"g","m
Action.c(914):     onounsaturatedFatShow":true,"cholesterol":0.0,"cholesterolShow":true,"cholesterolPct":0.0,
Action.c(914):     "cholesterolPctShow":true,"cholesterolUnit":"mg","sodium":2.38,"sodiumShow":true,"sodiumPc
Action.c(914):     t":0.1,"sodiumPctShow":true,"sodiumUnit":"mg","potassium":252.28,"potassiumShow":true,"pot
Action.c(914):     assiumPct":5.37,"potassiumPctShow":true,"potassiumUnit":"mg","totalCarbs":7.52,"totalCarbs
Action.c(914):     Show":true,"totalCarbsPct":2.51,"totalCarbsPctShow":true,"totalCarbsUnit":"g","dietaryFibe
Action.c(914):     r":1.07,"dietaryFiberShow":true,"dietaryFiberPct":4.28,"dietaryFiberPctShow":true,"dietary
Action.c(914):     FiberUnit":"g","sugar":0.0,"sugarUnit":"g","sugarShow":true,"sugarAlcoholUnit":"g","sugarA
Action.c(914):     lcoholShow":false,"otherCarbs":6.45,"otherCarbsUnit":"g","otherCarbsShow":true,"protein":1
Action.c(914):     .19,"proteinUnit":"g","proteinShow":true,"vitaminAPct":4.76,"vitaminAShow":true,"vitaminCP
Action.c(914):     ct":291.15,"vitaminCShow":true,"ironPct":0.01,"ironShow":true,"calciumPct":1.31,"calciumSh
Action.c(914):     ow":true,"ww":1,"wwShow":true},"extendedInfo":{"detail":"Nutrition information gathered fr
Action.c(914):     om the USDA Nutrition Database NDB Number: 11951","ingredients":"Peppers Bell Yellow","cou
Action.c(914):     ntryOfOrigin":"Canada, Mexico, Holland, Spain, Israel, USA, Dominican Republic","pareve":f
Action.c(914):     alse,"kosherImages":[],"active":true},"bmsm":false,"bmsmTiers":[],"guidingStars":3,"option
Action.c(914):     s":[],"suppressSwapAndSave":false,"productCategoryId":1125,"hasPriceAdjustment":false,"has
Action.c(914):     PickStoreLocation":false,"hasCoupon":false},{"prodId":118655,"name":"Bell Peppers Orange",
Action.c(914):     "size":"1 EA","unitPrice":1.99,"unitMeasure":"EA","price":1.99,"regularPrice":1.99,"rootCa
Action.c(914):     tId":866,"rootCatSeq":2,"rootCatName":"Produce","upc":"26312100000","hasSubstitute":true,"
Action.c(914):     substituteId":118617,"rating":0.0,"ratingReviewsSuppressed":false,"marketSpecificReviews":
Action.c(914):     false,"reviewId":"118655-PPDSSNE","brandId":554,"brand":"USDA Produce","subcatId":1121,"su
Action.c(914):     bcatName":"Bell Peppers","flags":{"sample":false,"suppressed":false,"active":true,"outOfSt
Action.c(914):     ock":false,"specialCode":" ","upromise":false,"newArrival":false,"privateLabel":false,"pre
Action.c(914):     ferredItem":false,"bogo":false,"sale":false,"lowPriceEveryday":false,"organic":false,"dair
Action.c(914):     y":false,"egg":false,"gluten":false,"kosher":false,"peanut":false,"nonGMO":false,"vegan":f
Action.c(914):     alse,"vegeterian":false,"lactoseFree":false,"ant
Action.c(914): t=197034ms: 2338-byte DECODED response body for "https://stage.peapod.com/api/v3.0/user/products/118624,118616,118779,118617,118655?extendedInfo=true&flags=true&hkInclude=true&nutrition=true&substitute=true" (RelFrameId=1, Internal ID=90)
Action.c(914):     ibioticFree":false,"wheatFree":false,"hormoneFree":false,"nitrateFree":false,"nitriteFree"
Action.c(914):     :false,"natural":false},"image":{"small":"https://i5.peapod.com/c/8L/8LFUL.jpg","medium":"
Action.c(914):     https://i5.peapod.com/c/UX/UXT1N.jpg","large":"https://i5.peapod.com/c/OS/OS7GA.jpg","xlar
Action.c(914):     ge":"https://i5.peapod.com/c/NJ/NJWX3.jpg"},"nutrition":{"nutritionShow":true,"servingSize
Action.c(914):     ":"1 MEDIUM PEPPER","servingsPerContainer":"1","totalCalories":37.0,"totalCaloriesShow":tr
Action.c(914):     ue,"fatCalories":3.21,"fatCaloriesShow":true,"totalFat":0.36,"totalFatShow":true,"totalFat
Action.c(914):     Pct":0.55,"totalFatPctShow":true,"totalFatUnit":"g","saturatedFat":0.03,"saturatedFatShow"
Action.c(914):     :true,"saturatedFatPct":0.16,"saturatedFatPctShow":true,"saturatedFatUnit":"g","transFat":
Action.c(914):     0.0,"transFatUnit":"g","transFatShow":true,"polyunsaturatedFat":0.08,"polyunsaturatedFatUn
Action.c(914):     it":"g","polyunsaturatedFatShow":true,"monounsaturatedFat":0.0,"monounsaturatedFatUnit":"g
Action.c(914):     ","monounsaturatedFatShow":true,"cholesterol":0.0,"cholesterolShow":true,"cholesterolPct":
Action.c(914):     0.0,"cholesterolPctShow":true,"cholesterolUnit":"mg","sodium":4.76,"sodiumShow":true,"sodi
Action.c(914):     umPct":0.2,"sodiumPctShow":true,"sodiumUnit":"mg","potassium":251.09,"potassiumShow":true,
Action.c(914):     "potassiumPct":5.34,"potassiumPctShow":true,"potassiumUnit":"mg","totalCarbs":7.18,"totalC
Action.c(914):     arbsShow":true,"totalCarbsPct":2.39,"totalCarbsPctShow":true,"totalCarbsUnit":"g","dietary
Action.c(914):     Fiber":2.5,"dietaryFiberShow":true,"dietaryFiberPct":10.0,"dietaryFiberPctShow":true,"diet
Action.c(914):     aryFiberUnit":"g","sugar":5.0,"sugarUnit":"g","sugarShow":true,"sugarAlcoholUnit":"g","sug
Action.c(914):     arAlcoholShow":false,"otherCarbs":0.32,"otherCarbsUnit":"g","otherCarbsShow":true,"protein
Action.c(914):     ":1.18,"proteinUnit":"g","proteinShow":true,"vitaminAPct":74.52,"vitaminAShow":true,"vitam
Action.c(914):     inCPct":202.62,"vitaminCShow":true,"ironPct":0.01,"ironShow":true,"calciumPct":0.83,"calci
Action.c(914):     umShow":true,"ww":1,"wwShow":true},"extendedInfo":{"detail":"Nutrition information gathere
Action.c(914):     d from the USDA Nutrition Database NDB Number: 11821","ingredients":"Peppers Bell Orange",
Action.c(914):     "countryOfOrigin":"Canada, Holland, Spain, Israel, Mexico, Dominican Republic, USA","parev
Action.c(914):     e":false,"kosherImages":[],"active":true},"bmsm":false,"bmsmTiers":[],"guidingStars":3,"op
Action.c(914):     tions":[],"suppressSwapAndSave":false,"productCategoryId":1123,"hasPriceAdjustment":false,
Action.c(914):     "hasPickStoreLocation":false,"hasCoupon":false}]},"sessionId":"IIFRJAZ4OWS4UCWWM4JCF3Q"}
Action.c(914): web_custom_request("118624,118616,118779,118617,118655") was successful, 2420 body bytes, 710 header bytes  	[MsgId: MMSG-26386]
Action.c(923): web_custom_request("manifest-ppod.json_3") started  	[MsgId: MMSG-26355]
Action.c(923): t=207086ms: 717-byte response headers for "https://stage.peapod.com/shop/images/favicon/manifest-ppod.json" (RelFrameId=1, Internal ID=91)
Action.c(923):     HTTP/1.1 200 OK\r\n
Action.c(923):     Date: Sun, 24 Nov 2019 16:42:44 GMT\r\n
Action.c(923):     Content-Type: application/json\r\n
Action.c(923):     Content-Length: 394\r\n
Action.c(923):     Connection: keep-alive\r\n
Action.c(923):     Strict-Transport-Security: max-age=63072000; includeSubdomains;\r\n
Action.c(923):     Last-Modified: Wed, 20 Nov 2019 22:22:25 GMT\r\n
Action.c(923):     Accept-Ranges: bytes\r\n
Action.c(923):     Vary: Accept-Encoding,User-Agent\r\n
Action.c(923):     Content-Encoding: gzip\r\n
Action.c(923):     Cache-Control: no-store\r\n
Action.c(923):     X-XSS-Protection: 1; mode=block\r\n
Action.c(923):     X-Content-Type-Options: nosniff\r\n
Action.c(923):     Strict-Transport-Security: max-age=86400; includeSubDomains\r\n
Action.c(923):     Content-Security-Policy: frame-ancestors 'self' *.giantfood.com\r\n
Action.c(923):     CF-Cache-Status: DYNAMIC\r\n
Action.c(923):     Expect-CT: max-age=604800, report-uri="https://report-uri.cloudflare.com/cdn-cgi/beacon/ex
Action.c(923):     pect-ct"\r\n
Action.c(923):     Server: cloudflare\r\n
Action.c(923):     CF-RAY: 53acd67c7c74ceec-IAD\r\n
Action.c(923):     \r\n
Action.c(923): t=207090ms: 394-byte ENCODED response body received for "https://stage.peapod.com/shop/images/favicon/manifest-ppod.json" (RelFrameId=1, Internal ID=91)
Action.c(923): t=207090ms: 1169-byte DECODED response body for "https://stage.peapod.com/shop/images/favicon/manifest-ppod.json" (RelFrameId=1, Internal ID=91)
Action.c(923):     {\n
Action.c(923):      "name": "Grocery Delivery Service | Online Grocery Ordering | Peapod",\n
Action.c(923):      "short_name": "Peapod",\n
Action.c(923):      "description": "Peapod offers convenient online grocery shopping. We carry fresh, healthy
Action.c(923):      foods, and supermarket staples from your favorite brands all available for delivery.",\n
Action.c(923):      "display": "browser",\n
Action.c(923):      "orientation": "landscape",\n
Action.c(923):      "icons": [\n
Action.c(923):       {\n
Action.c(923):        "src": "/shop/images/favicon/ppod-android-icon-36x36.png",\n
Action.c(923):        "sizes": "36x36",\n
Action.c(923):        "type": "image/png",\n
Action.c(923):        "density": "0.75"\n
Action.c(923):       },\n
Action.c(923):       {\n
Action.c(923):        "src": "/shop/images/favicon/ppod-android-icon-48x48.png",\n
Action.c(923):        "sizes": "48x48",\n
Action.c(923):        "type": "image/png",\n
Action.c(923):        "density": "1.0"\n
Action.c(923):       },\n
Action.c(923):       {\n
Action.c(923):        "src": "/shop/images/favicon/ppod-android-icon-72x72.png",\n
Action.c(923):        "sizes": "72x72",\n
Action.c(923):        "type": "image/png",\n
Action.c(923):        "density": "1.5"\n
Action.c(923):       },\n
Action.c(923):       {\n
Action.c(923):        "src": "/shop/images/favicon/ppod-android-icon-96x96.png",\n
Action.c(923):        "sizes": "96x96",\n
Action.c(923):        "type": "image/png",\n
Action.c(923):        "density": "2.0"\n
Action.c(923):       },\n
Action.c(923):       {\n
Action.c(923):        "src": "/shop/images/favicon/ppod-android-icon-144x144.png",\n
Action.c(923):        "sizes": "144x144",\n
Action.c(923):        "type": "image/png",\n
Action.c(923):        "density": "3.0"\n
Action.c(923):       },\n
Action.c(923):       {\n
Action.c(923):        "src": "/shop/images/favicon/ppod-android-icon-192x192.png",\n
Action.c(923):        "sizes": "192x192",\n
Action.c(923):        "type": "image/png",\n
Action.c(923):        "density": "4.0"\n
Action.c(923):       }\n
Action.c(923):      ]\n
Action.c(923):     }
Action.c(923): web_custom_request("manifest-ppod.json_3") was successful, 394 body bytes, 717 header bytes  	[MsgId: MMSG-26386]
Action.c(932): Notify: Transaction "S01_PRISM_Peapod_SIT_SignIn_Checkout_T03_Login" ended with a "Pass" status (Duration: 182.8180 Wasted Time: 0.0010).
Action.c(936): Notify: Transaction "S01_PRISM_Peapod_SIT_SignIn_Checkout_T04_Browse_Aisles_Seafood" started.
Action.c(938): web_custom_request("browse-sort-type") started  	[MsgId: MMSG-26355]
Action.c(938): t=208578ms: 770-byte response headers for "https://stage.peapod.com/api/v2.0/user/preferences/browse-sort-type" (RelFrameId=1, Internal ID=92)
Action.c(938):     HTTP/1.1 200 OK\r\n
Action.c(938):     Date: Sun, 24 Nov 2019 16:42:45 GMT\r\n
Action.c(938):     Content-Type: application/json;charset=utf-8\r\n
Action.c(938):     Transfer-Encoding: chunked\r\n
Action.c(938):     Connection: keep-alive\r\n
Action.c(938):     Strict-Transport-Security: max-age=63072000; includeSubdomains;\r\n
Action.c(938):     access-control-allow-credentials: true\r\n
Action.c(938):     access-control-allow-origin:\r\n
Action.c(938):     Pragma: no-cache\r\n
Action.c(938):     Cache-Control: no-store\r\n
Action.c(938):     Expires: 0\r\n
Action.c(938):     Vary: Accept-Encoding,User-Agent\r\n
Action.c(938):     Content-Encoding: gzip\r\n
Action.c(938):     X-XSS-Protection: 1; mode=block\r\n
Action.c(938):     X-Content-Type-Options: nosniff\r\n
Action.c(938):     Strict-Transport-Security: max-age=86400; includeSubDomains\r\n
Action.c(938):     Content-Security-Policy: frame-ancestors 'self' *.giantfood.com\r\n
Action.c(938):     CF-Cache-Status: DYNAMIC\r\n
Action.c(938):     Expect-CT: max-age=604800, report-uri="https://report-uri.cloudflare.com/cdn-cgi/beacon/ex
Action.c(938):     pect-ct"\r\n
Action.c(938):     Server: cloudflare\r\n
Action.c(938):     CF-RAY: 53acd682ced1e102-IAD\r\n
Action.c(938):     \r\n
Action.c(938): t=208582ms: 146-byte ENCODED response body received for "https://stage.peapod.com/api/v2.0/user/preferences/browse-sort-type" (RelFrameId=1, Internal ID=92)
Action.c(938): t=208582ms: 137-byte DECODED response body for "https://stage.peapod.com/api/v2.0/user/preferences/browse-sort-type" (RelFrameId=1, Internal ID=92)
Action.c(938):     \n
Action.c(938):     \n
Action.c(938):     \n
Action.c(938):     \n
Action.c(938):             {"response":{"preference":{"name":"browse-sort-type","value":"most popular"}},"ses
Action.c(938):     sionId":"IIFRJAZ4OWS4UCWWM4JCF3Q"}\n
Action.c(938):         \n
Action.c(938):     \n
Action.c(938):     \n
Action.c(938):     \n
Action.c(938): web_custom_request("browse-sort-type") was successful, 146 body bytes, 770 header bytes  	[MsgId: MMSG-26386]
Action.c(947): web_custom_request("shelf-view") started  	[MsgId: MMSG-26355]
Action.c(947): t=209694ms: 770-byte response headers for "https://stage.peapod.com/api/v2.0/user/preferences/shelf-view" (RelFrameId=1, Internal ID=93)
Action.c(947):     HTTP/1.1 200 OK\r\n
Action.c(947):     Date: Sun, 24 Nov 2019 16:42:47 GMT\r\n
Action.c(947):     Content-Type: application/json;charset=utf-8\r\n
Action.c(947):     Transfer-Encoding: chunked\r\n
Action.c(947):     Connection: keep-alive\r\n
Action.c(947):     Strict-Transport-Security: max-age=63072000; includeSubdomains;\r\n
Action.c(947):     access-control-allow-credentials: true\r\n
Action.c(947):     access-control-allow-origin:\r\n
Action.c(947):     Pragma: no-cache\r\n
Action.c(947):     Cache-Control: no-store\r\n
Action.c(947):     Expires: 0\r\n
Action.c(947):     Vary: Accept-Encoding,User-Agent\r\n
Action.c(947):     Content-Encoding: gzip\r\n
Action.c(947):     X-XSS-Protection: 1; mode=block\r\n
Action.c(947):     X-Content-Type-Options: nosniff\r\n
Action.c(947):     Strict-Transport-Security: max-age=86400; includeSubDomains\r\n
Action.c(947):     Content-Security-Policy: frame-ancestors 'self' *.giantfood.com\r\n
Action.c(947):     CF-Cache-Status: DYNAMIC\r\n
Action.c(947):     Expect-CT: max-age=604800, report-uri="https://report-uri.cloudflare.com/cdn-cgi/beacon/ex
Action.c(947):     pect-ct"\r\n
Action.c(947):     Server: cloudflare\r\n
Action.c(947):     CF-RAY: 53acd68cbb2aea24-IAD\r\n
Action.c(947):     \r\n
Action.c(947): t=209698ms: 132-byte ENCODED response body received for "https://stage.peapod.com/api/v2.0/user/preferences/shelf-view" (RelFrameId=1, Internal ID=93)
Action.c(947): t=209698ms: 123-byte DECODED response body for "https://stage.peapod.com/api/v2.0/user/preferences/shelf-view" (RelFrameId=1, Internal ID=93)
Action.c(947):     \n
Action.c(947):     \n
Action.c(947):     \n
Action.c(947):     \n
Action.c(947):             {"response":{"preference":{"name":"shelf-view","value":"grid"}},"sessionId":"IIFRJ
Action.c(947):     AZ4OWS4UCWWM4JCF3Q"}\n
Action.c(947):         \n
Action.c(947):     \n
Action.c(947):     \n
Action.c(947):     \n
Action.c(947): web_custom_request("shelf-view") was successful, 132 body bytes, 770 header bytes  	[MsgId: MMSG-26386]
Action.c(956): web_custom_request("1633") started  	[MsgId: MMSG-26355]
Action.c(956): t=210676ms: 728-byte response headers for "https://stage.peapod.com/api/v2.0/user/categories/1633?pc=true" (RelFrameId=1, Internal ID=94)
Action.c(956):     HTTP/1.1 200 OK\r\n
Action.c(956):     Date: Sun, 24 Nov 2019 16:42:48 GMT\r\n
Action.c(956):     Content-Type: application/json;charset=utf-8\r\n
Action.c(956):     Transfer-Encoding: chunked\r\n
Action.c(956):     Connection: keep-alive\r\n
Action.c(956):     CF-Ray: 53acd692cf3bc1c5-IAD\r\n
Action.c(956):     Content-Encoding: gzip\r\n
Action.c(956):     CF-Cache-Status: DYNAMIC\r\n
Action.c(956):     Cache-Control: no-store\r\n
Action.c(956):     Expires: 0\r\n
Action.c(956):     Strict-Transport-Security: max-age=63072000; includeSubdomains;, max-age=86400; includeSub
Action.c(956):     Domains\r\n
Action.c(956):     Vary: Accept-Encoding,User-Agent\r\n
Action.c(956):     access-control-allow-credentials: true\r\n
Action.c(956):     Content-Security-Policy: frame-ancestors 'self' *.giantfood.com\r\n
Action.c(956):     Expect-CT: max-age=604800, report-uri="https://report-uri.cloudflare.com/cdn-cgi/beacon/ex
Action.c(956):     pect-ct"\r\n
Action.c(956):     Pragma: no-cache\r\n
Action.c(956):     X-Content-Type-Options: nosniff\r\n
Action.c(956):     X-sw-debug: 1\r\n
Action.c(956):     X-XSS-Protection: 1; mode=block\r\n
Action.c(956):     Server: cloudflare\r\n
Action.c(956):     \r\n
Action.c(956): t=210680ms: 376-byte ENCODED response body received for "https://stage.peapod.com/api/v2.0/user/categories/1633?pc=true" (RelFrameId=1, Internal ID=94)
Action.c(956): t=210680ms: 904-byte DECODED response body for "https://stage.peapod.com/api/v2.0/user/categories/1633?pc=true" (RelFrameId=1, Internal ID=94)
Action.c(956):     \n
Action.c(956):     \n
Action.c(956):     \n
Action.c(956):     \n
Action.c(956):             {"response":{"category":{"categoryId":2541,"categoryTreeId":1633,"consumCatId":470
Action.c(956):     ,"categoryName":"Seafood","catImageURL":"https://i5.peapod.com/c/7I/7I0SN.png"},"childCate
Action.c(956):     gories":[{"productCount":2,"categoryId":4842,"categoryTreeId":5839,"consumCatId":475,"cate
Action.c(956):     goryName":"Seafood Meal Kits","hasChildren":false},{"productCount":19,"categoryId":2542,"c
Action.c(956):     ategoryTreeId":1634,"consumCatId":465,"categoryName":"Fish","hasChildren":true},{"productC
Action.c(956):     ount":18,"categoryId":2571,"categoryTreeId":1663,"consumCatId":465,"categoryName":"Shrimp 
Action.c(956):     & Shellfish","hasChildren":true},{"productCount":5,"categoryId":2566,"categoryTreeId":1674
Action.c(956):     ,"consumCatId":465,"categoryName":"Smoked & Cured Fish","hasChildren":false},{"productCoun
Action.c(956):     t":28,"categoryId":2568,"categoryTreeId":3246,"consumCatId":465,"categoryName":"Prepared &
Action.c(956):      Ready to Heat Seafood","hasChildren":true}]},"sessionId":"IIFRJAZ4OWS4UCWWM4JCF3Q"}\n
Action.c(956):         \n
Action.c(956): web_custom_request("1633") was successful, 376 body bytes, 728 header bytes  	[MsgId: MMSG-26386]
Action.c(965): web_custom_request("cms_16") started  	[MsgId: MMSG-26355]
Action.c(965): t=211673ms: 752-byte response headers for "https://stage.peapod.com/api/v2.0/cms?regions=%7B%22browse_aisles_top_category_hero%22:%7B%22limit%22:100,%22ff%22:%7B%22Browse+Aisles+Shelf+Category+Id%22:%5B2541%5D%7D%7D,%22browse_aisles_top_category_content%22:%7B%22ff%22:%7B%22Browse+Aisles+Shelf+Category+Id%22:%5B2541%5D%7D%7D,%22browse_aisles_top_category_body%22:%7B%22ff%22:%7B%22Browse+Aisles+Shelf+Category+Id%22:%5B2541%5D%7D%7D,%22browse_aisles_shelf_header%22:%7B%22ff%22:%7B%22Browse+Aisles+Shelf+Category+Id%22:%5B2541%5D%7D%7D,%22browse_aisles_shelf_tile%22:%7B%22ff%22:%7B%22Browse+Aisles+Shelf+Category+Id%22:%5B2541%5D%7D%7D,%22browse_aisles_shelf_content%22:%7B%22ff%22:%7B%22Browse+Aisles+Shelf+Category+Id%22:%5B2541%5D%7D,%22limit%22:100,%22aux%22:%7B%22global_shelf_content%22:%7B%22limit%22:100%7D%7D%7D%7D" (RelFrameId=1, Internal ID=95)
Action.c(965):     HTTP/1.1 200 OK\r\n
Action.c(965):     Date: Sun, 24 Nov 2019 16:42:49 GMT\r\n
Action.c(965):     Content-Type: application/json;charset=utf-8\r\n
Action.c(965):     Transfer-Encoding: chunked\r\n
Action.c(965):     Connection: keep-alive\r\n
Action.c(965):     Strict-Transport-Security: max-age=63072000; includeSubdomains;\r\n
Action.c(965):     access-control-allow-credentials: true\r\n
Action.c(965):     access-control-allow-origin:\r\n
Action.c(965):     expires: 0\r\n
Action.c(965):     Vary: Accept-Encoding,User-Agent\r\n
Action.c(965):     Content-Encoding: gzip\r\n
Action.c(965):     Cache-Control: no-store\r\n
Action.c(965):     X-XSS-Protection: 1; mode=block\r\n
Action.c(965):     X-Content-Type-Options: nosniff\r\n
Action.c(965):     Strict-Transport-Security: max-age=86400; includeSubDomains\r\n
Action.c(965):     Content-Security-Policy: frame-ancestors 'self' *.giantfood.com\r\n
Action.c(965):     CF-Cache-Status: DYNAMIC\r\n
Action.c(965):     Expect-CT: max-age=604800, report-uri="https://report-uri.cloudflare.com/cdn-cgi/beacon/ex
Action.c(965):     pect-ct"\r\n
Action.c(965):     Server: cloudflare\r\n
Action.c(965):     CF-RAY: 53acd6989a3be0c2-IAD\r\n
Action.c(965):     \r\n
Action.c(965): t=211676ms: 611-byte ENCODED response body received for "https://stage.peapod.com/api/v2.0/cms?regions=%7B%22browse_aisles_top_category_hero%22:%7B%22limit%22:100,%22ff%22:%7B%22Browse+Aisles+Shelf+Category+Id%22:%5B2541%5D%7D%7D,%22browse_aisles_top_category_content%22:%7B%22ff%22:%7B%22Browse+Aisles+Shelf+Category+Id%22:%5B2541%5D%7D%7D,%22browse_aisles_top_category_body%22:%7B%22ff%22:%7B%22Browse+Aisles+Shelf+Category+Id%22:%5B2541%5D%7D%7D,%22browse_aisles_shelf_header%22:%7B%22ff%22:%7B%22Browse+Aisles+Shelf+Category+Id%22:%5B2541%5D%7D%7D,%22browse_aisles_shelf_tile%22:%7B%22ff%22:%7B%22Browse+Aisles+Shelf+Category+Id%22:%5B2541%5D%7D%7D,%22browse_aisles_shelf_content%22:%7B%22ff%22:%7B%22Browse+Aisles+Shelf+Category+Id%22:%5B2541%5D%7D,%22limit%22:100,%22aux%22:%7B%22global_shelf_content%22:%7B%22limit%22:100%7D%7D%7D%7D" (RelFrameId=1, Internal ID=95)
Action.c(965): t=211676ms: 1080-byte DECODED response body for "https://stage.peapod.com/api/v2.0/cms?regions=%7B%22browse_aisles_top_category_hero%22:%7B%22limit%22:100,%22ff%22:%7B%22Browse+Aisles+Shelf+Category+Id%22:%5B2541%5D%7D%7D,%22browse_aisles_top_category_content%22:%7B%22ff%22:%7B%22Browse+Aisles+Shelf+Category+Id%22:%5B2541%5D%7D%7D,%22browse_aisles_top_category_body%22:%7B%22ff%22:%7B%22Browse+Aisles+Shelf+Category+Id%22:%5B2541%5D%7D%7D,%22browse_aisles_shelf_header%22:%7B%22ff%22:%7B%22Browse+Aisles+Shelf+Category+Id%22:%5B2541%5D%7D%7D,%22browse_aisles_shelf_tile%22:%7B%22ff%22:%7B%22Browse+Aisles+Shelf+Category+Id%22:%5B2541%5D%7D%7D,%22browse_aisles_shelf_content%22:%7B%22ff%22:%7B%22Browse+Aisles+Shelf+Category+Id%22:%5B2541%5D%7D,%22limit%22:100,%22aux%22:%7B%22global_shelf_content%22:%7B%22limit%22:100%7D%7D%7D%7D" (RelFrameId=1, Internal ID=95)
Action.c(965):     {"response":{"regionContents":[{"region":"browse_aisles_top_category_hero","contents":[{"m
Action.c(965):     ap":{"Friendly Tracking Description":"BA Seafood - Fresh Catch - November 2019 (Shrimp)","
Action.c(965):     moduleType":"Content: Keyweb Lifestyle","SEO Excluded":"No","Customer Status":{"myArrayLis
Action.c(965):     t":["New Customer","Existing Customer"]},"Approved":"2019-11-04T14:35:18.484-0600","Create
Action.c(965):      Multipanel":{"myArrayList":["Left Panel","Right Panel"]},"Test script field (migration)":
Action.c(965):     "CS-84980","Site_Location":"browse_aisles_top_category_hero","Customer Type":{"myArrayList
Action.c(965):     ":["Consumer","Merchant"]},"scheduledContentData":{"map":{"Content ID: Mobile":"2728079:QU
Action.c(965):     HIP.jpg","Headline Copy: Mobile":"Peapod's Fresh Catch","Headline Copy: Desktop / Tablet /
Action.c(965):      Mini Tablet":"Peapod's Fresh Catch","Approved":"2019-11-04T14:17:00.000-0600","Button Lin
Action.c(965):     k":"/pages/freshCatch","Body Copy: Mobile":"this month's catch: shrimp","Create Multipanel
Action.c(965):     ":{"myArrayList":["Left Panel","Right Panel"]},"Test script field (migration)":"CS-84979",
Action.c(965):     "Button Type":"Internal Link","Text Alignment":"Left","Alt Text: All Images":"A skillet wi
Action.c(965): t=211679ms: 4361-byte ENCODED response body received for "https://stage.peapod.com/api/v2.0/cms?regions=%7B%22browse_aisles_top_category_hero%22:%7B%22limit%22:100,%22ff%22:%7B%22Browse+Aisles+Shelf+Category+Id%22:%5B2541%5D%7D%7D,%22browse_aisles_top_category_content%22:%7B%22ff%22:%7B%22Browse+Aisles+Shelf+Category+Id%22:%5B2541%5D%7D%7D,%22browse_aisles_top_category_body%22:%7B%22ff%22:%7B%22Browse+Aisles+Shelf+Category+Id%22:%5B2541%5D%7D%7D,%22browse_aisles_shelf_header%22:%7B%22ff%22:%7B%22Browse+Aisles+Shelf+Category+Id%22:%5B2541%5D%7D%7D,%22browse_aisles_shelf_tile%22:%7B%22ff%22:%7B%22Browse+Aisles+Shelf+Category+Id%22:%5B2541%5D%7D%7D,%22browse_aisles_shelf_content%22:%7B%22ff%22:%7B%22Browse+Aisles+Shelf+Category+Id%22:%5B2541%5D%7D,%22limit%22:100,%22aux%22:%7B%22global_shelf_content%22:%7B%22limit%22:100%7D%7D%7D%7D" (RelFrameId=1, Internal ID=95)
Action.c(965): t=211679ms: 12288-byte DECODED response body for "https://stage.peapod.com/api/v2.0/cms?regions=%7B%22browse_aisles_top_category_hero%22:%7B%22limit%22:100,%22ff%22:%7B%22Browse+Aisles+Shelf+Category+Id%22:%5B2541%5D%7D%7D,%22browse_aisles_top_category_content%22:%7B%22ff%22:%7B%22Browse+Aisles+Shelf+Category+Id%22:%5B2541%5D%7D%7D,%22browse_aisles_top_category_body%22:%7B%22ff%22:%7B%22Browse+Aisles+Shelf+Category+Id%22:%5B2541%5D%7D%7D,%22browse_aisles_shelf_header%22:%7B%22ff%22:%7B%22Browse+Aisles+Shelf+Category+Id%22:%5B2541%5D%7D%7D,%22browse_aisles_shelf_tile%22:%7B%22ff%22:%7B%22Browse+Aisles+Shelf+Category+Id%22:%5B2541%5D%7D%7D,%22browse_aisles_shelf_content%22:%7B%22ff%22:%7B%22Browse+Aisles+Shelf+Category+Id%22:%5B2541%5D%7D,%22limit%22:100,%22aux%22:%7B%22global_shelf_content%22:%7B%22limit%22:100%7D%7D%7D%7D" (RelFrameId=1, Internal ID=95)
Action.c(965):     th freshly cooked shrimp","Content ID: Desktop":"2728077:QJKX4.jpg","Content ID: Tablet":"
Action.c(965):     2728080:W57C4.jpg","Content ID: Mini Tablet":"2728078:O24RK.jpg","Products Targeted":"No",
Action.c(965):     "parts":{"myArrayList":[]},"Sent to QA":"2019-11-04T14:17:00.000-0600","id":"370843","Colo
Action.c(965):     r Scheme: Lifestyle":"Green","key":"CS-84979","Body Copy: Desktop / Tablet / Mini Tablet":
Action.c(965):     "this month's catch: shrimp","Button Text":"Shop Fresh Catch"}},"Scheduled_Priority":"1","
Action.c(965):     Start Date":"2019-11-01","Content_Active":"Yes","End Date":"2019-11-30","Products Targeted
Action.c(965):     ":"No","Sent to QA":"2019-11-08T19:54:08.024-0600","id":"370844","StoreCodes":{"myArrayLis
Action.c(965):     t":[]},"Browse Aisles Shelf Category Id":"2541","key":"CS-84980","Browse Aisles Shelf Cate
Action.c(965):     gory":"Seafood"}}]},{"region":"browse_aisles_top_category_content","contents":[{"map":{"Fr
Action.c(965):     iendly Tracking Description":"BA Seafood Buying Guide - Main - Q","moduleType":"Content: C
Action.c(965):     ontainer","Customer Status":{"myArrayList":["New Customer","Existing Customer"]},"Approved
Action.c(965):     ":"2019-04-01T12:37:39.405-0500","Test Scripted Field":"<h2>new value</h2>","Test script f
Action.c(965):     ield (migration)":"CS-63873","Site_Location":"browse_aisles_top_category_content","Custome
Action.c(965):     r Type":{"myArrayList":["Consumer","Merchant"]},"scheduledContentData":{"map":{"Friendly T
Action.c(965):     racking Description":"Seafood Buying Guide","Versions":"1","parts":{"myArrayList":[{"map":
Action.c(965):     {"Friendly Tracking Description":"Seafood Buying Guide - Seafood Guide","Versions":"1","mo
Action.c(965):     duleType":"Content Module: Simple Content Tile","Content ID":"2174516:J7DMP.jpg","Button L
Action.c(965):     ink":"/pages/seafoodBuyingGuideCookingMethodsTips","Tile Copy":"Seafood Guide","Test Scrip
Action.c(965):     ted Field":"<h2>new value</h2>","id":"341564","Test script field (migration)":"CS-63863","
Action.c(965):     Button Type Tiles":"Internal Link","Alt Text":"assorted seafood","key":"CS-63863"}},{"map"
Action.c(965):     :{"Friendly Tracking Description":"Seafood Buying Guide - Fillets & Steaks","Versions":"1"
Action.c(965):     ,"moduleType":"Content Module: Simple Content Tile","Content ID":"2174515:WSD4U.jpg","Butt
Action.c(965):     on Link":"/pages/seafoodBuyingGuideFilletsSteaks","Tile Copy":"Fillets & Steaks","Test Scr
Action.c(965):     ipted Field":"<h2>new value</h2>","id":"341565","Test script field (migration)":"CS-63864"
Action.c(965):     ,"Button Type Tiles":"Internal Link","Alt Text":"salmon steaks","key":"CS-63864"}},{"map":
Action.c(965):     {"Friendly Tracking Description":"Seafood Buying Guide - Shrimp & Shellfish","Versions":"1
Action.c(965):     ","moduleType":"Content Module: Simple Content Tile","Content ID":"2174518:4TOLJ.jpg","But
Action.c(965):     ton Link":"/pages/seafoodBuyingGuideShrimpShellfish","Tile Copy":"Shrimp & Shellfish","Tes
Action.c(965):     t Scripted Field":"<h2>new value</h2>","id":"341566","Test script field (migration)":"CS-6
Action.c(965):     3865","Button Type Tiles":"Internal Link","Alt Text":"assorted shellfish","key":"CS-63865"
Action.c(965):     }},{"map":{"Friendly Tracking Description":"Seafood Buying Guide - Sauces & Seasonings","V
Action.c(965):     ersions":"1","moduleType":"Content Module: Simple Content Tile","Content ID":"2174517:SDC4
Action.c(965):     J.jpg","Button Link":"/pages/seafoodSauces","Tile Copy":"Sauces & Seasonings","Test Script
Action.c(965):     ed Field":"<h2>new value</h2>","id":"341568","Test script field (migration)":"CS-63867","B
Action.c(965):     utton Type Tiles":"Internal Link","Alt Text":"shrimp cocktail with sauce","key":"CS-63867"
Action.c(965):     }},{"map":{"Friendly Tracking Description":"Seafood Buying Guide - Recipes","Versions":"1"
Action.c(965):     ,"moduleType":"Content Module: Simple Content Tile","Content ID":"2042614:NOQQI.jpg","Butt
Action.c(965):     on Link":"/pages/seafoodRecipes","Tile Copy":"Seafood Recipes","Test Scripted Field":"<h2>
Action.c(965):     new value</h2>","id":"341569","Test script field (migration)":"CS-63868","Button Type Tile
Action.c(965):     s":"Internal Link","Alt Text":"lobster with green salad and tomatoes","key":"CS-63868"}},{
Action.c(965):     "map":{"Friendly Tracking Description":"Simple Tile - Seafood Buying Guide - All Seafood",
Action.c(965):     "Versions":"1","moduleType":"Content Module: Simple Content Tile","Content ID":"2174513:RG
Action.c(965):     3IK.jpg","Button Link":"/product-search/prdall?filter=categories:2541&sort=itemsPurchased 
Action.c(965):     desc, name asc&label=All Seafood","Tile Copy":"Shop All Seafood","Test Scripted Field":"<h
Action.c(965):     2>new value</h2>","id":"341567","Test script field (migration)":"CS-63866","Button Type Ti
Action.c(965):     les":"Internal Link","Alt Text":"assorted seafood","key":"CS-63866"}},{"map":{"Product Sea
Action.c(965):     rch Filter":"specials","Product Set Label":"Great Savings on Popular Seafood","Friendly Tr
Action.c(965):     acking Description":"Seafood Buying Guide - Weekly Specials","moduleType":"Content Module:
Action.c(965):      Product Set","Peapod Category Tree Id":"1633","Product Set Rows":1,"Test Scripted Field":
Action.c(965):     "<h2>new value</h2>","Peapod Category Id":"2541","Test script field (migration)":"CS-63869
Action.c(965):     ","Peapod Category":"Seafood|1633","Versions":"1","id":"341570","Product Set Button Url":"
Action.c(965):     /specials/all-specials/category/1633","key":"CS-63869"}},{"map":{"Product Set Label":"Reco
Action.c(965):     mmended For You","Friendly Tracking Description":"Seafood Buying Guide - Recommendations",
Action.c(965):     "moduleType":"Content Module: Recommendation","Peapod Category Tree Id":"1633","Product Se
Action.c(965):     t Rows":1,"Recommendation Element":"subcategory1_rr","Test Scripted Field":"<h2>new value<
Action.c(965):     /h2>","Peapod Category Id":"2541","Test script field (migration)":"CS-63870","Peapod Categ
Action.c(965):     ory":"Seafood|1633","Versions":"1","id":"341571","key":"CS-63870"}},{"map":{"Friendly Trac
Action.c(965):     king Description":"Quotient Ad","Targeted to User Event ID":"No","moduleType":"Content Mod
Action.c(965):     ule: Quotient Ad","Contain Offer":"No","Test Scripted Field":"<h2>new value</h2>","Create 
Action.c(965):     Multipanel":{"myArrayList":["Left Panel","Right Panel"]},"Existing Offer":"No","Test scrip
Action.c(965):     t field (migration)":"CS-63872","Piece will be Mailed?":"No","Versions":"1","Specials Page
Action.c(965):      Liner Placement":"No","id":"341573","Logo Requested":"No","key":"CS-63872"}}]},"Approved"
Action.c(965):     :"2017-12-14T11:59:39.973-0600","Sent to QA":"2017-10-10T12:46:13.086-0500","Test Scripted
Action.c(965):      Field":"<h2>new value</h2>","id":"341563","Test script field (migration)":"CS-63862","key
Action.c(965):     ":"CS-63862"}},"Scheduled_Priority":"1","Versions":"1","Start Date":"2019-04-01","Content_
Action.c(965):     Active":"Yes","End Date":"2029-12-31","Sent to QA":"2019-04-01T12:33:33.035-0500","id":"34
Action.c(965):     1574","StoreCodes":{"myArrayList":[]},"Browse Aisles Shelf Category Id":"2541","key":"CS-6
Action.c(965):     3873","Browse Aisles Shelf Category":"Seafood"}}]},{"region":"browse_aisles_shelf_header",
Action.c(965):     "contents":[]},{"region":"browse_aisles_top_category_body","contents":[{"map":{"Friendly T
Action.c(965):     racking Description":"BA Seafood - November 2019 (Shrimp)","moduleType":"Content: Tile","S
Action.c(965):     EO Excluded":"No","Customer Status":{"myArrayList":["New Customer","Existing Customer"]},"
Action.c(965):     Approved":"2019-10-31T17:20:32.329-0500","Create Multipanel":{"myArrayList":["Left Panel",
Action.c(965):     "Right Panel"]},"Test script field (migration)":"CS-84982","Site_Location":"browse_aisles_
Action.c(965):     top_category_body","Customer Type":{"myArrayList":["Consumer","Merchant"]},"scheduledConte
Action.c(965):     ntData":{"map":{"Body Copy":"this month's catch: shrimp","Approved":"2019-10-31T15:59:00.0
Action.c(965):     00-0500","Button Link":"/pages/freshCatch","Create Multipanel":{"myArrayList":["Left Panel
Action.c(965):     ","Right Panel"]},"Test script field (migration)":"CS-84981","Headline Copy":"Peapod's Fre
Action.c(965):     sh Catch!","Alt Text":"A skillet with freshly cooked shrimp","Color Scheme: Product":"Ligh
Action.c(965):     t Gray","Content ID":"2728102:KKP1M.jpg","Products Targeted":"No","parts":{"myArrayList":[
Action.c(965):     ]},"Sent to QA":"2019-10-31T15:26:00.000-0500","id":"370845","Button Type Tiles":"Internal
Action.c(965):      Link","key":"CS-84981"}},"Scheduled_Priority":"1","Start Date":"2019-11-01","Content_Acti
Action.c(965):     ve":"Yes","End Date":"2019-11-30","Products Targeted":"No","Sent to QA":"2019-11-01T11:11:
Action.c(965):     26.844-0500","id":"370846","StoreCodes":{"myArrayList":[]},"Browse Aisles Shelf Category I
Action.c(965):     d":"2541","key":"CS-84982","Browse Aisles Shelf Category":"Seafood"}},{"map":{"Friendly Tr
Action.c(965):     acking Description":"Weekly Specials Tile - Seafood","moduleType":"Content: Text Tile","Cu
Action.c(965):     stomer Status":{"myArrayList":["New Customer","Existing Customer"]},"Approved":"2019-06-17
Action.c(965):     T18:15:50.018-0500","Test Scripted Field":"<h2>new value</h2>","Rejected":"2019-06-17T18:1
Action.c(965):     2:00.000-0500","Test script field (migration)":"CS-70809","Site_Location":"browse_aisles_t
Action.c(965):     op_category_body","Customer Type":{"myArrayList":["Consumer"]},"scheduledContentData":{"ma
Action.c(965):     p":{"Text Tile Supporting Copy":"in Seafood","Text Tile Link":"/specials/all-specials/cate
Action.c(965):     gory/1633","Text Tile Type":"Weekly Specials","parts":{"myArrayList":[]},"Test Scripted Fi
Action.c(965):     eld":"<h2>new value</h2>","id":"247952","Text Tile Color Scheme":"Tomato","Test script fie
Action.c(965):     ld (migration)":"CS-15756","key":"CS-15756"}},"Scheduled_Priority":"1","Start Date":"2019-
Action.c(965):     06-17","Content_Active":"Yes","End Date":"2029-12-31","Sent to QA":"2019-06-17T18:16:42.51
Action.c(965):     3-0500","id":"351576","StoreCodes":{"myArrayList":[]},"Browse Aisles Shelf Category Id":"2
Action.c(965):     541","key":"CS-70809","Browse Aisles Shelf Category":"Seafood"}},{"map":{"Friendly Trackin
Action.c(965):     g Description":"BA-Tile_Seafood_Dinner Kits","moduleType":"Content: Tile","Customer Status
Action.c(965):     ":{"myArrayList":["New Customer","Existing Customer"]},"Approved":"2018-06-14T09:17:09.869
Action.c(965):     -0500","Test script field (migration)":"CS-41179","Site_Location":"browse_aisles_top_categ
Action.c(965):     ory_body","Customer Type":{"myArrayList":["Consumer","Merchant"]},"scheduledContentData":{
Action.c(965):     "map":{"Body Copy":"Easy Meal Kits!","Color Scheme: Product":"Light Gray","Content ID":"19
Action.c(965):     62336:PEYTO.jpg","parts":{"myArrayList":[]},"Button Link":"/pages/mealkits","id":"311174",
Action.c(965):     "Test script field (migration)":"CS-41182","Headline Copy":"What's for dinner? ","Button T
Action.c(965):     ype Tiles":"Internal Link","Alt Text":"Image of prepared Barilla meal kit, pasta with shri
Action.c(965):     mp","key":"CS-41182"}},"Scheduled_Priority":"1","Start Date":"2018-06-14","Content_Active"
Action.c(965):     :"Yes","End Date":"2029-12-31","Sent to QA":"2019-10-23T15:31:22.756-0500","id":"311171","
Action.c(965):     StoreCodes":{"myArrayList":[]},"Browse Aisles Shelf Category Id":"2541","key":"CS-41179","
Action.c(965):     Browse Aisles Shelf Category":"Seafood"}},{"map":{"Friendly Tracking Description":"Tile - 
Action.c(965):     Nature's Promise Seafood","moduleType":"Content: Tile","Customer Status":{"myArrayList":["
Action.c(965):     New Customer","Existing Customer"]},"Approved":"2017-12-14T11:54:00.000-0600","Test Script
Action.c(965):     ed Field":"<h2>new value</h2>","Rank":"2|i0celb:","Rank (Obsolete)":"9223372036854775807",
Action.c(965):     "Test script field (migration)":"CS-29059","Site_Location":"browse_aisles_top_category_bod
Action.c(965):     y","scheduledContentData":{"map":{"Body Copy":"natural & organic choices","Button Link":"/
Action.c(965):     pages/seafoodNaturesPromise","Test Scripted Field":"<h2>new value</h2>","Rank":"2|i0cel3:"
Action.c(965):     ,"Rank (Obsolete)":"9223372036854775807","Test script field (migration)":"CS-29058","Headl
Action.c(965):     ine Copy":"Nature's Promise Seafood","Alt Text":"Platter of jumbo shrimp","Color Scheme: P
Action.c(965):     roduct":"Light Gray","Content ID":"1683489:MZ8BP.jpg","parts":{"myArrayList":[]},"Testing 
Action.c(965):     status":"Not started","id":"291004","Button Type Tiles":"Internal Link","key":"CS-29058"}}
Action.c(965):     ,"Scheduled_Priority":"1","Customer Type":{"myArrayList":["Consumer","Merchant"]},"Content
Action.c(965):     _Active":"Yes","Start Date":"2017-12-15","End Date":"2029-12-31","Sent to QA":"2017-12-14T
Action.c(965):     11:56:49.746-0600","Testing status":"Not started","id":"291005","StoreCodes":{"myArrayList
Action.c(965):     ":[]},"Browse Aisles Shelf Category Id":"2541","key":"CS-29059","Browse Aisles Shelf Categ
Action.c(965):     ory":"Seafood"}}]},{"region":"browse_aisles_shelf_tile","contents":[]},{"region":"browse_a
Action.c(965):     isles_shelf_content","contents":[{"map":{"Friendly Tracking Description":"New Arrivals - (
Action.c(965):     Consumer) No CNC","moduleType":"Content: Text Tile","SEO Excluded":"No","Customer Status":
Action.c(965):     {"myArrayList":["New Customer","Existing Customer"]},"Approved":"2019-06-18T11:15:00.000-0
Action.c(965):     500","Test Scripted Field":"<h2>new value</h2>","Test script field (migration)":"CS-75491"
Action.c(965):     ,"Site_Location":"global_shelf_content","Qualification_Code":"CONTENT_CLKCLLT_OUT","Custom
Action.c(965):     er Type":{"myArrayList":["Consumer"]},"scheduledContentData":{"map":{"Text Tile Supporting
Action.c(965):      Copy":"hundreds of new items added","Text Tile Link":"/pages/newArrivals","Text Tile Type
Action.c(965):     ":"New Arrivals","parts":{"myArrayList":[]},"Test Scripted Field":"<h2>new value</h2>","id
Action.c(965):     ":"301707","Text Tile Color Scheme":"Blueberry","Test script field (migration)":"CS-34636"
Action.c(965):     ,"key":"CS-34636"}},"Scheduled_Priority":"5","Start Date":"2019-08-06","Content_Active":"Y
Action.c(965):     es","End Date":"2029-12-31","Sent to QA":"2019-08-05T19:47:48.049-0500","id":"357771","Sto
Action.c(965):     reCodes":{"myArrayList":[]},"key":"CS-75491"}},{"map":{"Friendly Tracking Description":"BM
Action.c(965):     SM Global Tile CMS","moduleType":"Content: Tile","SEO Excluded":"No","Customer Status":{"m
Action.c(965):     yArrayList":["New Customer","Existing Customer"]
Action.c(965): t=211700ms: 12288-byte DECODED response body for "https://stage.peapod.com/api/v2.0/cms?regions=%7B%22browse_aisles_top_category_hero%22:%7B%22limit%22:100,%22ff%22:%7B%22Browse+Aisles+Shelf+Category+Id%22:%5B2541%5D%7D%7D,%22browse_aisles_top_category_content%22:%7B%22ff%22:%7B%22Browse+Aisles+Shelf+Category+Id%22:%5B2541%5D%7D%7D,%22browse_aisles_top_category_body%22:%7B%22ff%22:%7B%22Browse+Aisles+Shelf+Category+Id%22:%5B2541%5D%7D%7D,%22browse_aisles_shelf_header%22:%7B%22ff%22:%7B%22Browse+Aisles+Shelf+Category+Id%22:%5B2541%5D%7D%7D,%22browse_aisles_shelf_tile%22:%7B%22ff%22:%7B%22Browse+Aisles+Shelf+Category+Id%22:%5B2541%5D%7D%7D,%22browse_aisles_shelf_content%22:%7B%22ff%22:%7B%22Browse+Aisles+Shelf+Category+Id%22:%5B2541%5D%7D,%22limit%22:100,%22aux%22:%7B%22global_shelf_content%22:%7B%22limit%22:100%7D%7D%7D%7D" (RelFrameId=1, Internal ID=95)
Action.c(965):     },"Approved":"2019-10-22T20:51:48.783-0500","Test script field (migration)":"CS-87928","Si
Action.c(965):     te_Location":"global_shelf_content","Customer Type":{"myArrayList":["Consumer"]},"schedule
Action.c(965):     dContentData":{"map":{"Color Scheme: Product":"Light Gray","Content ID":"2183674:PMXLT.jpg
Action.c(965):     ","parts":{"myArrayList":[]},"Button Link":"/pages/allBuyMoreSaveMore","id":"294707","Test
Action.c(965):      script field (migration)":"CS-31069","Headline Copy":"View Deals","Button Type Tiles":"In
Action.c(965):     ternal Link","Alt Text":"Buy More Save More","key":"CS-31069"}},"Scheduled_Priority":"1","
Action.c(965):     Start Date":"2019-10-22","Content_Active":"Yes","End Date":"2029-12-31","Sent to QA":"2019
Action.c(965):     -10-22T20:52:20.743-0500","id":"374585","StoreCodes":{"myArrayList":[]},"key":"CS-87928"}}
Action.c(965):     ,{"map":{"Friendly Tracking Description":"Quotient - Ad Module","moduleType":"Content: Quo
Action.c(965):     tient Ad","Customer Status":{"myArrayList":["New Customer","Existing Customer"]},"Business
Action.c(965):      Days":"705 business days","Test Scripted Field":"<h2>new value</h2>","Test script field (
Action.c(965):     migration)":"CS-63526","Site_Location":"global_shelf_content","Customer Type":{"myArrayLis
Action.c(965):     t":["Consumer","Merchant"]},"scheduledContentData":{"map":{"Targeted to User Event ID":"No
Action.c(965):     ","Contain Offer":"No","Test Scripted Field":"<h2>new value</h2>","Create Multipanel":{"my
Action.c(965):     ArrayList":["Left Panel","Right Panel"]},"Existing Offer":"No","Test script field (migrati
Action.c(965):     on)":"CS-64380","Piece will be Mailed?":"No","Versions":"1","Specials Page Liner Placement
Action.c(965):     ":"No","parts":{"myArrayList":[]},"id":"342126","Logo Requested":"No","key":"CS-64380"}},"
Action.c(965):     Scheduled_Priority":"2","Start Date":"2019-04-01","Content_Active":"Yes","End Date":"2029-
Action.c(965):     12-31","Sent to QA":"2019-04-01T14:06:29.276-0500","id":"341062","StoreCodes":{"myArrayLis
Action.c(965):     t":[]},"key":"CS-63526"}},{"map":{"Friendly Tracking Description":"Global KWM - Merch Week
Action.c(965):      32 - Household Multiple EC Event + Landing Page","moduleType":"Content: Keyweb Lifestyle"
Action.c(965):     ,"SEO Excluded":"No","Customer Status":{"myArrayList":["New Customer","Existing Customer"]
Action.c(965):     },"Test Scripted Field":"<h2>new value</h2>","Create Multipanel":{"myArrayList":["Left Pan
Action.c(965):     el","Right Panel"]},"Test script field (migration)":"CS-74421","Site_Location":"global_she
Action.c(965):     lf_content","Content Container URL Key":"household-eci","Customer Type":{"myArrayList":["C
Action.c(965):     onsumer"]},"scheduledContentData":{"map":{"Content ID: Mobile":"2627774:6M499.jpg","Headli
Action.c(965):     ne Copy: Mobile":"Extra Savings on Meal Kit Prep & Cleanup!","Headline Copy: Desktop / Tab
Action.c(965):     let / Mini Tablet":"Extra Savings on Meal Kit Prep & Cleanup!","Button Link":"/pages/house
Action.c(965):     hold-eci","Test Scripted Field":"<h2>new value</h2>","Body Copy: Mobile":"Instant Coupons 
Action.c(965):     Available!","Create Multipanel":{"myArrayList":["Left Panel","Right Panel"]},"Test script 
Action.c(965):     field (migration)":"CS-74401","Button Type":"Internal Link","Text Alignment":"Center","Alt
Action.c(965):      Text: All Images":"Meal Kits, Make Dinner a Breeze, Prepped-Foods, Meals, Clean-Up, Brawn
Action.c(965):     y, Dixie, Mrs. Meyer's, Soap, Napkins, Paper Plates, Meal Kit Prep","Content ID: Desktop":
Action.c(965):     "2627777:URQFM.jpg","Content ID: Tablet":"2627775:T1YBV.jpg","Content ID: Mini Tablet":"26
Action.c(965):     27773:1REXA.jpg","parts":{"myArrayList":[]},"id":"356253","Color Scheme: Lifestyle":"Green
Action.c(965):     ","key":"CS-74401","Body Copy: Desktop / Tablet / Mini Tablet":"Instant coupons on Paper P
Action.c(965):     lates, Napkins, Paper Towels + More!","Button Text":"Save Now"}},"Scheduled_Priority":"1",
Action.c(965):     "Start Date":"2019-08-01","Content_Active":"Yes","End Date":"2020-01-01","Sent to QA":"201
Action.c(965):     9-07-29T09:54:05.848-0500","Page Title":"Instant Savings!","id":"356274","StoreCodes":{"my
Action.c(965):     ArrayList":[]},"key":"CS-74421"}},{"map":{"Friendly Tracking Description":"Guiding Stars",
Action.c(965):     "moduleType":"Content: Tile","SEO Excluded":"No","Customer Status":{"myArrayList":["New Cu
Action.c(965):     stomer","Existing Customer"]},"Approved":"2019-06-17T18:22:00.000-0500","Test Scripted Fie
Action.c(965):     ld":"<h2>new value</h2>","Test script field (migration)":"CS-70811","Site_Location":"globa
Action.c(965):     l_shelf_content","Customer Type":{"myArrayList":["Consumer"]},"scheduledContentData":{"map
Action.c(965):     ":{"Body Copy":"Nutritious choices made simple","Approved":"2018-04-04T13:33:13.268-0500",
Action.c(965):     "Button Link":"/pages/guidingStars","Test Scripted Field":"<h2>new value</h2>","Rejected":
Action.c(965):     "2018-04-02T17:21:00.000-0500","Test script field (migration)":"CS-33771","Headline Copy":
Action.c(965):     "Guiding Stars","Color Scheme: Product":"Light Gray","Content ID":"2199719:589IT.jpg","par
Action.c(965):     ts":{"myArrayList":[]},"Sent to QA":"2018-04-04T13:08:52.164-0500","id":"300166","Button T
Action.c(965):     ype Tiles":"Internal Link","key":"CS-33771"}},"Scheduled_Priority":"1","Start Date":"2019-
Action.c(965):     06-17","Content_Active":"Yes","End Date":"2029-12-31","Sent to QA":"2019-06-17T18:23:17.57
Action.c(965):     3-0500","id":"351578","StoreCodes":{"myArrayList":[]},"key":"CS-70811"}},{"map":{"Friendly
Action.c(965):      Tracking Description":"Global Tile - Holiday Cocktails","Targeted to User Event ID":"No",
Action.c(965):     "moduleType":"Content: Tile","SEO Excluded":"No","Customer Status":{"myArrayList":["New Cu
Action.c(965):     stomer","Existing Customer"]},"Approved":"2017-12-05T15:03:00.000-0600","Test Scripted Fie
Action.c(965):     ld":"<h2>new value</h2>","Test script field (migration)":"CS-62677","Site_Location":"globa
Action.c(965):     l_shelf_content","Customer Type":{"myArrayList":["Consumer"]},"scheduledContentData":{"map
Action.c(965):     ":{"Body Copy":"Organic and Grass Fed!","Color Scheme: Product":"Light Gray","Content ID":
Action.c(965):     "1676645:XBXPI.jpg","parts":{"myArrayList":[]},"Button Link":"/pages/npOrganicBeef","Test 
Action.c(965):     Scripted Field":"<h2>new value</h2>","id":"339669","Test script field (migration)":"CS-626
Action.c(965):     74","Headline Copy":"Nature's Promise Beef","Button Type Tiles":"Internal Link","Alt Text"
Action.c(965):     :"Juicy steaks ready to cook","key":"CS-62674"}},"Scheduled_Priority":"1","Versions":"1","
Action.c(965):     Start Date":"2019-03-07","Content_Active":"Yes","End Date":"2019-12-31","Sent to QA":"2019
Action.c(965):     -03-07T10:23:50.430-0600","id":"339675","StoreCodes":{"myArrayList":[]},"key":"CS-62677"}}
Action.c(965):     ,{"map":{"summary":"GlobalTile - Cocktail Central","Friendly Tracking Description":"Cockta
Action.c(965):     il Global Tile","moduleType":"Content: Tile","Customer Status":{"myArrayList":["New Custom
Action.c(965):     er","Existing Customer"]},"Approved":"2017-09-18T10:03:10.000-0500","Test Scripted Field":
Action.c(965):     "<h2>new value</h2>","Rank":"2|i09ksj:","Rank (Obsolete)":"9223372036854775807","Site_Loca
Action.c(965):     tion":"global_shelf_content","scheduledContentData":{"map":{"summary":"Cocktail Global Til
Action.c(965):     e","Body Copy":"the best drink recipes","Button Link":"pages/cocktailCentral","Test Script
Action.c(965):     ed Field":"<h2>new value</h2>","Rank":"2|i09kwz:","Rank (Obsolete)":"9223372036854775807",
Action.c(965):     "Headline Copy":"Cocktail Central","Alt Text":"Image of a variety of cocktails","Color Sch
Action.c(965):     eme: Product":"Light Gray","Versions":"1","Content ID":"2121413:SQD6Z.jpg","parts":{"myArr
Action.c(965):     ayList":[]},"Testing status":"Not started","id":"272884","Button Type Tiles":"Internal Lin
Action.c(965):     k","key":"CS-21699"}},"Scheduled_Priority":"1","Customer Type":{"myArrayList":["Consumer",
Action.c(965):     "Merchant"]},"Versions":"1","Content_Active":"Yes","Start Date":"2017-09-18","End Date":"2
Action.c(965):     029-12-29","Sent to QA":"2017-09-18T10:03:06.000-0500","Testing status":"Not started","id"
Action.c(965):     :"272861","StoreCodes":{"myArrayList":[]},"key":"CS-21694"}},{"map":{"Friendly Tracking De
Action.c(965):     scription":"Global Tile - RAF Holiday Promo 2019","moduleType":"Content: Tile","SEO Exclud
Action.c(965):     ed":"No","Customer Status":{"myArrayList":["New Customer","Existing Customer"]},"Approved"
Action.c(965):     :"2019-11-01T13:39:03.824-0500","Rejected":"2019-10-31T10:14:52.325-0500","Opcos":{"myArra
Action.c(965):     yList":["PPOD","STSH"]},"Create Multipanel":{"myArrayList":["Left Panel","Right Panel"]},"
Action.c(965):     Test script field (migration)":"CS-88904","Site_Location":"global_shelf_content","Customer
Action.c(965):      Type":{"myArrayList":["Consumer"]},"scheduledContentData":{"map":{"Body Copy":"when you r
Action.c(965):     efer friends","Approved":"2019-10-31T09:17:00.000-0500","Button Link":"http://peapod.extol
Action.c(965):     e.com/micro/microsite?e={{ content.info.email }}&f={{ content.name.firstName }}&l={{ conte
Action.c(965):     nt.name.lastName }}","Create Multipanel":{"myArrayList":["Left Panel","Right Panel"]},"Tes
Action.c(965):     t script field (migration)":"CS-88901","Headline Copy":"Give $30 off + Get $30","Alt Text"
Action.c(965):     :"turkey dinner on a tabletop","Color Scheme: Product":"Light Gray","Content ID":"2728003:
Action.c(965):     OFK2B.jpg","Products Targeted":"No","parts":{"myArrayList":[]},"Sent to QA":"2019-10-31T09
Action.c(965):     :16:00.000-0500","id":"376034","Button Type Tiles":"External Link","key":"CS-88901"}},"Sch
Action.c(965):     eduled_Priority":"3","Start Date":"2019-11-01","Content_Active":"Yes","End Date":"2019-12-
Action.c(965):     31","Sent to QA":"2019-11-01T13:43:58.349-0500","id":"376037","StoreCodes":{"myArrayList":
Action.c(965):     []},"key":"CS-88904"}},{"map":{"Friendly Tracking Description":"Tile - Merch Week 32 - Hou
Action.c(965):     sehold Multiple EC Event + Landing Page\\t","moduleType":"Content: Tile","SEO Excluded":"N
Action.c(965):     o","Customer Status":{"myArrayList":["New Customer","Existing Customer"]},"Test Scripted F
Action.c(965):     ield":"<h2>new value</h2>","Create Multipanel":{"myArrayList":["Left Panel","Right Panel"]
Action.c(965):     },"Test script field (migration)":"CS-74388","Site_Location":"global_shelf_content","Conte
Action.c(965):     nt Container URL Key":"household-eci","Customer Type":{"myArrayList":["Consumer"]},"schedu
Action.c(965):     ledContentData":{"map":{"Body Copy":"Meal Prep & Cleanup","Button Link":"/pages/household-
Action.c(965):     eci","Test Scripted Field":"<h2>new value</h2>","Create Multipanel":{"myArrayList":["Left 
Action.c(965):     Panel","Right Panel"]},"Test script field (migration)":"CS-74386","Headline Copy":"Instant
Action.c(965):      Savings!","Alt Text":"Meal Kits, Make Dinner a Breeze, Prepped-Foods, Meals, Clean-Up, Br
Action.c(965):     awny, Dixie, Mrs. Meyer's, Soap, Napkins, Paper Plates, Meal Kit Prep","Color Scheme: Prod
Action.c(965):     uct":"Light Gray","Content ID":"2627776:45BGE.jpg","parts":{"myArrayList":[]},"Sent to QA"
Action.c(965):     :"2019-07-29T09:53:11.049-0500","id":"356238","Button Type Tiles":"Internal Link","key":"C
Action.c(965):     S-74386"}},"Scheduled_Priority":"1","Start Date":"2019-08-01","Content_Active":"Yes","End 
Action.c(965):     Date":"2020-01-01","Sent to QA":"2019-07-29T09:53:35.549-0500","Page Title":"Instant Savin
Action.c(965):     gs!","id":"356240","StoreCodes":{"myArrayList":[]},"key":"CS-74388"}},{"map":{"Friendly Tr
Action.c(965):     acking Description":"Global Tile - Cooking Made Easy January 2019","SEO Excluded":"No","cu
Action.c(965):     stomfield_14250":"No","Rejected":"2019-02-05T14:33:36.647-0600","Create Multipanel":{"myAr
Action.c(965):     rayList":["Left Panel","Right Panel"]},"Scheduled_Priority":"1","Start Date":"2019-02-07",
Action.c(965):     "id":"334972","StoreCodes":{"myArrayList":[]},"key":"CS-59323","Targeted to User Event ID"
Action.c(965):     :"No","moduleType":"Content: Tile","Customer Status":{"myArrayList":["New Customer","Exist
Action.c(965):     ing Customer"]},"Contain Offer":"No","Test Scripted Field":"<h2>new value</h2>","Test scri
Action.c(965):     pt field (migration)":"CS-59323","Site_Location":"global_shelf_content","Existing Offer":"
Action.c(965):     Yes","Customer Type":{"myArrayList":["Consumer","Merchant"]},"scheduledContentData":{"map"
Action.c(965):     :{"Targeted to User Event ID":"No","Contain Offer":"No","Approved":"2018-10-01T17:19:00.00
Action.c(965):     0-0500","Button Link":"/pages/cookingMadeEasy","Test Scripted Field":"<h2>new value</h2>",
Action.c(965):     "Create Multipanel":{"myArrayList":["Left Panel","Right Panel"]},"Existing Offer":"Yes","T
Action.c(965):     est script field (migration)":"CS-59322","Headline Copy":"Cooking Made Easy","Alt Text":"I
Action.c(965):     mage of prepared ingredients","Piece will be Mailed?":"No","Color Scheme: Product":"Light 
Action.c(965):     Gray","Versions":"1","Content ID":"2497930:4NYRM.jpg","parts":{"myArrayList":[]},"Sent to 
Action.c(965):     QA":"2019-01-23T11:59:00.000-0600","id":"334971","Logo Requested":"No","Button Type Tiles"
Action.c(965):     :"Internal Link","key":"CS-59322"}},"Piece will be Mailed?":"No","Content_Active":"Yes","V
Action.c(965):     ersions":"1","End Date":"2029-12-31","Sent to QA":"2019-02-05T14:42:38.958-0600","Logo Req
Action.c(965):     uested":"No"}},{"map":{"Friendly Tracking Description":"Quotient - Ad Module","moduleType"
Action.c(965):     :"Content: Quotient Ad","Customer Status":{"myArrayList":["New Customer","Existing Custome
Action.c(965):     r"]},"Business Days":"705 business days","Test Scripted Field":"<h2>new value</h2>","Test 
Action.c(965):     script field (migration)":"CS-63522","Site_Location":"global_shelf_content","Customer Type
Action.c(965):     ":{"myArrayList":["Consumer","Merchant"]},"scheduledContentData":{"map":{"Targeted to User
Action.c(965):      Event ID":"No","Contain Offer":"No","Test Scripted Field":"<h2>new value</h2>","Create Mu
Action.c(965):     ltipanel":{"myArrayList":["Left Panel","Right Panel"]},"Existing Offer":"No","Test script 
Action.c(965):     field (migration)":"CS-64380","Piece will be Mailed?":"No","Versions":"1","Specials Page L
Action.c(965):     iner Placement":"No","parts":{"myArrayList":[]},"id":"342126","Logo Requested":"No","key":
Action.c(965):     "CS-64380"}},"Scheduled_Priority":"2","Start Date":"2019-04-01","Content_Active":"Yes","En
Action.c(965):     d Date":"2029-12-31","Sent to QA":"2019-04-01T14:
Action.c(965): t=211719ms: 6535-byte DECODED response body for "https://stage.peapod.com/api/v2.0/cms?regions=%7B%22browse_aisles_top_category_hero%22:%7B%22limit%22:100,%22ff%22:%7B%22Browse+Aisles+Shelf+Category+Id%22:%5B2541%5D%7D%7D,%22browse_aisles_top_category_content%22:%7B%22ff%22:%7B%22Browse+Aisles+Shelf+Category+Id%22:%5B2541%5D%7D%7D,%22browse_aisles_top_category_body%22:%7B%22ff%22:%7B%22Browse+Aisles+Shelf+Category+Id%22:%5B2541%5D%7D%7D,%22browse_aisles_shelf_header%22:%7B%22ff%22:%7B%22Browse+Aisles+Shelf+Category+Id%22:%5B2541%5D%7D%7D,%22browse_aisles_shelf_tile%22:%7B%22ff%22:%7B%22Browse+Aisles+Shelf+Category+Id%22:%5B2541%5D%7D%7D,%22browse_aisles_shelf_content%22:%7B%22ff%22:%7B%22Browse+Aisles+Shelf+Category+Id%22:%5B2541%5D%7D,%22limit%22:100,%22aux%22:%7B%22global_shelf_content%22:%7B%22limit%22:100%7D%7D%7D%7D" (RelFrameId=1, Internal ID=95)
Action.c(965):     04:25.752-0500","id":"341058","StoreCodes":{"myArrayList":[]},"key":"CS-63522"}},{"map":{"
Action.c(965):     Friendly Tracking Description":"Quotient - Ad Module","moduleType":"Content: Quotient Ad",
Action.c(965):     "Customer Status":{"myArrayList":["New Customer","Existing Customer"]},"Business Days":"70
Action.c(965):     5 business days","Test Scripted Field":"<h2>new value</h2>","Test script field (migration)
Action.c(965):     ":"CS-63521","Site_Location":"global_shelf_content","Customer Type":{"myArrayList":["Consu
Action.c(965):     mer","Merchant"]},"scheduledContentData":{"map":{"Targeted to User Event ID":"No","Contain
Action.c(965):      Offer":"No","Test Scripted Field":"<h2>new value</h2>","Create Multipanel":{"myArrayList"
Action.c(965):     :["Left Panel","Right Panel"]},"Existing Offer":"No","Test script field (migration)":"CS-6
Action.c(965):     4380","Piece will be Mailed?":"No","Versions":"1","Specials Page Liner Placement":"No","pa
Action.c(965):     rts":{"myArrayList":[]},"id":"342126","Logo Requested":"No","key":"CS-64380"}},"Scheduled_
Action.c(965):     Priority":"2","Start Date":"2019-04-01","Content_Active":"Yes","End Date":"2029-12-31","Se
Action.c(965):     nt to QA":"2019-04-01T14:01:54.388-0500","id":"341057","StoreCodes":{"myArrayList":[]},"ke
Action.c(965):     y":"CS-63521"}},{"map":{"Friendly Tracking Description":"Quotient - Ad Module","moduleType
Action.c(965):     ":"Content: Quotient Ad","Customer Status":{"myArrayList":["New Customer","Existing Custom
Action.c(965):     er"]},"Business Days":"705 business days","Test Scripted Field":"<h2>new value</h2>","Test
Action.c(965):      script field (migration)":"CS-63523","Site_Location":"global_shelf_content","Customer Typ
Action.c(965):     e":{"myArrayList":["Consumer","Merchant"]},"scheduledContentData":{"map":{"Targeted to Use
Action.c(965):     r Event ID":"No","Contain Offer":"No","Test Scripted Field":"<h2>new value</h2>","Create M
Action.c(965):     ultipanel":{"myArrayList":["Left Panel","Right Panel"]},"Existing Offer":"No","Test script
Action.c(965):      field (migration)":"CS-64380","Piece will be Mailed?":"No","Versions":"1","Specials Page 
Action.c(965):     Liner Placement":"No","parts":{"myArrayList":[]},"id":"342126","Logo Requested":"No","key"
Action.c(965):     :"CS-64380"}},"Scheduled_Priority":"2","Start Date":"2019-04-01","Content_Active":"Yes","E
Action.c(965):     nd Date":"2029-12-31","Sent to QA":"2019-04-01T14:05:57.368-0500","id":"341059","StoreCode
Action.c(965):     s":{"myArrayList":[]},"key":"CS-63523"}},{"map":{"Friendly Tracking Description":"Quotient
Action.c(965):      - Ad Module","moduleType":"Content: Quotient Ad","Customer Status":{"myArrayList":["New C
Action.c(965):     ustomer","Existing Customer"]},"Business Days":"705 business days","Test Scripted Field":"
Action.c(965):     <h2>new value</h2>","Test script field (migration)":"CS-63525","Site_Location":"global_she
Action.c(965):     lf_content","Customer Type":{"myArrayList":["Consumer","Merchant"]},"scheduledContentData"
Action.c(965):     :{"map":{"Targeted to User Event ID":"No","Contain Offer":"No","Test Scripted Field":"<h2>
Action.c(965):     new value</h2>","Create Multipanel":{"myArrayList":["Left Panel","Right Panel"]},"Existing
Action.c(965):      Offer":"No","Test script field (migration)":"CS-64380","Piece will be Mailed?":"No","Vers
Action.c(965):     ions":"1","Specials Page Liner Placement":"No","parts":{"myArrayList":[]},"id":"342126","L
Action.c(965):     ogo Requested":"No","key":"CS-64380"}},"Scheduled_Priority":"2","Start Date":"2019-04-01",
Action.c(965):     "Content_Active":"Yes","End Date":"2029-12-31","Sent to QA":"2019-04-01T14:06:18.902-0500"
Action.c(965):     ,"id":"341061","StoreCodes":{"myArrayList":[]},"key":"CS-63525"}},{"map":{"Friendly Tracki
Action.c(965):     ng Description":"Quotient - Ad Module","moduleType":"Content: Quotient Ad","Customer Statu
Action.c(965):     s":{"myArrayList":["New Customer","Existing Customer"]},"Business Days":"705 business days
Action.c(965):     ","Test Scripted Field":"<h2>new value</h2>","Test script field (migration)":"CS-63524","S
Action.c(965):     ite_Location":"global_shelf_content","Customer Type":{"myArrayList":["Consumer","Merchant"
Action.c(965):     ]},"scheduledContentData":{"map":{"Targeted to User Event ID":"No","Contain Offer":"No","T
Action.c(965):     est Scripted Field":"<h2>new value</h2>","Create Multipanel":{"myArrayList":["Left Panel",
Action.c(965):     "Right Panel"]},"Existing Offer":"No","Test script field (migration)":"CS-64380","Piece wi
Action.c(965):     ll be Mailed?":"No","Versions":"1","Specials Page Liner Placement":"No","parts":{"myArrayL
Action.c(965):     ist":[]},"id":"342126","Logo Requested":"No","key":"CS-64380"}},"Scheduled_Priority":"2","
Action.c(965):     Start Date":"2019-04-01","Content_Active":"Yes","End Date":"2029-12-31","Sent to QA":"2019
Action.c(965):     -04-01T14:06:08.290-0500","id":"341060","StoreCodes":{"myArrayList":[]},"key":"CS-63524"}}
Action.c(965):     ,{"map":{"Friendly Tracking Description":"Tile Global - Cost Per Serving Meal Kit ","modul
Action.c(965):     eType":"Content: Tile","SEO Excluded":"No","Customer Status":{"myArrayList":["New Customer
Action.c(965):     ","Existing Customer"]},"customfield_14420":"No","Create Multipanel":{"myArrayList":["Left
Action.c(965):      Panel","Right Panel"]},"Test script field (migration)":"CS-80745","Site_Location":"global
Action.c(965):     _shelf_content","Customer Type":{"myArrayList":["Consumer","Merchant"]},"scheduledContentD
Action.c(965):     ata":{"map":{"Body Copy":"at $4 per serving","Button Link":"/pages/mealkits","customfield_
Action.c(965):     14420":"No","Create Multipanel":{"myArrayList":["Left Panel","Right Panel"]},"Test script 
Action.c(965):     field (migration)":"CS-80744","Headline Copy":"Meal kits starting","Alt Text":"Del Monte A
Action.c(965):     vocado Chicken Burger Meal Kit","Color Scheme: Product":"Light Gray","Content ID":"2662064
Action.c(965):     :6X1WE.jpg","parts":{"myArrayList":[]},"Sent to QA":"2019-09-05T07:01:23.494-0500","id":"3
Action.c(965):     64699","Button Type Tiles":"Internal Link","key":"CS-80744"}},"Scheduled_Priority":"1","St
Action.c(965):     art Date":"2019-09-12","Content_Active":"Yes","End Date":"2029-12-31","Sent to QA":"2019-0
Action.c(965):     9-06T09:32:29.854-0500","id":"364700","StoreCodes":{"myArrayList":[]},"key":"CS-80745"}},{
Action.c(965):     "map":{"Friendly Tracking Description":"Global Tile - Tailg8 2019","moduleType":"Content: 
Action.c(965):     Tile","SEO Excluded":"No","Customer Status":{"myArrayList":["New Customer","Existing Custo
Action.c(965):     mer"]},"Approved":"2018-09-07T12:26:43.066-0500","Create Multipanel":{"myArrayList":["Left
Action.c(965):      Panel","Right Panel"]},"Test script field (migration)":"CS-75376","Site_Location":"global
Action.c(965):     _shelf_content","Customer Type":{"myArrayList":["Consumer"]},"scheduledContentData":{"map"
Action.c(965):     :{"Body Copy":"win on game day","Approved":"2018-09-07T12:08:49.085-0500","Button Link":"p
Action.c(965):     ages/tailgating","Create Multipanel":{"myArrayList":["Left Panel","Right Panel"]},"Test sc
Action.c(965):     ript field (migration)":"CS-47352","Headline Copy":"Tailgating Central","Alt Text":"Image 
Action.c(965):     of gameday snacks and drinks","Color Scheme: Product":"Light Gray","Content ID":"2270654:Z
Action.c(965):     PCFF.jpg","parts":{"myArrayList":[]},"Sent to QA":"2019-08-28T17:02:28.776-0500","id":"319
Action.c(965):     504","Button Type Tiles":"Internal Link","key":"CS-47352"}},"Scheduled_Priority":"1","Star
Action.c(965):     t Date":"2019-08-29","Content_Active":"Yes","End Date":"2019-12-27","Sent to QA":"2019-08-
Action.c(965):     28T17:03:47.502-0500","id":"357619","StoreCodes":{"myArrayList":[]},"key":"CS-75376"}}]}],
Action.c(965):     "resultCount":0},"sessionId":"IIFRJAZ4OWS4UCWWM4JCF3Q"}
Action.c(965): web_custom_request("cms_16") was successful, 4972 body bytes, 752 header bytes  	[MsgId: MMSG-26386]
Action.c(975): web_custom_request("cms_17") started  	[MsgId: MMSG-26355]
Action.c(975): t=222072ms: 752-byte response headers for "https://stage.peapod.com/api/v2.0/cms?regions=%7B%22browse_aisles_top_category_hero%22:%7B%22limit%22:100,%22ff%22:%7B%22Browse+Aisles+Shelf+Category+Id%22:%5B2541%5D%7D%7D,%22browse_aisles_top_category_content%22:%7B%22ff%22:%7B%22Browse+Aisles+Shelf+Category+Id%22:%5B2541%5D%7D%7D,%22browse_aisles_top_category_body%22:%7B%22ff%22:%7B%22Browse+Aisles+Shelf+Category+Id%22:%5B2541%5D%7D%7D,%22browse_aisles_shelf_header%22:%7B%22ff%22:%7B%22Browse+Aisles+Shelf+Category+Id%22:%5B2541%5D%7D%7D,%22browse_aisles_shelf_tile%22:%7B%22ff%22:%7B%22Browse+Aisles+Shelf+Category+Id%22:%5B2541%5D%7D%7D,%22browse_aisles_shelf_content%22:%7B%22ff%22:%7B%22Browse+Aisles+Shelf+Category+Id%22:%5B2541%5D%7D,%22limit%22:100,%22aux%22:%7B%22global_shelf_content%22:%7B%22limit%22:100%7D%7D%7D%7D" (RelFrameId=1, Internal ID=96)
Action.c(975):     HTTP/1.1 200 OK\r\n
Action.c(975):     Date: Sun, 24 Nov 2019 16:42:59 GMT\r\n
Action.c(975):     Content-Type: application/json;charset=utf-8\r\n
Action.c(975):     Transfer-Encoding: chunked\r\n
Action.c(975):     Connection: keep-alive\r\n
Action.c(975):     Strict-Transport-Security: max-age=63072000; includeSubdomains;\r\n
Action.c(975):     access-control-allow-credentials: true\r\n
Action.c(975):     access-control-allow-origin:\r\n
Action.c(975):     expires: 0\r\n
Action.c(975):     Vary: Accept-Encoding,User-Agent\r\n
Action.c(975):     Content-Encoding: gzip\r\n
Action.c(975):     Cache-Control: no-store\r\n
Action.c(975):     X-XSS-Protection: 1; mode=block\r\n
Action.c(975):     X-Content-Type-Options: nosniff\r\n
Action.c(975):     Strict-Transport-Security: max-age=86400; includeSubDomains\r\n
Action.c(975):     Content-Security-Policy: frame-ancestors 'self' *.giantfood.com\r\n
Action.c(975):     CF-Cache-Status: DYNAMIC\r\n
Action.c(975):     Expect-CT: max-age=604800, report-uri="https://report-uri.cloudflare.com/cdn-cgi/beacon/ex
Action.c(975):     pect-ct"\r\n
Action.c(975):     Server: cloudflare\r\n
Action.c(975):     CF-RAY: 53acd6d93c4af0ee-IAD\r\n
Action.c(975):     \r\n
Action.c(975): t=222076ms: 610-byte ENCODED response body received for "https://stage.peapod.com/api/v2.0/cms?regions=%7B%22browse_aisles_top_category_hero%22:%7B%22limit%22:100,%22ff%22:%7B%22Browse+Aisles+Shelf+Category+Id%22:%5B2541%5D%7D%7D,%22browse_aisles_top_category_content%22:%7B%22ff%22:%7B%22Browse+Aisles+Shelf+Category+Id%22:%5B2541%5D%7D%7D,%22browse_aisles_top_category_body%22:%7B%22ff%22:%7B%22Browse+Aisles+Shelf+Category+Id%22:%5B2541%5D%7D%7D,%22browse_aisles_shelf_header%22:%7B%22ff%22:%7B%22Browse+Aisles+Shelf+Category+Id%22:%5B2541%5D%7D%7D,%22browse_aisles_shelf_tile%22:%7B%22ff%22:%7B%22Browse+Aisles+Shelf+Category+Id%22:%5B2541%5D%7D%7D,%22browse_aisles_shelf_content%22:%7B%22ff%22:%7B%22Browse+Aisles+Shelf+Category+Id%22:%5B2541%5D%7D,%22limit%22:100,%22aux%22:%7B%22global_shelf_content%22:%7B%22limit%22:100%7D%7D%7D%7D" (RelFrameId=1, Internal ID=96)
Action.c(975): t=222076ms: 1103-byte DECODED response body for "https://stage.peapod.com/api/v2.0/cms?regions=%7B%22browse_aisles_top_category_hero%22:%7B%22limit%22:100,%22ff%22:%7B%22Browse+Aisles+Shelf+Category+Id%22:%5B2541%5D%7D%7D,%22browse_aisles_top_category_content%22:%7B%22ff%22:%7B%22Browse+Aisles+Shelf+Category+Id%22:%5B2541%5D%7D%7D,%22browse_aisles_top_category_body%22:%7B%22ff%22:%7B%22Browse+Aisles+Shelf+Category+Id%22:%5B2541%5D%7D%7D,%22browse_aisles_shelf_header%22:%7B%22ff%22:%7B%22Browse+Aisles+Shelf+Category+Id%22:%5B2541%5D%7D%7D,%22browse_aisles_shelf_tile%22:%7B%22ff%22:%7B%22Browse+Aisles+Shelf+Category+Id%22:%5B2541%5D%7D%7D,%22browse_aisles_shelf_content%22:%7B%22ff%22:%7B%22Browse+Aisles+Shelf+Category+Id%22:%5B2541%5D%7D,%22limit%22:100,%22aux%22:%7B%22global_shelf_content%22:%7B%22limit%22:100%7D%7D%7D%7D" (RelFrameId=1, Internal ID=96)
Action.c(975):     {"response":{"regionContents":[{"region":"browse_aisles_shelf_header","contents":[]},{"reg
Action.c(975):     ion":"browse_aisles_top_category_hero","contents":[{"map":{"Friendly Tracking Description"
Action.c(975):     :"BA Seafood - Fresh Catch - November 2019 (Shrimp)","moduleType":"Content: Keyweb Lifesty
Action.c(975):     le","SEO Excluded":"No","Customer Status":{"myArrayList":["New Customer","Existing Custome
Action.c(975):     r"]},"Approved":"2019-11-04T14:35:18.484-0600","Create Multipanel":{"myArrayList":["Left P
Action.c(975):     anel","Right Panel"]},"Test script field (migration)":"CS-84980","Site_Location":"browse_a
Action.c(975):     isles_top_category_hero","Customer Type":{"myArrayList":["Consumer","Merchant"]},"schedule
Action.c(975):     dContentData":{"map":{"Content ID: Mobile":"2728079:QUHIP.jpg","Headline Copy: Mobile":"Pe
Action.c(975):     apod's Fresh Catch","Headline Copy: Desktop / Tablet / Mini Tablet":"Peapod's Fresh Catch"
Action.c(975):     ,"Approved":"2019-11-04T14:17:00.000-0600","Button Link":"/pages/freshCatch","Body Copy: M
Action.c(975):     obile":"this month's catch: shrimp","Create Multipanel":{"myArrayList":["Left Panel","Righ
Action.c(975):     t Panel"]},"Test script field (migration)":"CS-84979","Button Type":"Internal Link","Text 
Action.c(975):     Alignment":"Left","Alt 
Action.c(975): t=222079ms: 4383-byte ENCODED response body received for "https://stage.peapod.com/api/v2.0/cms?regions=%7B%22browse_aisles_top_category_hero%22:%7B%22limit%22:100,%22ff%22:%7B%22Browse+Aisles+Shelf+Category+Id%22:%5B2541%5D%7D%7D,%22browse_aisles_top_category_content%22:%7B%22ff%22:%7B%22Browse+Aisles+Shelf+Category+Id%22:%5B2541%5D%7D%7D,%22browse_aisles_top_category_body%22:%7B%22ff%22:%7B%22Browse+Aisles+Shelf+Category+Id%22:%5B2541%5D%7D%7D,%22browse_aisles_shelf_header%22:%7B%22ff%22:%7B%22Browse+Aisles+Shelf+Category+Id%22:%5B2541%5D%7D%7D,%22browse_aisles_shelf_tile%22:%7B%22ff%22:%7B%22Browse+Aisles+Shelf+Category+Id%22:%5B2541%5D%7D%7D,%22browse_aisles_shelf_content%22:%7B%22ff%22:%7B%22Browse+Aisles+Shelf+Category+Id%22:%5B2541%5D%7D,%22limit%22:100,%22aux%22:%7B%22global_shelf_content%22:%7B%22limit%22:100%7D%7D%7D%7D" (RelFrameId=1, Internal ID=96)
Action.c(975): t=222079ms: 12288-byte DECODED response body for "https://stage.peapod.com/api/v2.0/cms?regions=%7B%22browse_aisles_top_category_hero%22:%7B%22limit%22:100,%22ff%22:%7B%22Browse+Aisles+Shelf+Category+Id%22:%5B2541%5D%7D%7D,%22browse_aisles_top_category_content%22:%7B%22ff%22:%7B%22Browse+Aisles+Shelf+Category+Id%22:%5B2541%5D%7D%7D,%22browse_aisles_top_category_body%22:%7B%22ff%22:%7B%22Browse+Aisles+Shelf+Category+Id%22:%5B2541%5D%7D%7D,%22browse_aisles_shelf_header%22:%7B%22ff%22:%7B%22Browse+Aisles+Shelf+Category+Id%22:%5B2541%5D%7D%7D,%22browse_aisles_shelf_tile%22:%7B%22ff%22:%7B%22Browse+Aisles+Shelf+Category+Id%22:%5B2541%5D%7D%7D,%22browse_aisles_shelf_content%22:%7B%22ff%22:%7B%22Browse+Aisles+Shelf+Category+Id%22:%5B2541%5D%7D,%22limit%22:100,%22aux%22:%7B%22global_shelf_content%22:%7B%22limit%22:100%7D%7D%7D%7D" (RelFrameId=1, Internal ID=96)
Action.c(975):     Text: All Images":"A skillet with freshly cooked shrimp","Content ID: Desktop":"2728077:QJ
Action.c(975):     KX4.jpg","Content ID: Tablet":"2728080:W57C4.jpg","Content ID: Mini Tablet":"2728078:O24RK
Action.c(975):     .jpg","Products Targeted":"No","parts":{"myArrayList":[]},"Sent to QA":"2019-11-04T14:17:0
Action.c(975):     0.000-0600","id":"370843","Color Scheme: Lifestyle":"Green","key":"CS-84979","Body Copy: D
Action.c(975):     esktop / Tablet / Mini Tablet":"this month's catch: shrimp","Button Text":"Shop Fresh Catc
Action.c(975):     h"}},"Scheduled_Priority":"1","Start Date":"2019-11-01","Content_Active":"Yes","End Date":
Action.c(975):     "2019-11-30","Products Targeted":"No","Sent to QA":"2019-11-08T19:54:08.024-0600","id":"37
Action.c(975):     0844","StoreCodes":{"myArrayList":[]},"Browse Aisles Shelf Category Id":"2541","key":"CS-8
Action.c(975):     4980","Browse Aisles Shelf Category":"Seafood"}}]},{"region":"browse_aisles_top_category_c
Action.c(975):     ontent","contents":[{"map":{"Friendly Tracking Description":"BA Seafood Buying Guide - Mai
Action.c(975):     n - Q","moduleType":"Content: Container","Customer Status":{"myArrayList":["New Customer",
Action.c(975):     "Existing Customer"]},"Approved":"2019-04-01T12:37:39.405-0500","Test Scripted Field":"<h2
Action.c(975):     >new value</h2>","Test script field (migration)":"CS-63873","Site_Location":"browse_aisles
Action.c(975):     _top_category_content","Customer Type":{"myArrayList":["Consumer","Merchant"]},"scheduledC
Action.c(975):     ontentData":{"map":{"Friendly Tracking Description":"Seafood Buying Guide","Versions":"1",
Action.c(975):     "parts":{"myArrayList":[{"map":{"Friendly Tracking Description":"Seafood Buying Guide - Se
Action.c(975):     afood Guide","Versions":"1","moduleType":"Content Module: Simple Content Tile","Content ID
Action.c(975):     ":"2174516:J7DMP.jpg","Button Link":"/pages/seafoodBuyingGuideCookingMethodsTips","Tile Co
Action.c(975):     py":"Seafood Guide","Test Scripted Field":"<h2>new value</h2>","id":"341564","Test script 
Action.c(975):     field (migration)":"CS-63863","Button Type Tiles":"Internal Link","Alt Text":"assorted sea
Action.c(975):     food","key":"CS-63863"}},{"map":{"Friendly Tracking Description":"Seafood Buying Guide - F
Action.c(975):     illets & Steaks","Versions":"1","moduleType":"Content Module: Simple Content Tile","Conten
Action.c(975):     t ID":"2174515:WSD4U.jpg","Button Link":"/pages/seafoodBuyingGuideFilletsSteaks","Tile Cop
Action.c(975):     y":"Fillets & Steaks","Test Scripted Field":"<h2>new value</h2>","id":"341565","Test scrip
Action.c(975):     t field (migration)":"CS-63864","Button Type Tiles":"Internal Link","Alt Text":"salmon ste
Action.c(975):     aks","key":"CS-63864"}},{"map":{"Friendly Tracking Description":"Seafood Buying Guide - Sh
Action.c(975):     rimp & Shellfish","Versions":"1","moduleType":"Content Module: Simple Content Tile","Conte
Action.c(975):     nt ID":"2174518:4TOLJ.jpg","Button Link":"/pages/seafoodBuyingGuideShrimpShellfish","Tile 
Action.c(975):     Copy":"Shrimp & Shellfish","Test Scripted Field":"<h2>new value</h2>","id":"341566","Test 
Action.c(975):     script field (migration)":"CS-63865","Button Type Tiles":"Internal Link","Alt Text":"assor
Action.c(975):     ted shellfish","key":"CS-63865"}},{"map":{"Friendly Tracking Description":"Seafood Buying 
Action.c(975):     Guide - Sauces & Seasonings","Versions":"1","moduleType":"Content Module: Simple Content T
Action.c(975):     ile","Content ID":"2174517:SDC4J.jpg","Button Link":"/pages/seafoodSauces","Tile Copy":"Sa
Action.c(975):     uces & Seasonings","Test Scripted Field":"<h2>new value</h2>","id":"341568","Test script f
Action.c(975):     ield (migration)":"CS-63867","Button Type Tiles":"Internal Link","Alt Text":"shrimp cockta
Action.c(975):     il with sauce","key":"CS-63867"}},{"map":{"Friendly Tracking Description":"Seafood Buying 
Action.c(975):     Guide - Recipes","Versions":"1","moduleType":"Content Module: Simple Content Tile","Conten
Action.c(975):     t ID":"2042614:NOQQI.jpg","Button Link":"/pages/seafoodRecipes","Tile Copy":"Seafood Recip
Action.c(975):     es","Test Scripted Field":"<h2>new value</h2>","id":"341569","Test script field (migration
Action.c(975):     )":"CS-63868","Button Type Tiles":"Internal Link","Alt Text":"lobster with green salad and
Action.c(975):      tomatoes","key":"CS-63868"}},{"map":{"Friendly Tracking Description":"Simple Tile - Seafo
Action.c(975):     od Buying Guide - All Seafood","Versions":"1","moduleType":"Content Module: Simple Content
Action.c(975):      Tile","Content ID":"2174513:RG3IK.jpg","Button Link":"/product-search/prdall?filter=categ
Action.c(975):     ories:2541&sort=itemsPurchased desc, name asc&label=All Seafood","Tile Copy":"Shop All Sea
Action.c(975):     food","Test Scripted Field":"<h2>new value</h2>","id":"341567","Test script field (migrati
Action.c(975):     on)":"CS-63866","Button Type Tiles":"Internal Link","Alt Text":"assorted seafood","key":"C
Action.c(975):     S-63866"}},{"map":{"Product Search Filter":"specials","Product Set Label":"Great Savings o
Action.c(975):     n Popular Seafood","Friendly Tracking Description":"Seafood Buying Guide - Weekly Specials
Action.c(975):     ","moduleType":"Content Module: Product Set","Peapod Category Tree Id":"1633","Product Set
Action.c(975):      Rows":1,"Test Scripted Field":"<h2>new value</h2>","Peapod Category Id":"2541","Test scri
Action.c(975):     pt field (migration)":"CS-63869","Peapod Category":"Seafood|1633","Versions":"1","id":"341
Action.c(975):     570","Product Set Button Url":"/specials/all-specials/category/1633","key":"CS-63869"}},{"
Action.c(975):     map":{"Product Set Label":"Recommended For You","Friendly Tracking Description":"Seafood B
Action.c(975):     uying Guide - Recommendations","moduleType":"Content Module: Recommendation","Peapod Categ
Action.c(975):     ory Tree Id":"1633","Product Set Rows":1,"Recommendation Element":"subcategory1_rr","Test 
Action.c(975):     Scripted Field":"<h2>new value</h2>","Peapod Category Id":"2541","Test script field (migra
Action.c(975):     tion)":"CS-63870","Peapod Category":"Seafood|1633","Versions":"1","id":"341571","key":"CS-
Action.c(975):     63870"}},{"map":{"Friendly Tracking Description":"Quotient Ad","Targeted to User Event ID"
Action.c(975):     :"No","moduleType":"Content Module: Quotient Ad","Contain Offer":"No","Test Scripted Field
Action.c(975):     ":"<h2>new value</h2>","Create Multipanel":{"myArrayList":["Left Panel","Right Panel"]},"E
Action.c(975):     xisting Offer":"No","Test script field (migration)":"CS-63872","Piece will be Mailed?":"No
Action.c(975):     ","Versions":"1","Specials Page Liner Placement":"No","id":"341573","Logo Requested":"No",
Action.c(975):     "key":"CS-63872"}}]},"Approved":"2017-12-14T11:59:39.973-0600","Sent to QA":"2017-10-10T12
Action.c(975):     :46:13.086-0500","Test Scripted Field":"<h2>new value</h2>","id":"341563","Test script fie
Action.c(975):     ld (migration)":"CS-63862","key":"CS-63862"}},"Scheduled_Priority":"1","Versions":"1","Sta
Action.c(975):     rt Date":"2019-04-01","Content_Active":"Yes","End Date":"2029-12-31","Sent to QA":"2019-04
Action.c(975):     -01T12:33:33.035-0500","id":"341574","StoreCodes":{"myArrayList":[]},"Browse Aisles Shelf 
Action.c(975):     Category Id":"2541","key":"CS-63873","Browse Aisles Shelf Category":"Seafood"}}]},{"region
Action.c(975):     ":"browse_aisles_top_category_body","contents":[{"map":{"Friendly Tracking Description":"B
Action.c(975):     A-Tile_Seafood_Dinner Kits","moduleType":"Content: Tile","Customer Status":{"myArrayList":
Action.c(975):     ["New Customer","Existing Customer"]},"Approved":"2018-06-14T09:17:09.869-0500","Test scri
Action.c(975):     pt field (migration)":"CS-41179","Site_Location":"browse_aisles_top_category_body","Custom
Action.c(975):     er Type":{"myArrayList":["Consumer","Merchant"]},"scheduledContentData":{"map":{"Body Copy
Action.c(975):     ":"Easy Meal Kits!","Color Scheme: Product":"Light Gray","Content ID":"1962336:PEYTO.jpg",
Action.c(975):     "parts":{"myArrayList":[]},"Button Link":"/pages/mealkits","id":"311174","Test script fiel
Action.c(975):     d (migration)":"CS-41182","Headline Copy":"What's for dinner? ","Button Type Tiles":"Inter
Action.c(975):     nal Link","Alt Text":"Image of prepared Barilla meal kit, pasta with shrimp","key":"CS-411
Action.c(975):     82"}},"Scheduled_Priority":"1","Start Date":"2018-06-14","Content_Active":"Yes","End Date"
Action.c(975):     :"2029-12-31","Sent to QA":"2019-10-23T15:31:22.756-0500","id":"311171","StoreCodes":{"myA
Action.c(975):     rrayList":[]},"Browse Aisles Shelf Category Id":"2541","key":"CS-41179","Browse Aisles She
Action.c(975):     lf Category":"Seafood"}},{"map":{"Friendly Tracking Description":"Weekly Specials Tile - S
Action.c(975):     eafood","moduleType":"Content: Text Tile","Customer Status":{"myArrayList":["New Customer"
Action.c(975):     ,"Existing Customer"]},"Approved":"2019-06-17T18:15:50.018-0500","Test Scripted Field":"<h
Action.c(975):     2>new value</h2>","Rejected":"2019-06-17T18:12:00.000-0500","Test script field (migration)
Action.c(975):     ":"CS-70809","Site_Location":"browse_aisles_top_category_body","Customer Type":{"myArrayLi
Action.c(975):     st":["Consumer"]},"scheduledContentData":{"map":{"Text Tile Supporting Copy":"in Seafood",
Action.c(975):     "Text Tile Link":"/specials/all-specials/category/1633","Text Tile Type":"Weekly Specials"
Action.c(975):     ,"parts":{"myArrayList":[]},"Test Scripted Field":"<h2>new value</h2>","id":"247952","Text
Action.c(975):      Tile Color Scheme":"Tomato","Test script field (migration)":"CS-15756","key":"CS-15756"}}
Action.c(975):     ,"Scheduled_Priority":"1","Start Date":"2019-06-17","Content_Active":"Yes","End Date":"202
Action.c(975):     9-12-31","Sent to QA":"2019-06-17T18:16:42.513-0500","id":"351576","StoreCodes":{"myArrayL
Action.c(975):     ist":[]},"Browse Aisles Shelf Category Id":"2541","key":"CS-70809","Browse Aisles Shelf Ca
Action.c(975):     tegory":"Seafood"}},{"map":{"Friendly Tracking Description":"Tile - Nature's Promise Seafo
Action.c(975):     od","moduleType":"Content: Tile","Customer Status":{"myArrayList":["New Customer","Existin
Action.c(975):     g Customer"]},"Approved":"2017-12-14T11:54:00.000-0600","Test Scripted Field":"<h2>new val
Action.c(975):     ue</h2>","Rank":"2|i0celb:","Rank (Obsolete)":"9223372036854775807","Test script field (mi
Action.c(975):     gration)":"CS-29059","Site_Location":"browse_aisles_top_category_body","scheduledContentDa
Action.c(975):     ta":{"map":{"Body Copy":"natural & organic choices","Button Link":"/pages/seafoodNaturesPr
Action.c(975):     omise","Test Scripted Field":"<h2>new value</h2>","Rank":"2|i0cel3:","Rank (Obsolete)":"92
Action.c(975):     23372036854775807","Test script field (migration)":"CS-29058","Headline Copy":"Nature's Pr
Action.c(975):     omise Seafood","Alt Text":"Platter of jumbo shrimp","Color Scheme: Product":"Light Gray","
Action.c(975):     Content ID":"1683489:MZ8BP.jpg","parts":{"myArrayList":[]},"Testing status":"Not started",
Action.c(975):     "id":"291004","Button Type Tiles":"Internal Link","key":"CS-29058"}},"Scheduled_Priority":
Action.c(975):     "1","Customer Type":{"myArrayList":["Consumer","Merchant"]},"Content_Active":"Yes","Start 
Action.c(975):     Date":"2017-12-15","End Date":"2029-12-31","Sent to QA":"2017-12-14T11:56:49.746-0600","Te
Action.c(975):     sting status":"Not started","id":"291005","StoreCodes":{"myArrayList":[]},"Browse Aisles S
Action.c(975):     helf Category Id":"2541","key":"CS-29059","Browse Aisles Shelf Category":"Seafood"}},{"map
Action.c(975):     ":{"Friendly Tracking Description":"BA Seafood - November 2019 (Shrimp)","moduleType":"Con
Action.c(975):     tent: Tile","SEO Excluded":"No","Customer Status":{"myArrayList":["New Customer","Existing
Action.c(975):      Customer"]},"Approved":"2019-10-31T17:20:32.329-0500","Create Multipanel":{"myArrayList":
Action.c(975):     ["Left Panel","Right Panel"]},"Test script field (migration)":"CS-84982","Site_Location":"
Action.c(975):     browse_aisles_top_category_body","Customer Type":{"myArrayList":["Consumer","Merchant"]},"
Action.c(975):     scheduledContentData":{"map":{"Body Copy":"this month's catch: shrimp","Approved":"2019-10
Action.c(975):     -31T15:59:00.000-0500","Button Link":"/pages/freshCatch","Create Multipanel":{"myArrayList
Action.c(975):     ":["Left Panel","Right Panel"]},"Test script field (migration)":"CS-84981","Headline Copy"
Action.c(975):     :"Peapod's Fresh Catch!","Alt Text":"A skillet with freshly cooked shrimp","Color Scheme: 
Action.c(975):     Product":"Light Gray","Content ID":"2728102:KKP1M.jpg","Products Targeted":"No","parts":{"
Action.c(975):     myArrayList":[]},"Sent to QA":"2019-10-31T15:26:00.000-0500","id":"370845","Button Type Ti
Action.c(975):     les":"Internal Link","key":"CS-84981"}},"Scheduled_Priority":"1","Start Date":"2019-11-01"
Action.c(975):     ,"Content_Active":"Yes","End Date":"2019-11-30","Products Targeted":"No","Sent to QA":"201
Action.c(975):     9-11-01T11:11:26.844-0500","id":"370846","StoreCodes":{"myArrayList":[]},"Browse Aisles Sh
Action.c(975):     elf Category Id":"2541","key":"CS-84982","Browse Aisles Shelf Category":"Seafood"}}]},{"re
Action.c(975):     gion":"browse_aisles_shelf_content","contents":[{"map":{"Friendly Tracking Description":"G
Action.c(975):     lobal Tile - RAF Holiday Promo 2019","moduleType":"Content: Tile","SEO Excluded":"No","Cus
Action.c(975):     tomer Status":{"myArrayList":["New Customer","Existing Customer"]},"Approved":"2019-11-01T
Action.c(975):     13:39:03.824-0500","Rejected":"2019-10-31T10:14:52.325-0500","Opcos":{"myArrayList":["PPOD
Action.c(975):     ","STSH"]},"Create Multipanel":{"myArrayList":["Left Panel","Right Panel"]},"Test script f
Action.c(975):     ield (migration)":"CS-88904","Site_Location":"global_shelf_content","Customer Type":{"myAr
Action.c(975):     rayList":["Consumer"]},"scheduledContentData":{"map":{"Body Copy":"when you refer friends"
Action.c(975):     ,"Approved":"2019-10-31T09:17:00.000-0500","Button Link":"http://peapod.extole.com/micro/m
Action.c(975):     icrosite?e={{ content.info.email }}&f={{ content.name.firstName }}&l={{ content.name.lastN
Action.c(975):     ame }}","Create Multipanel":{"myArrayList":["Left Panel","Right Panel"]},"Test script fiel
Action.c(975):     d (migration)":"CS-88901","Headline Copy":"Give $30 off + Get $30","Alt Text":"turkey dinn
Action.c(975):     er on a tabletop","Color Scheme: Product":"Light Gray","Content ID":"2728003:OFK2B.jpg","P
Action.c(975):     roducts Targeted":"No","parts":{"myArrayList":[]},"Sent to QA":"2019-10-31T09:16:00.000-05
Action.c(975):     00","id":"376034","Button Type Tiles":"External Link","key":"CS-88901"}},"Scheduled_Priori
Action.c(975):     ty":"3","Start Date":"2019-11-01","Content_Activ
Action.c(975): t=222098ms: 12288-byte DECODED response body for "https://stage.peapod.com/api/v2.0/cms?regions=%7B%22browse_aisles_top_category_hero%22:%7B%22limit%22:100,%22ff%22:%7B%22Browse+Aisles+Shelf+Category+Id%22:%5B2541%5D%7D%7D,%22browse_aisles_top_category_content%22:%7B%22ff%22:%7B%22Browse+Aisles+Shelf+Category+Id%22:%5B2541%5D%7D%7D,%22browse_aisles_top_category_body%22:%7B%22ff%22:%7B%22Browse+Aisles+Shelf+Category+Id%22:%5B2541%5D%7D%7D,%22browse_aisles_shelf_header%22:%7B%22ff%22:%7B%22Browse+Aisles+Shelf+Category+Id%22:%5B2541%5D%7D%7D,%22browse_aisles_shelf_tile%22:%7B%22ff%22:%7B%22Browse+Aisles+Shelf+Category+Id%22:%5B2541%5D%7D%7D,%22browse_aisles_shelf_content%22:%7B%22ff%22:%7B%22Browse+Aisles+Shelf+Category+Id%22:%5B2541%5D%7D,%22limit%22:100,%22aux%22:%7B%22global_shelf_content%22:%7B%22limit%22:100%7D%7D%7D%7D" (RelFrameId=1, Internal ID=96)
Action.c(975):     e":"Yes","End Date":"2019-12-31","Sent to QA":"2019-11-01T13:43:58.349-0500","id":"376037"
Action.c(975):     ,"StoreCodes":{"myArrayList":[]},"key":"CS-88904"}},{"map":{"Friendly Tracking Description
Action.c(975):     ":"Quotient - Ad Module","moduleType":"Content: Quotient Ad","Customer Status":{"myArrayLi
Action.c(975):     st":["New Customer","Existing Customer"]},"Business Days":"705 business days","Test Script
Action.c(975):     ed Field":"<h2>new value</h2>","Test script field (migration)":"CS-63523","Site_Location":
Action.c(975):     "global_shelf_content","Customer Type":{"myArrayList":["Consumer","Merchant"]},"scheduledC
Action.c(975):     ontentData":{"map":{"Targeted to User Event ID":"No","Contain Offer":"No","Test Scripted F
Action.c(975):     ield":"<h2>new value</h2>","Create Multipanel":{"myArrayList":["Left Panel","Right Panel"]
Action.c(975):     },"Existing Offer":"No","Test script field (migration)":"CS-64380","Piece will be Mailed?"
Action.c(975):     :"No","Versions":"1","Specials Page Liner Placement":"No","parts":{"myArrayList":[]},"id":
Action.c(975):     "342126","Logo Requested":"No","key":"CS-64380"}},"Scheduled_Priority":"2","Start Date":"2
Action.c(975):     019-04-01","Content_Active":"Yes","End Date":"2029-12-31","Sent to QA":"2019-04-01T14:05:5
Action.c(975):     7.368-0500","id":"341059","StoreCodes":{"myArrayList":[]},"key":"CS-63523"}},{"map":{"Frie
Action.c(975):     ndly Tracking Description":"Quotient - Ad Module","moduleType":"Content: Quotient Ad","Cus
Action.c(975):     tomer Status":{"myArrayList":["New Customer","Existing Customer"]},"Business Days":"705 bu
Action.c(975):     siness days","Test Scripted Field":"<h2>new value</h2>","Test script field (migration)":"C
Action.c(975):     S-63522","Site_Location":"global_shelf_content","Customer Type":{"myArrayList":["Consumer"
Action.c(975):     ,"Merchant"]},"scheduledContentData":{"map":{"Targeted to User Event ID":"No","Contain Off
Action.c(975):     er":"No","Test Scripted Field":"<h2>new value</h2>","Create Multipanel":{"myArrayList":["L
Action.c(975):     eft Panel","Right Panel"]},"Existing Offer":"No","Test script field (migration)":"CS-64380
Action.c(975):     ","Piece will be Mailed?":"No","Versions":"1","Specials Page Liner Placement":"No","parts"
Action.c(975):     :{"myArrayList":[]},"id":"342126","Logo Requested":"No","key":"CS-64380"}},"Scheduled_Prio
Action.c(975):     rity":"2","Start Date":"2019-04-01","Content_Active":"Yes","End Date":"2029-12-31","Sent t
Action.c(975):     o QA":"2019-04-01T14:04:25.752-0500","id":"341058","StoreCodes":{"myArrayList":[]},"key":"
Action.c(975):     CS-63522"}},{"map":{"Friendly Tracking Description":"New Arrivals - (Consumer) No CNC","mo
Action.c(975):     duleType":"Content: Text Tile","SEO Excluded":"No","Customer Status":{"myArrayList":["New 
Action.c(975):     Customer","Existing Customer"]},"Approved":"2019-06-18T11:15:00.000-0500","Test Scripted F
Action.c(975):     ield":"<h2>new value</h2>","Test script field (migration)":"CS-75491","Site_Location":"glo
Action.c(975):     bal_shelf_content","Qualification_Code":"CONTENT_CLKCLLT_OUT","Customer Type":{"myArrayLis
Action.c(975):     t":["Consumer"]},"scheduledContentData":{"map":{"Text Tile Supporting Copy":"hundreds of n
Action.c(975):     ew items added","Text Tile Link":"/pages/newArrivals","Text Tile Type":"New Arrivals","par
Action.c(975):     ts":{"myArrayList":[]},"Test Scripted Field":"<h2>new value</h2>","id":"301707","Text Tile
Action.c(975):      Color Scheme":"Blueberry","Test script field (migration)":"CS-34636","key":"CS-34636"}},"
Action.c(975):     Scheduled_Priority":"5","Start Date":"2019-08-06","Content_Active":"Yes","End Date":"2029-
Action.c(975):     12-31","Sent to QA":"2019-08-05T19:47:48.049-0500","id":"357771","StoreCodes":{"myArrayLis
Action.c(975):     t":[]},"key":"CS-75491"}},{"map":{"summary":"GlobalTile - Cocktail Central","Friendly Trac
Action.c(975):     king Description":"Cocktail Global Tile","moduleType":"Content: Tile","Customer Status":{"
Action.c(975):     myArrayList":["New Customer","Existing Customer"]},"Approved":"2017-09-18T10:03:10.000-050
Action.c(975):     0","Test Scripted Field":"<h2>new value</h2>","Rank":"2|i09ksj:","Rank (Obsolete)":"922337
Action.c(975):     2036854775807","Site_Location":"global_shelf_content","scheduledContentData":{"map":{"summ
Action.c(975):     ary":"Cocktail Global Tile","Body Copy":"the best drink recipes","Button Link":"pages/cock
Action.c(975):     tailCentral","Test Scripted Field":"<h2>new value</h2>","Rank":"2|i09kwz:","Rank (Obsolete
Action.c(975):     )":"9223372036854775807","Headline Copy":"Cocktail Central","Alt Text":"Image of a variety
Action.c(975):      of cocktails","Color Scheme: Product":"Light Gray","Versions":"1","Content ID":"2121413:S
Action.c(975):     QD6Z.jpg","parts":{"myArrayList":[]},"Testing status":"Not started","id":"272884","Button 
Action.c(975):     Type Tiles":"Internal Link","key":"CS-21699"}},"Scheduled_Priority":"1","Customer Type":{"
Action.c(975):     myArrayList":["Consumer","Merchant"]},"Versions":"1","Content_Active":"Yes","Start Date":"
Action.c(975):     2017-09-18","End Date":"2029-12-29","Sent to QA":"2017-09-18T10:03:06.000-0500","Testing s
Action.c(975):     tatus":"Not started","id":"272861","StoreCodes":{"myArrayList":[]},"key":"CS-21694"}},{"ma
Action.c(975):     p":{"Friendly Tracking Description":"Global Tile - Tailg8 2019","moduleType":"Content: Til
Action.c(975):     e","SEO Excluded":"No","Customer Status":{"myArrayList":["New Customer","Existing Customer
Action.c(975):     "]},"Approved":"2018-09-07T12:26:43.066-0500","Create Multipanel":{"myArrayList":["Left Pa
Action.c(975):     nel","Right Panel"]},"Test script field (migration)":"CS-75376","Site_Location":"global_sh
Action.c(975):     elf_content","Customer Type":{"myArrayList":["Consumer"]},"scheduledContentData":{"map":{"
Action.c(975):     Body Copy":"win on game day","Approved":"2018-09-07T12:08:49.085-0500","Button Link":"page
Action.c(975):     s/tailgating","Create Multipanel":{"myArrayList":["Left Panel","Right Panel"]},"Test scrip
Action.c(975):     t field (migration)":"CS-47352","Headline Copy":"Tailgating Central","Alt Text":"Image of 
Action.c(975):     gameday snacks and drinks","Color Scheme: Product":"Light Gray","Content ID":"2270654:ZPCF
Action.c(975):     F.jpg","parts":{"myArrayList":[]},"Sent to QA":"2019-08-28T17:02:28.776-0500","id":"319504
Action.c(975):     ","Button Type Tiles":"Internal Link","key":"CS-47352"}},"Scheduled_Priority":"1","Start D
Action.c(975):     ate":"2019-08-29","Content_Active":"Yes","End Date":"2019-12-27","Sent to QA":"2019-08-28T
Action.c(975):     17:03:47.502-0500","id":"357619","StoreCodes":{"myArrayList":[]},"key":"CS-75376"}},{"map"
Action.c(975):     :{"Friendly Tracking Description":"Quotient - Ad Module","moduleType":"Content: Quotient A
Action.c(975):     d","Customer Status":{"myArrayList":["New Customer","Existing Customer"]},"Business Days":
Action.c(975):     "705 business days","Test Scripted Field":"<h2>new value</h2>","Test script field (migrati
Action.c(975):     on)":"CS-63525","Site_Location":"global_shelf_content","Customer Type":{"myArrayList":["Co
Action.c(975):     nsumer","Merchant"]},"scheduledContentData":{"map":{"Targeted to User Event ID":"No","Cont
Action.c(975):     ain Offer":"No","Test Scripted Field":"<h2>new value</h2>","Create Multipanel":{"myArrayLi
Action.c(975):     st":["Left Panel","Right Panel"]},"Existing Offer":"No","Test script field (migration)":"C
Action.c(975):     S-64380","Piece will be Mailed?":"No","Versions":"1","Specials Page Liner Placement":"No",
Action.c(975):     "parts":{"myArrayList":[]},"id":"342126","Logo Requested":"No","key":"CS-64380"}},"Schedul
Action.c(975):     ed_Priority":"2","Start Date":"2019-04-01","Content_Active":"Yes","End Date":"2029-12-31",
Action.c(975):     "Sent to QA":"2019-04-01T14:06:18.902-0500","id":"341061","StoreCodes":{"myArrayList":[]},
Action.c(975):     "key":"CS-63525"}},{"map":{"Friendly Tracking Description":"Quotient - Ad Module","moduleT
Action.c(975):     ype":"Content: Quotient Ad","Customer Status":{"myArrayList":["New Customer","Existing Cus
Action.c(975):     tomer"]},"Business Days":"705 business days","Test Scripted Field":"<h2>new value</h2>","T
Action.c(975):     est script field (migration)":"CS-63524","Site_Location":"global_shelf_content","Customer 
Action.c(975):     Type":{"myArrayList":["Consumer","Merchant"]},"scheduledContentData":{"map":{"Targeted to 
Action.c(975):     User Event ID":"No","Contain Offer":"No","Test Scripted Field":"<h2>new value</h2>","Creat
Action.c(975):     e Multipanel":{"myArrayList":["Left Panel","Right Panel"]},"Existing Offer":"No","Test scr
Action.c(975):     ipt field (migration)":"CS-64380","Piece will be Mailed?":"No","Versions":"1","Specials Pa
Action.c(975):     ge Liner Placement":"No","parts":{"myArrayList":[]},"id":"342126","Logo Requested":"No","k
Action.c(975):     ey":"CS-64380"}},"Scheduled_Priority":"2","Start Date":"2019-04-01","Content_Active":"Yes"
Action.c(975):     ,"End Date":"2029-12-31","Sent to QA":"2019-04-01T14:06:08.290-0500","id":"341060","StoreC
Action.c(975):     odes":{"myArrayList":[]},"key":"CS-63524"}},{"map":{"Friendly Tracking Description":"Tile 
Action.c(975):     Global - Cost Per Serving Meal Kit ","moduleType":"Content: Tile","SEO Excluded":"No","Cus
Action.c(975):     tomer Status":{"myArrayList":["New Customer","Existing Customer"]},"customfield_14420":"No
Action.c(975):     ","Create Multipanel":{"myArrayList":["Left Panel","Right Panel"]},"Test script field (mig
Action.c(975):     ration)":"CS-80745","Site_Location":"global_shelf_content","Customer Type":{"myArrayList":
Action.c(975):     ["Consumer","Merchant"]},"scheduledContentData":{"map":{"Body Copy":"at $4 per serving","B
Action.c(975):     utton Link":"/pages/mealkits","customfield_14420":"No","Create Multipanel":{"myArrayList":
Action.c(975):     ["Left Panel","Right Panel"]},"Test script field (migration)":"CS-80744","Headline Copy":"
Action.c(975):     Meal kits starting","Alt Text":"Del Monte Avocado Chicken Burger Meal Kit","Color Scheme: 
Action.c(975):     Product":"Light Gray","Content ID":"2662064:6X1WE.jpg","parts":{"myArrayList":[]},"Sent to
Action.c(975):      QA":"2019-09-05T07:01:23.494-0500","id":"364699","Button Type Tiles":"Internal Link","key
Action.c(975):     ":"CS-80744"}},"Scheduled_Priority":"1","Start Date":"2019-09-12","Content_Active":"Yes","
Action.c(975):     End Date":"2029-12-31","Sent to QA":"2019-09-06T09:32:29.854-0500","id":"364700","StoreCod
Action.c(975):     es":{"myArrayList":[]},"key":"CS-80745"}},{"map":{"Friendly Tracking Description":"Guiding
Action.c(975):      Stars","moduleType":"Content: Tile","SEO Excluded":"No","Customer Status":{"myArrayList":
Action.c(975):     ["New Customer","Existing Customer"]},"Approved":"2019-06-17T18:22:00.000-0500","Test Scri
Action.c(975):     pted Field":"<h2>new value</h2>","Test script field (migration)":"CS-70811","Site_Location
Action.c(975):     ":"global_shelf_content","Customer Type":{"myArrayList":["Consumer"]},"scheduledContentDat
Action.c(975):     a":{"map":{"Body Copy":"Nutritious choices made simple","Approved":"2018-04-04T13:33:13.26
Action.c(975):     8-0500","Button Link":"/pages/guidingStars","Test Scripted Field":"<h2>new value</h2>","Re
Action.c(975):     jected":"2018-04-02T17:21:00.000-0500","Test script field (migration)":"CS-33771","Headlin
Action.c(975):     e Copy":"Guiding Stars","Color Scheme: Product":"Light Gray","Content ID":"2199719:589IT.j
Action.c(975):     pg","parts":{"myArrayList":[]},"Sent to QA":"2018-04-04T13:08:52.164-0500","id":"300166","
Action.c(975):     Button Type Tiles":"Internal Link","key":"CS-33771"}},"Scheduled_Priority":"1","Start Date
Action.c(975):     ":"2019-06-17","Content_Active":"Yes","End Date":"2029-12-31","Sent to QA":"2019-06-17T18:
Action.c(975):     23:17.573-0500","id":"351578","StoreCodes":{"myArrayList":[]},"key":"CS-70811"}},{"map":{"
Action.c(975):     Friendly Tracking Description":"Quotient - Ad Module","moduleType":"Content: Quotient Ad",
Action.c(975):     "Customer Status":{"myArrayList":["New Customer","Existing Customer"]},"Business Days":"70
Action.c(975):     5 business days","Test Scripted Field":"<h2>new value</h2>","Test script field (migration)
Action.c(975):     ":"CS-63521","Site_Location":"global_shelf_content","Customer Type":{"myArrayList":["Consu
Action.c(975):     mer","Merchant"]},"scheduledContentData":{"map":{"Targeted to User Event ID":"No","Contain
Action.c(975):      Offer":"No","Test Scripted Field":"<h2>new value</h2>","Create Multipanel":{"myArrayList"
Action.c(975):     :["Left Panel","Right Panel"]},"Existing Offer":"No","Test script field (migration)":"CS-6
Action.c(975):     4380","Piece will be Mailed?":"No","Versions":"1","Specials Page Liner Placement":"No","pa
Action.c(975):     rts":{"myArrayList":[]},"id":"342126","Logo Requested":"No","key":"CS-64380"}},"Scheduled_
Action.c(975):     Priority":"2","Start Date":"2019-04-01","Content_Active":"Yes","End Date":"2029-12-31","Se
Action.c(975):     nt to QA":"2019-04-01T14:01:54.388-0500","id":"341057","StoreCodes":{"myArrayList":[]},"ke
Action.c(975):     y":"CS-63521"}},{"map":{"Friendly Tracking Description":"Global Tile - Holiday Cocktails",
Action.c(975):     "Targeted to User Event ID":"No","moduleType":"Content: Tile","SEO Excluded":"No","Custome
Action.c(975):     r Status":{"myArrayList":["New Customer","Existing Customer"]},"Approved":"2017-12-05T15:0
Action.c(975):     3:00.000-0600","Test Scripted Field":"<h2>new value</h2>","Test script field (migration)":
Action.c(975):     "CS-62677","Site_Location":"global_shelf_content","Customer Type":{"myArrayList":["Consume
Action.c(975):     r"]},"scheduledContentData":{"map":{"Body Copy":"Organic and Grass Fed!","Color Scheme: Pr
Action.c(975):     oduct":"Light Gray","Content ID":"1676645:XBXPI.jpg","parts":{"myArrayList":[]},"Button Li
Action.c(975):     nk":"/pages/npOrganicBeef","Test Scripted Field":"<h2>new value</h2>","id":"339669","Test 
Action.c(975):     script field (migration)":"CS-62674","Headline Copy":"Nature's Promise Beef","Button Type 
Action.c(975):     Tiles":"Internal Link","Alt Text":"Juicy steaks ready to cook","key":"CS-62674"}},"Schedul
Action.c(975):     ed_Priority":"1","Versions":"1","Start Date":"2019-03-07","Content_Active":"Yes","End Date
Action.c(975):     ":"2019-12-31","Sent to QA":"2019-03-07T10:23:50.430-0600","id":"339675","StoreCodes":{"my
Action.c(975):     ArrayList":[]},"key":"CS-62677"}},{"map":{"Friendly Tracking Description":"Tile - Merch We
Action.c(975):     ek 32 - Household Multiple EC Event + Landing Page\\t","moduleType":"Content: Tile","SEO E
Action.c(975):     xcluded":"No","Customer Status":{"myArrayList":["New Customer","Existing Customer"]},"Test
Action.c(975):      Scripted Field":"<h2>new value</h2>","Create Mul
Action.c(975): t=222122ms: 6512-byte DECODED response body for "https://stage.peapod.com/api/v2.0/cms?regions=%7B%22browse_aisles_top_category_hero%22:%7B%22limit%22:100,%22ff%22:%7B%22Browse+Aisles+Shelf+Category+Id%22:%5B2541%5D%7D%7D,%22browse_aisles_top_category_content%22:%7B%22ff%22:%7B%22Browse+Aisles+Shelf+Category+Id%22:%5B2541%5D%7D%7D,%22browse_aisles_top_category_body%22:%7B%22ff%22:%7B%22Browse+Aisles+Shelf+Category+Id%22:%5B2541%5D%7D%7D,%22browse_aisles_shelf_header%22:%7B%22ff%22:%7B%22Browse+Aisles+Shelf+Category+Id%22:%5B2541%5D%7D%7D,%22browse_aisles_shelf_tile%22:%7B%22ff%22:%7B%22Browse+Aisles+Shelf+Category+Id%22:%5B2541%5D%7D%7D,%22browse_aisles_shelf_content%22:%7B%22ff%22:%7B%22Browse+Aisles+Shelf+Category+Id%22:%5B2541%5D%7D,%22limit%22:100,%22aux%22:%7B%22global_shelf_content%22:%7B%22limit%22:100%7D%7D%7D%7D" (RelFrameId=1, Internal ID=96)
Action.c(975):     tipanel":{"myArrayList":["Left Panel","Right Panel"]},"Test script field (migration)":"CS-
Action.c(975):     74388","Site_Location":"global_shelf_content","Content Container URL Key":"household-eci",
Action.c(975):     "Customer Type":{"myArrayList":["Consumer"]},"scheduledContentData":{"map":{"Body Copy":"M
Action.c(975):     eal Prep & Cleanup","Button Link":"/pages/household-eci","Test Scripted Field":"<h2>new va
Action.c(975):     lue</h2>","Create Multipanel":{"myArrayList":["Left Panel","Right Panel"]},"Test script fi
Action.c(975):     eld (migration)":"CS-74386","Headline Copy":"Instant Savings!","Alt Text":"Meal Kits, Make
Action.c(975):      Dinner a Breeze, Prepped-Foods, Meals, Clean-Up, Brawny, Dixie, Mrs. Meyer's, Soap, Napki
Action.c(975):     ns, Paper Plates, Meal Kit Prep","Color Scheme: Product":"Light Gray","Content ID":"262777
Action.c(975):     6:45BGE.jpg","parts":{"myArrayList":[]},"Sent to QA":"2019-07-29T09:53:11.049-0500","id":"
Action.c(975):     356238","Button Type Tiles":"Internal Link","key":"CS-74386"}},"Scheduled_Priority":"1","S
Action.c(975):     tart Date":"2019-08-01","Content_Active":"Yes","End Date":"2020-01-01","Sent to QA":"2019-
Action.c(975):     07-29T09:53:35.549-0500","Page Title":"Instant Savings!","id":"356240","StoreCodes":{"myAr
Action.c(975):     rayList":[]},"key":"CS-74388"}},{"map":{"Friendly Tracking Description":"Quotient - Ad Mod
Action.c(975):     ule","moduleType":"Content: Quotient Ad","Customer Status":{"myArrayList":["New Customer",
Action.c(975):     "Existing Customer"]},"Business Days":"705 business days","Test Scripted Field":"<h2>new v
Action.c(975):     alue</h2>","Test script field (migration)":"CS-63526","Site_Location":"global_shelf_conten
Action.c(975):     t","Customer Type":{"myArrayList":["Consumer","Merchant"]},"scheduledContentData":{"map":{
Action.c(975):     "Targeted to User Event ID":"No","Contain Offer":"No","Test Scripted Field":"<h2>new value
Action.c(975):     </h2>","Create Multipanel":{"myArrayList":["Left Panel","Right Panel"]},"Existing Offer":"
Action.c(975):     No","Test script field (migration)":"CS-64380","Piece will be Mailed?":"No","Versions":"1"
Action.c(975):     ,"Specials Page Liner Placement":"No","parts":{"myArrayList":[]},"id":"342126","Logo Reque
Action.c(975):     sted":"No","key":"CS-64380"}},"Scheduled_Priority":"2","Start Date":"2019-04-01","Content_
Action.c(975):     Active":"Yes","End Date":"2029-12-31","Sent to QA":"2019-04-01T14:06:29.276-0500","id":"34
Action.c(975):     1062","StoreCodes":{"myArrayList":[]},"key":"CS-63526"}},{"map":{"Friendly Tracking Descri
Action.c(975):     ption":"BMSM Global Tile CMS","moduleType":"Content: Tile","SEO Excluded":"No","Customer S
Action.c(975):     tatus":{"myArrayList":["New Customer","Existing Customer"]},"Approved":"2019-10-22T20:51:4
Action.c(975):     8.783-0500","Test script field (migration)":"CS-87928","Site_Location":"global_shelf_conte
Action.c(975):     nt","Customer Type":{"myArrayList":["Consumer"]},"scheduledContentData":{"map":{"Color Sch
Action.c(975):     eme: Product":"Light Gray","Content ID":"2183674:PMXLT.jpg","parts":{"myArrayList":[]},"Bu
Action.c(975):     tton Link":"/pages/allBuyMoreSaveMore","id":"294707","Test script field (migration)":"CS-3
Action.c(975):     1069","Headline Copy":"View Deals","Button Type Tiles":"Internal Link","Alt Text":"Buy Mor
Action.c(975):     e Save More","key":"CS-31069"}},"Scheduled_Priority":"1","Start Date":"2019-10-22","Conten
Action.c(975):     t_Active":"Yes","End Date":"2029-12-31","Sent to QA":"2019-10-22T20:52:20.743-0500","id":"
Action.c(975):     374585","StoreCodes":{"myArrayList":[]},"key":"CS-87928"}},{"map":{"Friendly Tracking Desc
Action.c(975):     ription":"Global KWM - Merch Week 32 - Household Multiple EC Event + Landing Page","module
Action.c(975):     Type":"Content: Keyweb Lifestyle","SEO Excluded":"No","Customer Status":{"myArrayList":["N
Action.c(975):     ew Customer","Existing Customer"]},"Test Scripted Field":"<h2>new value</h2>","Create Mult
Action.c(975):     ipanel":{"myArrayList":["Left Panel","Right Panel"]},"Test script field (migration)":"CS-7
Action.c(975):     4421","Site_Location":"global_shelf_content","Content Container URL Key":"household-eci","
Action.c(975):     Customer Type":{"myArrayList":["Consumer"]},"scheduledContentData":{"map":{"Content ID: Mo
Action.c(975):     bile":"2627774:6M499.jpg","Headline Copy: Mobile":"Extra Savings on Meal Kit Prep & Cleanu
Action.c(975):     p!","Headline Copy: Desktop / Tablet / Mini Tablet":"Extra Savings on Meal Kit Prep & Clea
Action.c(975):     nup!","Button Link":"/pages/household-eci","Test Scripted Field":"<h2>new value</h2>","Bod
Action.c(975):     y Copy: Mobile":"Instant Coupons Available!","Create Multipanel":{"myArrayList":["Left Pan
Action.c(975):     el","Right Panel"]},"Test script field (migration)":"CS-74401","Button Type":"Internal Lin
Action.c(975):     k","Text Alignment":"Center","Alt Text: All Images":"Meal Kits, Make Dinner a Breeze, Prep
Action.c(975):     ped-Foods, Meals, Clean-Up, Brawny, Dixie, Mrs. Meyer's, Soap, Napkins, Paper Plates, Meal
Action.c(975):      Kit Prep","Content ID: Desktop":"2627777:URQFM.jpg","Content ID: Tablet":"2627775:T1YBV.j
Action.c(975):     pg","Content ID: Mini Tablet":"2627773:1REXA.jpg","parts":{"myArrayList":[]},"id":"356253"
Action.c(975):     ,"Color Scheme: Lifestyle":"Green","key":"CS-74401","Body Copy: Desktop / Tablet / Mini Ta
Action.c(975):     blet":"Instant coupons on Paper Plates, Napkins, Paper Towels + More!","Button Text":"Save
Action.c(975):      Now"}},"Scheduled_Priority":"1","Start Date":"2019-08-01","Content_Active":"Yes","End Dat
Action.c(975):     e":"2020-01-01","Sent to QA":"2019-07-29T09:54:05.848-0500","Page Title":"Instant Savings!
Action.c(975):     ","id":"356274","StoreCodes":{"myArrayList":[]},"key":"CS-74421"}},{"map":{"Friendly Track
Action.c(975):     ing Description":"Global Tile - Cooking Made Easy January 2019","SEO Excluded":"No","custo
Action.c(975):     mfield_14250":"No","Rejected":"2019-02-05T14:33:36.647-0600","Create Multipanel":{"myArray
Action.c(975):     List":["Left Panel","Right Panel"]},"Scheduled_Priority":"1","Start Date":"2019-02-07","id
Action.c(975):     ":"334972","StoreCodes":{"myArrayList":[]},"key":"CS-59323","Targeted to User Event ID":"N
Action.c(975):     o","moduleType":"Content: Tile","Customer Status":{"myArrayList":["New Customer","Existing
Action.c(975):      Customer"]},"Contain Offer":"No","Test Scripted Field":"<h2>new value</h2>","Test script 
Action.c(975):     field (migration)":"CS-59323","Site_Location":"global_shelf_content","Existing Offer":"Yes
Action.c(975):     ","Customer Type":{"myArrayList":["Consumer","Merchant"]},"scheduledContentData":{"map":{"
Action.c(975):     Targeted to User Event ID":"No","Contain Offer":"No","Approved":"2018-10-01T17:19:00.000-0
Action.c(975):     500","Button Link":"/pages/cookingMadeEasy","Test Scripted Field":"<h2>new value</h2>","Cr
Action.c(975):     eate Multipanel":{"myArrayList":["Left Panel","Right Panel"]},"Existing Offer":"Yes","Test
Action.c(975):      script field (migration)":"CS-59322","Headline Copy":"Cooking Made Easy","Alt Text":"Imag
Action.c(975):     e of prepared ingredients","Piece will be Mailed?":"No","Color Scheme: Product":"Light Gra
Action.c(975):     y","Versions":"1","Content ID":"2497930:4NYRM.jpg","parts":{"myArrayList":[]},"Sent to QA"
Action.c(975):     :"2019-01-23T11:59:00.000-0600","id":"334971","Logo Requested":"No","Button Type Tiles":"I
Action.c(975):     nternal Link","key":"CS-59322"}},"Piece will be Mailed?":"No","Content_Active":"Yes","Vers
Action.c(975):     ions":"1","End Date":"2029-12-31","Sent to QA":"2019-02-05T14:42:38.958-0600","Logo Reques
Action.c(975):     ted":"No"}}]},{"region":"browse_aisles_shelf_tile","contents":[]}],"resultCount":0},"sessi
Action.c(975):     onId":"IIFRJAZ4OWS4UCWWM4JCF3Q"}
Action.c(975): web_custom_request("cms_17") was successful, 4993 body bytes, 752 header bytes  	[MsgId: MMSG-26386]
Action.c(985): web_custom_request("log_4") started  	[MsgId: MMSG-26355]
Action.c(985): Warning: The string '"messages":["Mozilla/5.0 (Windows NT 10.0; Win64; x64) AppleWebKit/537.36 (KHTML, like Gecko) Chrome/78.0.3904.97 Safari/537.36||R|route_change|<path:\"/browse-aisles/categories/1/categories/1633-seafood\"><title:\"browse-aisles\"><resolution:\"1536x754\"><screenSize:\"desktop\"><mobileapp:\"0\">"]' with parameter delimiters is not a parameter.
Action.c(985): t=223194ms: 770-byte response headers for "https://stage.peapod.com/api/v2.0/client/log" (RelFrameId=1, Internal ID=97)
Action.c(985):     HTTP/1.1 200 OK\r\n
Action.c(985):     Date: Sun, 24 Nov 2019 16:43:00 GMT\r\n
Action.c(985):     Content-Type: application/json;charset=utf-8\r\n
Action.c(985):     Transfer-Encoding: chunked\r\n
Action.c(985):     Connection: keep-alive\r\n
Action.c(985):     Strict-Transport-Security: max-age=63072000; includeSubdomains;\r\n
Action.c(985):     access-control-allow-credentials: true\r\n
Action.c(985):     access-control-allow-origin:\r\n
Action.c(985):     Pragma: no-cache\r\n
Action.c(985):     Cache-Control: no-store\r\n
Action.c(985):     Expires: 0\r\n
Action.c(985):     Vary: Accept-Encoding,User-Agent\r\n
Action.c(985):     Content-Encoding: gzip\r\n
Action.c(985):     X-XSS-Protection: 1; mode=block\r\n
Action.c(985):     X-Content-Type-Options: nosniff\r\n
Action.c(985):     Strict-Transport-Security: max-age=86400; includeSubDomains\r\n
Action.c(985):     Content-Security-Policy: frame-ancestors 'self' *.giantfood.com\r\n
Action.c(985):     CF-Cache-Status: DYNAMIC\r\n
Action.c(985):     Expect-CT: max-age=604800, report-uri="https://report-uri.cloudflare.com/cdn-cgi/beacon/ex
Action.c(985):     pect-ct"\r\n
Action.c(985):     Server: cloudflare\r\n
Action.c(985):     CF-RAY: 53acd6e0e9e7ea18-IAD\r\n
Action.c(985):     \r\n
Action.c(985): t=223198ms: 125-byte ENCODED response body received for "https://stage.peapod.com/api/v2.0/client/log" (RelFrameId=1, Internal ID=97)
Action.c(985): t=223198ms: 114-byte DECODED response body for "https://stage.peapod.com/api/v2.0/client/log" (RelFrameId=1, Internal ID=97)
Action.c(985):     \n
Action.c(985):     \n
Action.c(985):     \n
Action.c(985):     \n
Action.c(985):             {"response":{"result":"SUCCESS","code":"MESSAGE_RECEIVED"},"sessionId":"IIFRJAZ4OW
Action.c(985):     S4UCWWM4JCF3Q"}\n
Action.c(985):         
Action.c(985): web_custom_request("log_4") was successful, 125 body bytes, 770 header bytes  	[MsgId: MMSG-26386]
Action.c(997): web_custom_request("log_5") started  	[MsgId: MMSG-26355]
Action.c(997): Warning: The string '"messages":["Mozilla/5.0 (Windows NT 10.0; Win64; x64) AppleWebKit/537.36 (KHTML, like Gecko) Chrome/78.0.3904.97 Safari/537.36||R|route_change|<path:\"/browse-aisles/categories/1/categories/1633-seafood\"><title:\"browse-aisles\"><resolution:\"1536x754\"><screenSize:\"desktop\"><mobileapp:\"0\">"]' with parameter delimiters is not a parameter.
Action.c(997): t=224230ms: 770-byte response headers for "https://stage.peapod.com/api/v2.0/client/log" (RelFrameId=1, Internal ID=98)
Action.c(997):     HTTP/1.1 200 OK\r\n
Action.c(997):     Date: Sun, 24 Nov 2019 16:43:01 GMT\r\n
Action.c(997):     Content-Type: application/json;charset=utf-8\r\n
Action.c(997):     Transfer-Encoding: chunked\r\n
Action.c(997):     Connection: keep-alive\r\n
Action.c(997):     Strict-Transport-Security: max-age=63072000; includeSubdomains;\r\n
Action.c(997):     access-control-allow-credentials: true\r\n
Action.c(997):     access-control-allow-origin:\r\n
Action.c(997):     Pragma: no-cache\r\n
Action.c(997):     Cache-Control: no-store\r\n
Action.c(997):     Expires: 0\r\n
Action.c(997):     Vary: Accept-Encoding,User-Agent\r\n
Action.c(997):     Content-Encoding: gzip\r\n
Action.c(997):     X-XSS-Protection: 1; mode=block\r\n
Action.c(997):     X-Content-Type-Options: nosniff\r\n
Action.c(997):     Strict-Transport-Security: max-age=86400; includeSubDomains\r\n
Action.c(997):     Content-Security-Policy: frame-ancestors 'self' *.giantfood.com\r\n
Action.c(997):     CF-Cache-Status: DYNAMIC\r\n
Action.c(997):     Expect-CT: max-age=604800, report-uri="https://report-uri.cloudflare.com/cdn-cgi/beacon/ex
Action.c(997):     pect-ct"\r\n
Action.c(997):     Server: cloudflare\r\n
Action.c(997):     CF-RAY: 53acd6e7680bea34-IAD\r\n
Action.c(997):     \r\n
Action.c(997): t=224234ms: 125-byte ENCODED response body received for "https://stage.peapod.com/api/v2.0/client/log" (RelFrameId=1, Internal ID=98)
Action.c(997): t=224234ms: 114-byte DECODED response body for "https://stage.peapod.com/api/v2.0/client/log" (RelFrameId=1, Internal ID=98)
Action.c(997):     \n
Action.c(997):     \n
Action.c(997):     \n
Action.c(997):     \n
Action.c(997):             {"response":{"result":"SUCCESS","code":"MESSAGE_RECEIVED"},"sessionId":"IIFRJAZ4OW
Action.c(997):     S4UCWWM4JCF3Q"}\n
Action.c(997):         
Action.c(997): web_custom_request("log_5") was successful, 125 body bytes, 770 header bytes  	[MsgId: MMSG-26386]
Action.c(1009): Notify: Transaction "S01_PRISM_Peapod_SIT_SignIn_Checkout_T04_Browse_Aisles_Seafood" ended with a "Pass" status (Duration: 17.1384).
Action.c(1013): Notify: Transaction "S01_PRISM_Peapod_SIT_SignIn_Checkout_T05_Seafood_Fish" started.
Action.c(1015): web_custom_request("1634") started  	[MsgId: MMSG-26355]
Action.c(1015): t=225254ms: 728-byte response headers for "https://stage.peapod.com/api/v2.0/user/categories/1634?pc=true" (RelFrameId=1, Internal ID=99)
Action.c(1015):     HTTP/1.1 200 OK\r\n
Action.c(1015):     Date: Sun, 24 Nov 2019 16:43:02 GMT\r\n
Action.c(1015):     Content-Type: application/json;charset=utf-8\r\n
Action.c(1015):     Transfer-Encoding: chunked\r\n
Action.c(1015):     Connection: keep-alive\r\n
Action.c(1015):     CF-Ray: 53acd6eddcbb57c3-IAD\r\n
Action.c(1015):     Content-Encoding: gzip\r\n
Action.c(1015):     CF-Cache-Status: DYNAMIC\r\n
Action.c(1015):     Cache-Control: no-store\r\n
Action.c(1015):     Expires: 0\r\n
Action.c(1015):     Strict-Transport-Security: max-age=63072000; includeSubdomains;, max-age=86400; includeSub
Action.c(1015):     Domains\r\n
Action.c(1015):     Vary: Accept-Encoding,User-Agent\r\n
Action.c(1015):     access-control-allow-credentials: true\r\n
Action.c(1015):     Content-Security-Policy: frame-ancestors 'self' *.giantfood.com\r\n
Action.c(1015):     Expect-CT: max-age=604800, report-uri="https://report-uri.cloudflare.com/cdn-cgi/beacon/ex
Action.c(1015):     pect-ct"\r\n
Action.c(1015):     Pragma: no-cache\r\n
Action.c(1015):     X-Content-Type-Options: nosniff\r\n
Action.c(1015):     X-sw-debug: 1\r\n
Action.c(1015):     X-XSS-Protection: 1; mode=block\r\n
Action.c(1015):     Server: cloudflare\r\n
Action.c(1015):     \r\n
Action.c(1015): t=225258ms: 302-byte ENCODED response body received for "https://stage.peapod.com/api/v2.0/user/categories/1634?pc=true" (RelFrameId=1, Internal ID=99)
Action.c(1015): t=225259ms: 1030-byte DECODED response body for "https://stage.peapod.com/api/v2.0/user/categories/1634?pc=true" (RelFrameId=1, Internal ID=99)
Action.c(1015):     \n
Action.c(1015):     \n
Action.c(1015):     \n
Action.c(1015):     \n
Action.c(1015):             {"response":{"category":{"categoryId":2542,"categoryTreeId":1634,"consumCatId":465
Action.c(1015):     ,"categoryName":"Fish"},"childCategories":[{"productCount":3,"categoryId":2544,"categoryTr
Action.c(1015):     eeId":1636,"consumCatId":0,"categoryName":"Cod","hasChildren":false},{"productCount":2,"ca
Action.c(1015):     tegoryId":2556,"categoryTreeId":4072,"consumCatId":465,"categoryName":"Flounder","hasChild
Action.c(1015):     ren":false},{"productCount":3,"categoryId":2557,"categoryTreeId":4068,"consumCatId":465,"c
Action.c(1015):     ategoryName":"Haddock","hasChildren":false},{"productCount":3,"categoryId":2547,"categoryT
Action.c(1015):     reeId":1652,"consumCatId":465,"categoryName":"Salmon","hasChildren":false},{"productCount"
Action.c(1015):     :3,"categoryId":2548,"categoryTreeId":1653,"consumCatId":465,"categoryName":"Swordfish","h
Action.c(1015):     asChildren":false},{"productCount":3,"categoryId":2549,"categoryTreeId":1654,"consumCatId"
Action.c(1015):     :465,"categoryName":"Tilapia","hasChildren":false},{"productCount":2,"categoryId":2551,"ca
Action.c(1015):     tegoryTreeId":1656,"consumCatId":465,"categoryName":"Tuna","hasChildren":false}]},"session
Action.c(1015):     Id":"IIFRJAZ4OWS4UCWWM4JCF3Q"}\n
Action.c(1015):         \n
Action.c(1015): web_custom_request("1634") was successful, 302 body bytes, 728 header bytes  	[MsgId: MMSG-26386]
Action.c(1024): web_custom_request("products_4") started  	[MsgId: MMSG-26355]
Action.c(1024): t=226493ms: 710-byte response headers for "https://stage.peapod.com/api/v3.0/user/products?catTreeId=1634&facet=categories,brands,nutrition,specials,newArrivals,privateLabel&facetExcludeFilter=true&filter=&flags=true&hkInclude=true&nutrition=true&rows=120&sort=itemsPurchased+desc,+name+asc&start=0&substitute=true" (RelFrameId=1, Internal ID=100)
Action.c(1024):     HTTP/1.1 200 OK\r\n
Action.c(1024):     Date: Sun, 24 Nov 2019 16:43:03 GMT\r\n
Action.c(1024):     Content-Type: application/json;charset=utf-8\r\n
Action.c(1024):     Transfer-Encoding: chunked\r\n
Action.c(1024):     Connection: keep-alive\r\n
Action.c(1024):     CF-Ray: 53acd6f3ee3ce0fe-IAD\r\n
Action.c(1024):     Content-Encoding: gzip\r\n
Action.c(1024):     CF-Cache-Status: DYNAMIC\r\n
Action.c(1024):     Cache-Control: no-store\r\n
Action.c(1024):     Expires: 0\r\n
Action.c(1024):     Strict-Transport-Security: max-age=63072000; includeSubdomains;, max-age=86400; includeSub
Action.c(1024):     Domains\r\n
Action.c(1024):     Vary: Accept-Encoding,User-Agent\r\n
Action.c(1024):     access-control-allow-credentials: true\r\n
Action.c(1024):     Content-Security-Policy: frame-ancestors 'self' *.giantfood.com\r\n
Action.c(1024):     Expect-CT: max-age=604800, report-uri="https://report-uri.cloudflare.com/cdn-cgi/beacon/ex
Action.c(1024):     pect-ct"\r\n
Action.c(1024):     X-Content-Type-Options: nosniff\r\n
Action.c(1024):     X-sw-debug: 1\r\n
Action.c(1024):     X-XSS-Protection: 1; mode=block\r\n
Action.c(1024):     Server: cloudflare\r\n
Action.c(1024):     \r\n
Action.c(1024): t=226496ms: 653-byte ENCODED response body received for "https://stage.peapod.com/api/v3.0/user/products?catTreeId=1634&facet=categories,brands,nutrition,specials,newArrivals,privateLabel&facetExcludeFilter=true&filter=&flags=true&hkInclude=true&nutrition=true&rows=120&sort=itemsPurchased+desc,+name+asc&start=0&substitute=true" (RelFrameId=1, Internal ID=100)
Action.c(1024): t=226497ms: 681-byte DECODED response body for "https://stage.peapod.com/api/v3.0/user/products?catTreeId=1634&facet=categories,brands,nutrition,specials,newArrivals,privateLabel&facetExcludeFilter=true&filter=&flags=true&hkInclude=true&nutrition=true&rows=120&sort=itemsPurchased+desc,+name+asc&start=0&substitute=true" (RelFrameId=1, Internal ID=100)
Action.c(1024):     {"response":{"pageBeacon":"//b-uat.hlserve.com/beacon?fid=101&hl_qs_cmp=MG57SLAwgJ%2fvGW1e
Action.c(1024):     RSvcJBPG2NhljHTbBqNn7vcVkQg6%2b8EUlwPdygfY0%2bz7VQpGiZr9Vg7xAAJrpJiJ9%2baBqRJmyIeE1nTMGGsu
Action.c(1024):     %2f8B2yIZu1XJq7tmSgWa2lsVz909qOCFWAG4uf6JQqi9oSMsS3qRd0Vk0UuImu1U1CzKJXm97sg4Uf%2bBkR1LxPn
Action.c(1024):     IuWKB6OZHUa9YErs1XwozfCLyIdjobW2R8g2cnrcPb0ncs%2b9dLdDENmrtpzJ6sGpDO9z2cDJfwUZCVy7dWkOvheB
Action.c(1024):     a8Q0D6oIFGnCjYAyDa9JtvS5uGuk%2f%2bcDlmINI84O7eOQZqq5LU%2bWoAduF4J0dom%2bdSQRhXhnTw3Xyr6e7Q
Action.c(1024):     YrTXT%2fJmSw1hv%2fD5QCqNr66C8bz998dTSNa8kuqdiSnIrj%2fd0YyQngNOsItlXMnl9b%2fpvMSVylYNvFBy9b
Action.c(1024):     34Za4z3RUi&ev=2&action=universal&pid=24d747ec-461b-427e-973d-f9333e988d3d&rn=771761105&hmg
Action.c(1024):     uid=e76c6897-be71-4eb2-b140-a0400850dce6&ashown=non
Action.c(1024): t=226498ms: 4621-byte ENCODED response body received for "https://stage.peapod.com/api/v3.0/user/products?catTreeId=1634&facet=categories,brands,nutrition,specials,newArrivals,privateLabel&facetExcludeFilter=true&filter=&flags=true&hkInclude=true&nutrition=true&rows=120&sort=itemsPurchased+desc,+name+asc&start=0&substitute=true" (RelFrameId=1, Internal ID=100)
Action.c(1024): t=226499ms: 12288-byte DECODED response body for "https://stage.peapod.com/api/v3.0/user/products?catTreeId=1634&facet=categories,brands,nutrition,specials,newArrivals,privateLabel&facetExcludeFilter=true&filter=&flags=true&hkInclude=true&nutrition=true&rows=120&sort=itemsPurchased+desc,+name+asc&start=0&substitute=true" (RelFrameId=1, Internal ID=100)
Action.c(1024):     e","hooklogicProductIds":"none","category":{"categoryId":2542,"categoryTreeId":1634,"categ
Action.c(1024):     oryName":"Fish"},"facets":{"nutrition":[{"name":"Guiding Stars 1+","id":"GUIDING_STARS_1",
Action.c(1024):     "count":16},{"name":"Guiding Stars 2+","id":"GUIDING_STARS_2","count":15},{"name":"Guiding
Action.c(1024):      Stars 3","id":"GUIDING_STARS_3","count":15},{"name":"Healthy Ideas","id":"HEALTHY_IDEAS",
Action.c(1024):     "count":9},{"name":"Low Calorie","id":"LOW_CALORIE","count":10},{"name":"Sugar-Free","id":
Action.c(1024):     "SUGARFREE","count":5},{"name":"USDA Low Fat","id":"USDA_LOW_FAT","count":12},{"name":"USD
Action.c(1024):     A Low Sodium","id":"USDA_LOW_SODIUM","count":13}],"brands":[{"name":"Nature's Promise","id
Action.c(1024):     ":"128","count":7},{"name":"Fresh Seafood","id":"557","count":9},{"name":"Our Brand","id":
Action.c(1024):     "5909","count":3}],"categories":[{"name":"Cod","id":"2544","count":3},{"name":"Salmon","id
Action.c(1024):     ":"2547","count":3},{"name":"Swordfish","id":"2548","count":3},{"name":"Tilapia","id":"254
Action.c(1024):     9","count":3},{"name":"Tuna","id":"2551","count":2},{"name":"Flounder","id":"2556","count"
Action.c(1024):     :2},{"name":"Haddock","id":"2557","count":3}]},"simpleFacets":[{"id":"specials","count":0}
Action.c(1024):     ,{"id":"newArrivals","count":0},{"id":"privateLabel","count":10}],"productGroups":{},"hasN
Action.c(1024):     utrition":true,"products":[{"prodId":140290,"name":"Salmon Fillets Skin-On Farm-Raised Fre
Action.c(1024):     sh","size":"APX 1 LB","unitPrice":9.99,"unitMeasure":"LB","price":9.99,"regularPrice":9.99
Action.c(1024):     ,"rootCatId":2541,"rootCatSeq":4,"rootCatName":"Seafood","upc":"25442300000","hasSubstitut
Action.c(1024):     e":true,"substituteId":219448,"rating":0.0,"ratingReviewsSuppressed":false,"marketSpecific
Action.c(1024):     Reviews":false,"reviewId":"140290-PPDALL","brandId":557,"brand":"Fresh Seafood","subcatId"
Action.c(1024):     :2547,"subcatName":"Salmon","flags":{"sample":false,"suppressed":false,"active":true,"outO
Action.c(1024):     fStock":false,"specialCode":" ","upromise":false,"newArrival":false,"privateLabel":false,"
Action.c(1024):     preferredItem":false,"bogo":false,"sale":false,"lowPriceEveryday":false,"organic":false,"d
Action.c(1024):     airy":false,"egg":false,"gluten":false,"kosher":false,"peanut":false,"nonGMO":false,"vegan
Action.c(1024):     ":false,"vegeterian":false,"lactoseFree":false,"antibioticFree":false,"wheatFree":false,"h
Action.c(1024):     ormoneFree":false,"nitrateFree":false,"nitriteFree":false,"natural":false},"image":{"small
Action.c(1024):     ":"https://i5.peapod.com/c/2F/2FWXO.jpg","medium":"https://i5.peapod.com/c/O6/O6JCB.jpg","
Action.c(1024):     large":"https://i5.peapod.com/c/HH/HHI8O.jpg","xlarge":"https://i5.peapod.com/c/45/457SP.j
Action.c(1024):     pg"},"nutrition":{"nutritionShow":true,"servingSize":"3 OZ","servingsPerContainer":"VARIES
Action.c(1024):     ","totalCalories":177.0,"totalCaloriesShow":true,"fatCalories":102.66,"fatCaloriesShow":tr
Action.c(1024):     ue,"totalFat":11.41,"totalFatShow":true,"totalFatPct":17.55,"totalFatPctShow":true,"totalF
Action.c(1024):     atUnit":"g","saturatedFat":2.59,"saturatedFatShow":true,"saturatedFatPct":12.96,"saturated
Action.c(1024):     FatPctShow":true,"saturatedFatUnit":"g","transFat":0.0,"transFatUnit":"g","transFatShow":t
Action.c(1024):     rue,"polyunsaturatedFat":3.3,"polyunsaturatedFatUnit":"g","polyunsaturatedFatShow":true,"m
Action.c(1024):     onounsaturatedFat":3.2,"monounsaturatedFatUnit":"g","monounsaturatedFatShow":true,"cholest
Action.c(1024):     erol":46.75,"cholesterolShow":true,"cholesterolPct":15.58,"cholesterolPctShow":true,"chole
Action.c(1024):     sterolUnit":"mg","sodium":50.15,"sodiumShow":true,"sodiumPct":2.09,"sodiumPctShow":true,"s
Action.c(1024):     odiumUnit":"mg","potassium":308.55,"potassiumShow":true,"potassiumPct":6.56,"potassiumPctS
Action.c(1024):     how":true,"potassiumUnit":"mg","totalCarbs":0.0,"totalCarbsShow":true,"totalCarbsPct":0.0,
Action.c(1024):     "totalCarbsPctShow":true,"totalCarbsUnit":"g","dietaryFiber":0.0,"dietaryFiberShow":true,"
Action.c(1024):     dietaryFiberPct":0.0,"dietaryFiberPctShow":true,"dietaryFiberUnit":"g","sugar":0.0,"sugarU
Action.c(1024):     nit":"g","sugarShow":true,"sugarAlcoholUnit":"g","sugarAlcoholShow":false,"otherCarbs":0.0
Action.c(1024):     ,"otherCarbsUnit":"g","otherCarbsShow":true,"protein":17.36,"proteinUnit":"g","proteinShow
Action.c(1024):     ":true,"vitaminAPct":0.85,"vitaminAShow":true,"vitaminCPct":4.42,"vitaminCShow":true,"iron
Action.c(1024):     Pct":0.01,"ironShow":true,"calciumPct":0.77,"calciumShow":true,"ww":5,"wwShow":true},"bmsm
Action.c(1024):     ":false,"bmsmTiers":[],"guidingStars":3,"options":[],"suppressSwapAndSave":false,"productC
Action.c(1024):     ategoryId":3733,"hasPriceAdjustment":false,"hasPickStoreLocation":false,"hasCoupon":false}
Action.c(1024):     ,{"prodId":212536,"name":"Nature's Promise Salmon Portions Farm-Raised Fresh","size":"5 OZ
Action.c(1024):      PKG","unitPrice":19.32,"unitMeasure":"LB","price":5.99,"regularPrice":5.99,"rootCatId":25
Action.c(1024):     41,"rootCatSeq":4,"rootCatName":"Seafood","upc":"26151600000","hasSubstitute":false,"ratin
Action.c(1024):     g":0.0,"ratingReviewsSuppressed":false,"marketSpecificReviews":false,"reviewId":"212536-PP
Action.c(1024):     DALL","brandId":128,"brand":"Nature's Promise","subcatId":2547,"subcatName":"Salmon","flag
Action.c(1024):     s":{"sample":false,"suppressed":false,"active":true,"outOfStock":false,"specialCode":" ","
Action.c(1024):     upromise":false,"newArrival":false,"privateLabel":true,"preferredItem":false,"bogo":false,
Action.c(1024):     "sale":false,"lowPriceEveryday":false,"organic":false,"dairy":false,"egg":false,"gluten":f
Action.c(1024):     alse,"kosher":false,"peanut":false,"nonGMO":false,"vegan":false,"vegeterian":false,"lactos
Action.c(1024):     eFree":false,"antibioticFree":false,"wheatFree":false,"hormoneFree":false,"nitrateFree":fa
Action.c(1024):     lse,"nitriteFree":false,"natural":false},"image":{"small":"https://i5.peapod.com/c/HJ/HJTA
Action.c(1024):     O.jpg","medium":"https://i5.peapod.com/c/BA/BAXJE.jpg","large":"https://i5.peapod.com/c/OZ
Action.c(1024):     /OZV3I.jpg","xlarge":"https://i5.peapod.com/c/UG/UGE42.jpg"},"nutrition":{"nutritionShow":
Action.c(1024):     true,"servingSize":"3 OZ","servingsPerContainer":"VARIES","totalCalories":176.8,"totalCalo
Action.c(1024):     riesShow":true,"fatCalories":102.66,"fatCaloriesShow":true,"totalFat":11.4,"totalFatShow":
Action.c(1024):     true,"totalFatPct":17.54,"totalFatPctShow":true,"totalFatUnit":"g","saturatedFat":2.59,"sa
Action.c(1024):     turatedFatShow":true,"saturatedFatPct":12.96,"saturatedFatPctShow":true,"saturatedFatUnit"
Action.c(1024):     :"g","transFat":0.0,"transFatUnit":"g","transFatShow":true,"polyunsaturatedFat":3.3,"polyu
Action.c(1024):     nsaturatedFatUnit":"g","polyunsaturatedFatShow":true,"monounsaturatedFat":3.2,"monounsatur
Action.c(1024):     atedFatUnit":"g","monounsaturatedFatShow":true,"cholesterol":46.75,"cholesterolShow":true,
Action.c(1024):     "cholesterolPct":15.58,"cholesterolPctShow":true,"cholesterolUnit":"mg","sodium":50.15,"so
Action.c(1024):     diumShow":true,"sodiumPct":2.08,"sodiumPctShow":true,"sodiumUnit":"mg","potassium":308.55,
Action.c(1024):     "potassiumShow":true,"potassiumPct":6.56,"potassiumPctShow":true,"potassiumUnit":"mg","tot
Action.c(1024):     alCarbs":0.0,"totalCarbsShow":true,"totalCarbsPct":0.0,"totalCarbsPctShow":true,"totalCarb
Action.c(1024):     sUnit":"g","dietaryFiber":0.0,"dietaryFiberShow":true,"dietaryFiberPct":0.0,"dietaryFiberP
Action.c(1024):     ctShow":true,"dietaryFiberUnit":"g","sugar":0.0,"sugarUnit":"g","sugarShow":true,"sugarAlc
Action.c(1024):     oholUnit":"g","sugarAlcoholShow":false,"otherCarbs":0.0,"otherCarbsUnit":"g","otherCarbsSh
Action.c(1024):     ow":true,"protein":17.35,"proteinUnit":"g","proteinShow":true,"vitaminAPct":3.28,"vitaminA
Action.c(1024):     Show":true,"vitaminCPct":4.42,"vitaminCShow":true,"ironPct":1.6,"ironShow":true,"calciumPc
Action.c(1024):     t":0.76,"calciumShow":true,"ww":5,"wwShow":true},"bmsm":false,"bmsmTiers":[],"guidingStars
Action.c(1024):     ":3,"options":[],"suppressSwapAndSave":false,"productCategoryId":3734,"hasPriceAdjustment"
Action.c(1024):     :false,"hasPickStoreLocation":false,"hasCoupon":false},{"prodId":9833,"name":"Tilapia Fill
Action.c(1024):     ets Boneless Fresh","size":"APX 3/4 LB","unitPrice":7.29,"unitMeasure":"LB","price":5.47,"
Action.c(1024):     regularPrice":5.47,"rootCatId":2541,"rootCatSeq":4,"rootCatName":"Seafood","upc":"20866500
Action.c(1024):     000","hasSubstitute":true,"substituteId":38859,"rating":0.0,"ratingReviewsSuppressed":fals
Action.c(1024):     e,"marketSpecificReviews":false,"reviewId":"9833-PPDALL","brandId":557,"brand":"Fresh Seaf
Action.c(1024):     ood","subcatId":2549,"subcatName":"Tilapia","flags":{"sample":false,"suppressed":false,"ac
Action.c(1024):     tive":true,"outOfStock":false,"specialCode":" ","upromise":false,"newArrival":false,"priva
Action.c(1024):     teLabel":false,"preferredItem":false,"bogo":false,"sale":false,"lowPriceEveryday":false,"o
Action.c(1024):     rganic":false,"dairy":false,"egg":false,"gluten":false,"kosher":false,"peanut":false,"nonG
Action.c(1024):     MO":false,"vegan":false,"vegeterian":false,"lactoseFree":false,"antibioticFree":false,"whe
Action.c(1024):     atFree":false,"hormoneFree":false,"nitrateFree":false,"nitriteFree":false,"natural":false}
Action.c(1024):     ,"image":{"small":"https://i5.peapod.com/c/35/35AW6.jpg","medium":"https://i5.peapod.com/c
Action.c(1024):     /TE/TEJGL.jpg","large":"https://i5.peapod.com/c/FJ/FJ8HT.jpg","xlarge":"https://i5.peapod.
Action.c(1024):     com/c/65/65ERE.jpg"},"nutrition":{"nutritionShow":true,"servingSize":"3 OZ","servingsPerCo
Action.c(1024):     ntainer":"VARIES","totalCalories":81.6,"totalCaloriesShow":true,"fatCalories":13.0,"fatCal
Action.c(1024):     oriesShow":true,"totalFat":1.44,"totalFatShow":true,"totalFatPct":2.22,"totalFatPctShow":t
Action.c(1024):     rue,"totalFatUnit":"g","saturatedFat":0.49,"saturatedFatShow":true,"saturatedFatPct":2.48,
Action.c(1024):     "saturatedFatPctShow":true,"saturatedFatUnit":"g","transFat":0.0,"transFatUnit":"g","trans
Action.c(1024):     FatShow":true,"polyunsaturatedFat":0.3,"polyunsaturatedFatUnit":"g","polyunsaturatedFatSho
Action.c(1024):     w":true,"monounsaturatedFat":0.42,"monounsaturatedFatUnit":"g","monounsaturatedFatShow":tr
Action.c(1024):     ue,"cholesterol":42.5,"cholesterolShow":true,"cholesterolPct":14.16,"cholesterolPctShow":t
Action.c(1024):     rue,"cholesterolUnit":"mg","sodium":44.2,"sodiumShow":true,"sodiumPct":1.84,"sodiumPctShow
Action.c(1024):     ":true,"sodiumUnit":"mg","potassium":256.7,"potassiumShow":true,"potassiumPct":5.46,"potas
Action.c(1024):     siumPctShow":true,"potassiumUnit":"mg","totalCarbs":0.0,"totalCarbsShow":true,"totalCarbsP
Action.c(1024):     ct":0.0,"totalCarbsPctShow":true,"totalCarbsUnit":"g","dietaryFiber":0.0,"dietaryFiberShow
Action.c(1024):     ":true,"dietaryFiberPct":0.0,"dietaryFiberPctShow":true,"dietaryFiberUnit":"g","sugar":0.0
Action.c(1024):     ,"sugarUnit":"g","sugarShow":true,"sugarAlcoholUnit":"g","sugarAlcoholShow":false,"otherCa
Action.c(1024):     rbs":0.0,"otherCarbsUnit":"g","otherCarbsShow":true,"protein":17.06,"proteinUnit":"g","pro
Action.c(1024):     teinShow":true,"vitaminAPct":0.0,"vitaminAShow":true,"vitaminCPct":0.0,"vitaminCShow":true
Action.c(1024):     ,"ironPct":0.01,"ironShow":true,"calciumPct":0.85,"calciumShow":true,"ww":2,"wwShow":true}
Action.c(1024):     ,"bmsm":false,"bmsmTiers":[],"guidingStars":0,"options":[],"suppressSwapAndSave":false,"pr
Action.c(1024):     oductCategoryId":3739,"hasPriceAdjustment":false,"hasPickStoreLocation":false,"hasCoupon":
Action.c(1024):     false},{"prodId":38859,"name":"Cod Fillets Boneless Previously Frozen","size":"APX 1 LB","
Action.c(1024):     unitPrice":7.99,"unitMeasure":"LB","price":7.99,"regularPrice":7.99,"rootCatId":2541,"root
Action.c(1024):     CatSeq":4,"rootCatName":"Seafood","upc":"20871880000","hasSubstitute":true,"substituteId":
Action.c(1024):     155504,"rating":0.0,"ratingReviewsSuppressed":false,"marketSpecificReviews":false,"reviewI
Action.c(1024):     d":"38859-PPDALL","brandId":557,"brand":"Fresh Seafood","subcatId":2544,"subcatName":"Cod"
Action.c(1024):     ,"flags":{"sample":false,"suppressed":false,"active":true,"outOfStock":false,"specialCode"
Action.c(1024):     :" ","upromise":false,"newArrival":false,"privateLabel":false,"preferredItem":false,"bogo"
Action.c(1024):     :false,"sale":false,"lowPriceEveryday":false,"organic":false,"dairy":false,"egg":false,"gl
Action.c(1024):     uten":false,"kosher":false,"peanut":false,"nonGMO":false,"vegan":false,"vegeterian":false,
Action.c(1024):     "lactoseFree":false,"antibioticFree":false,"wheatFree":false,"hormoneFree":false,"nitrateF
Action.c(1024):     ree":false,"nitriteFree":false,"natural":false},"image":{"small":"https://i5.peapod.com/c/
Action.c(1024):     E3/E3EBO.jpg","medium":"https://i5.peapod.com/c/KJ/KJR3T.jpg","large":"https://i5.peapod.c
Action.c(1024):     om/c/T2/T2625.jpg","xlarge":"https://i5.peapod.com/c/YR/YRGJC.jpg"},"nutrition":{"nutritio
Action.c(1024):     nShow":true,"servingSize":"1 FILLET","servingsPerContainer":"1","totalCalories":235.0,"tot
Action.c(1024):     alCaloriesShow":true,"fatCalories":12.55,"fatCaloriesShow":true,"totalFat":1.39,"totalFatS
Action.c(1024):     how":true,"totalFatPct":2.15,"totalFatPctShow":true,"totalFatUnit":"g","saturatedFat":0.29
Action.c(1024):     ,"saturatedFatShow":true,"saturatedFatPct":1.45,"saturatedFatPctShow":true,"saturatedFatUn
Action.c(1024):     it":"g","transFat":0.02,"transFatUnit":"g","transFatShow":true,"polyunsaturatedFat":0.56,"
Action.c(1024):     polyunsaturatedFatUnit":"g","polyunsaturatedFatShow":true,"monounsaturatedFat":0.25,"monou
Action.c(1024):     nsaturatedFatUnit":"g","monounsaturatedFatShow":true,"cholesterol":159.89,"cholesterolShow
Action.c(1024):     ":true,"cholesterolPct":53.3,"cholesterolPctShow":true,"cholesterolUnit":"mg","sodium":103
Action.c(1024):     0.81,"sodiumShow":true,"sodiumPct":42.95,"sodiumPctShow":true,"sodiumUnit":"mg","potassium
Action.c(1024):     ":799.47,"potassiumShow":true,"potassiumPct":17.01,"potassiumPctShow":true,"potassiumUnit"
Action.c(1024):     :"mg","totalCarbs":0.0,"totalCarbsShow":true,"totalCarbsPct":0.0,"totalCarbsPctShow":true,
Action.c(1024):     "totalCarbsUnit":"g","dietaryFiber":0.0,"dietaryFiberShow":true,"dietaryFiberPct":0.0,"die
Action.c(1024):     taryFiberPctShow":true,"dietaryFiberUnit":"g","sugar":0.0,"sugarUnit":"g","sugarShow":true
Action.c(1024):     ,"sugarAlcoholUnit":"g","sugarAlcoholShow":false,"otherCarbs":0.0,"otherCarbsUnit":"g","ot
Action.c(1024):     herCarbsShow":true,"protein":51.95,"proteinUnit":"g","proteinShow":true,"vitaminAPct":0.41
Action.c(1024):     ,"vitaminAShow":true,"vitaminCPct":0.0,"vitaminC
Action.c(1024): t=226516ms: 12288-byte DECODED response body for "https://stage.peapod.com/api/v3.0/user/products?catTreeId=1634&facet=categories,brands,nutrition,specials,newArrivals,privateLabel&facetExcludeFilter=true&filter=&flags=true&hkInclude=true&nutrition=true&rows=120&sort=itemsPurchased+desc,+name+asc&start=0&substitute=true" (RelFrameId=1, Internal ID=100)
Action.c(1024):     Show":true,"ironPct":0.0,"ironShow":true,"calciumPct":2.72,"calciumShow":true,"ww":5,"wwSh
Action.c(1024):     ow":true},"bmsm":false,"bmsmTiers":[],"guidingStars":3,"options":[],"suppressSwapAndSave":
Action.c(1024):     false,"productCategoryId":3724,"hasPriceAdjustment":false,"hasPickStoreLocation":false,"ha
Action.c(1024):     sCoupon":false},{"prodId":219448,"name":"Nature's Promise Salmon Fillets Fresh","size":"AP
Action.c(1024):     X 3/4 LB","unitPrice":9.99,"unitMeasure":"LB","price":7.49,"regularPrice":7.49,"rootCatId"
Action.c(1024):     :2541,"rootCatSeq":4,"rootCatName":"Seafood","upc":"24480100000","hasSubstitute":true,"sub
Action.c(1024):     stituteId":140290,"rating":0.0,"ratingReviewsSuppressed":false,"marketSpecificReviews":fal
Action.c(1024):     se,"reviewId":"219448-PPDALL","brandId":128,"brand":"Nature's Promise","subcatId":2547,"su
Action.c(1024):     bcatName":"Salmon","flags":{"sample":false,"suppressed":false,"active":true,"outOfStock":f
Action.c(1024):     alse,"specialCode":" ","upromise":false,"newArrival":false,"privateLabel":true,"preferredI
Action.c(1024):     tem":false,"bogo":false,"sale":false,"lowPriceEveryday":false,"organic":false,"dairy":fals
Action.c(1024):     e,"egg":false,"gluten":false,"kosher":false,"peanut":false,"nonGMO":false,"vegan":false,"v
Action.c(1024):     egeterian":false,"lactoseFree":false,"antibioticFree":false,"wheatFree":false,"hormoneFree
Action.c(1024):     ":false,"nitrateFree":false,"nitriteFree":false,"natural":false},"image":{"small":"https:/
Action.c(1024):     /i5.peapod.com/c/HO/HOIW0.jpg","medium":"https://i5.peapod.com/c/8H/8H79G.jpg","large":"ht
Action.c(1024):     tps://i5.peapod.com/c/3C/3C7XH.jpg","xlarge":"https://i5.peapod.com/c/25/25O4K.jpg"},"nutr
Action.c(1024):     ition":{"nutritionShow":true,"servingSize":"3 OZ","servingsPerContainer":"VARIES","totalCa
Action.c(1024):     lories":120.7,"totalCaloriesShow":true,"fatCalories":48.5,"fatCaloriesShow":true,"totalFat
Action.c(1024):     ":5.38,"totalFatShow":true,"totalFatPct":8.29,"totalFatPctShow":true,"totalFatUnit":"g","s
Action.c(1024):     aturatedFat":0.83,"saturatedFatShow":true,"saturatedFatPct":4.16,"saturatedFatPctShow":tru
Action.c(1024):     e,"saturatedFatUnit":"g","transFat":0.0,"transFatUnit":"g","transFatShow":true,"polyunsatu
Action.c(1024):     ratedFat":2.15,"polyunsaturatedFatUnit":"g","polyunsaturatedFatShow":true,"monounsaturated
Action.c(1024):     Fat":1.78,"monounsaturatedFatUnit":"g","monounsaturatedFatShow":true,"cholesterol":46.75,"
Action.c(1024):     cholesterolShow":true,"cholesterolPct":15.58,"cholesterolPctShow":true,"cholesterolUnit":"
Action.c(1024):     mg","sodium":37.4,"sodiumShow":true,"sodiumPct":1.55,"sodiumPctShow":true,"sodiumUnit":"mg
Action.c(1024):     ","potassium":416.5,"potassiumShow":true,"potassiumPct":8.86,"potassiumPctShow":true,"pota
Action.c(1024):     ssiumUnit":"mg","totalCarbs":0.0,"totalCarbsShow":true,"totalCarbsPct":0.0,"totalCarbsPctS
Action.c(1024):     how":true,"totalCarbsUnit":"g","dietaryFiber":0.0,"dietaryFiberShow":true,"dietaryFiberPct
Action.c(1024):     ":0.0,"dietaryFiberPctShow":true,"dietaryFiberUnit":"g","sugar":0.0,"sugarUnit":"g","sugar
Action.c(1024):     Show":true,"sugarAlcoholUnit":"g","sugarAlcoholShow":false,"otherCarbs":0.0,"otherCarbsUni
Action.c(1024):     t":"g","otherCarbsShow":true,"protein":16.86,"proteinUnit":"g","proteinShow":true,"vitamin
Action.c(1024):     APct":0.68,"vitaminAShow":true,"vitaminCPct":0.0,"vitaminCShow":true,"ironPct":3.77,"ironS
Action.c(1024):     how":true,"calciumPct":1.02,"calciumShow":true,"ww":3,"wwShow":true},"bmsm":false,"bmsmTie
Action.c(1024):     rs":[],"guidingStars":3,"options":[],"suppressSwapAndSave":false,"productCategoryId":3733,
Action.c(1024):     "hasPriceAdjustment":false,"hasPickStoreLocation":false,"hasCoupon":false},{"prodId":38795
Action.c(1024):     ,"name":"Haddock Fillets Fresh","size":"APX 3/4 LB","unitPrice":11.99,"unitMeasure":"LB","
Action.c(1024):     price":8.99,"regularPrice":8.99,"rootCatId":2541,"rootCatSeq":4,"rootCatName":"Seafood","u
Action.c(1024):     pc":"20865010000","hasSubstitute":true,"substituteId":38859,"rating":0.0,"ratingReviewsSup
Action.c(1024):     pressed":false,"marketSpecificReviews":false,"reviewId":"38795-PPDALL","brandId":557,"bran
Action.c(1024):     d":"Fresh Seafood","subcatId":2557,"subcatName":"Haddock","flags":{"sample":false,"suppres
Action.c(1024):     sed":false,"active":true,"outOfStock":false,"specialCode":" ","upromise":false,"newArrival
Action.c(1024):     ":false,"privateLabel":false,"preferredItem":false,"bogo":false,"sale":false,"lowPriceEver
Action.c(1024):     yday":false,"organic":false,"dairy":false,"egg":false,"gluten":false,"kosher":false,"peanu
Action.c(1024):     t":false,"nonGMO":false,"vegan":false,"vegeterian":false,"lactoseFree":false,"antibioticFr
Action.c(1024):     ee":false,"wheatFree":false,"hormoneFree":false,"nitrateFree":false,"nitriteFree":false,"n
Action.c(1024):     atural":false},"image":{"small":"https://i5.peapod.com/c/82/82TFS.jpg","medium":"https://i
Action.c(1024):     5.peapod.com/c/FN/FNEV3.jpg","large":"https://i5.peapod.com/c/W2/W23BV.jpg","xlarge":"http
Action.c(1024):     s://i5.peapod.com/c/84/84S9F.jpg"},"nutrition":{"nutritionShow":true,"servingSize":"1 FILL
Action.c(1024):     ET","servingsPerContainer":"1","totalCalories":252.0,"totalCaloriesShow":true,"fatCalories
Action.c(1024):     ":13.78,"fatCaloriesShow":true,"totalFat":1.53,"totalFatShow":true,"totalFatPct":2.36,"tot
Action.c(1024):     alFatPctShow":true,"totalFatUnit":"g","saturatedFat":0.31,"saturatedFatShow":true,"saturat
Action.c(1024):     edFatPct":1.55,"saturatedFatPctShow":true,"saturatedFatUnit":"g","transFat":0.01,"transFat
Action.c(1024):     Unit":"g","transFatShow":true,"polyunsaturatedFat":0.56,"polyunsaturatedFatUnit":"g","poly
Action.c(1024):     unsaturatedFatShow":true,"monounsaturatedFat":0.21,"monounsaturatedFatUnit":"g","monounsat
Action.c(1024):     uratedFatShow":true,"cholesterol":183.71,"cholesterolShow":true,"cholesterolPct":61.24,"ch
Action.c(1024):     olesterolPctShow":true,"cholesterolUnit":"mg","sodium":724.63,"sodiumShow":true,"sodiumPct
Action.c(1024):     ":30.19,"sodiumPctShow":true,"sodiumUnit":"mg","potassium":972.97,"potassiumShow":true,"po
Action.c(1024):     tassiumPct":20.7,"potassiumPctShow":true,"potassiumUnit":"mg","totalCarbs":0.0,"totalCarbs
Action.c(1024):     Show":true,"totalCarbsPct":0.0,"totalCarbsPctShow":true,"totalCarbsUnit":"g","dietaryFiber
Action.c(1024):     ":0.0,"dietaryFiberShow":true,"dietaryFiberPct":0.0,"dietaryFiberPctShow":true,"dietaryFib
Action.c(1024):     erUnit":"g","sugar":0.0,"sugarUnit":"g","sugarShow":true,"sugarAlcoholUnit":"g","sugarAlco
Action.c(1024):     holShow":false,"otherCarbs":0.0,"otherCarbsUnit":"g","otherCarbsShow":true,"protein":55.52
Action.c(1024):     ,"proteinUnit":"g","proteinShow":true,"vitaminAPct":3.88,"vitaminAShow":true,"vitaminCPct"
Action.c(1024):     :0.0,"vitaminCShow":true,"ironPct":0.0,"ironShow":true,"calciumPct":3.74,"calciumShow":tru
Action.c(1024):     e,"ww":5,"wwShow":true},"bmsm":false,"bmsmTiers":[],"guidingStars":3,"options":[],"suppres
Action.c(1024):     sSwapAndSave":false,"productCategoryId":3729,"hasPriceAdjustment":false,"hasPickStoreLocat
Action.c(1024):     ion":false,"hasCoupon":false},{"prodId":155504,"name":"Cod Loins Captain's Cut Wild-Caught
Action.c(1024):      Previously Frozen","size":"APX 1 LB","unitPrice":11.99,"unitMeasure":"LB","price":11.99,"
Action.c(1024):     regularPrice":11.99,"rootCatId":2541,"rootCatSeq":4,"rootCatName":"Seafood","upc":"2534180
Action.c(1024):     0000","hasSubstitute":true,"substituteId":38859,"rating":0.0,"ratingReviewsSuppressed":fal
Action.c(1024):     se,"marketSpecificReviews":false,"reviewId":"155504-PPDALL","brandId":557,"brand":"Fresh S
Action.c(1024):     eafood","subcatId":2544,"subcatName":"Cod","flags":{"sample":false,"suppressed":false,"act
Action.c(1024):     ive":true,"outOfStock":false,"specialCode":" ","upromise":false,"newArrival":false,"privat
Action.c(1024):     eLabel":false,"preferredItem":false,"bogo":false,"sale":false,"lowPriceEveryday":false,"or
Action.c(1024):     ganic":false,"dairy":false,"egg":false,"gluten":false,"kosher":false,"peanut":false,"nonGM
Action.c(1024):     O":false,"vegan":false,"vegeterian":false,"lactoseFree":false,"antibioticFree":false,"whea
Action.c(1024):     tFree":false,"hormoneFree":false,"nitrateFree":false,"nitriteFree":false,"natural":false},
Action.c(1024):     "image":{"small":"https://i5.peapod.com/c/Y4/Y42FY.jpg","medium":"https://i5.peapod.com/c/
Action.c(1024):     O7/O7CG2.jpg","large":"https://i5.peapod.com/c/56/564C7.jpg","xlarge":"https://i5.peapod.c
Action.c(1024):     om/c/J8/J8R3R.jpg"},"nutrition":{"nutritionShow":true,"servingSize":"3 OZ","servingsPerCon
Action.c(1024):     tainer":"VARIES","totalCalories":69.7,"totalCaloriesShow":true,"fatCalories":5.12,"fatCalo
Action.c(1024):     riesShow":true,"totalFat":0.56,"totalFatShow":true,"totalFatPct":0.87,"totalFatPctShow":tr
Action.c(1024):     ue,"totalFatUnit":"g","saturatedFat":0.11,"saturatedFatShow":true,"saturatedFatPct":0.55,"
Action.c(1024):     saturatedFatPctShow":true,"saturatedFatUnit":"g","transFat":0.0,"transFatUnit":"g","transF
Action.c(1024):     atShow":true,"polyunsaturatedFat":0.19,"polyunsaturatedFatUnit":"g","polyunsaturatedFatSho
Action.c(1024):     w":true,"monounsaturatedFat":0.07,"monounsaturatedFatUnit":"g","monounsaturatedFatShow":tr
Action.c(1024):     ue,"cholesterol":36.55,"cholesterolShow":true,"cholesterolPct":12.18,"cholesterolPctShow":
Action.c(1024):     true,"cholesterolUnit":"mg","sodium":45.9,"sodiumShow":true,"sodiumPct":1.91,"sodiumPctSho
Action.c(1024):     w":true,"sodiumUnit":"mg","potassium":351.05,"potassiumShow":true,"potassiumPct":7.46,"pot
Action.c(1024):     assiumPctShow":true,"potassiumUnit":"mg","totalCarbs":0.0,"totalCarbsShow":true,"totalCarb
Action.c(1024):     sPct":0.0,"totalCarbsPctShow":true,"totalCarbsUnit":"g","dietaryFiber":0.0,"dietaryFiberSh
Action.c(1024):     ow":true,"dietaryFiberPct":0.0,"dietaryFiberPctShow":true,"dietaryFiberUnit":"g","sugar":0
Action.c(1024):     .0,"sugarUnit":"g","sugarShow":true,"sugarAlcoholUnit":"g","sugarAlcoholShow":false,"other
Action.c(1024):     Carbs":0.0,"otherCarbsUnit":"g","otherCarbsShow":true,"protein":15.13,"proteinUnit":"g","p
Action.c(1024):     roteinShow":true,"vitaminAPct":0.68,"vitaminAShow":true,"vitaminCPct":1.13,"vitaminCShow":
Action.c(1024):     true,"ironPct":8.02,"ironShow":true,"calciumPct":1.36,"calciumShow":true,"ww":2,"wwShow":t
Action.c(1024):     rue},"bmsm":false,"bmsmTiers":[],"guidingStars":3,"options":[],"suppressSwapAndSave":false
Action.c(1024):     ,"productCategoryId":3725,"hasPriceAdjustment":false,"hasPickStoreLocation":false,"hasCoup
Action.c(1024):     on":false},{"prodId":215832,"name":"Nature's Promise Free from Alaskan Cod Fillets - 4 ct 
Action.c(1024):     Frozen","size":"12 OZ PKG","unitPrice":11.05,"unitMeasure":"LB","price":8.29,"regularPrice
Action.c(1024):     ":8.29,"rootCatId":2541,"rootCatSeq":4,"rootCatName":"Seafood","upc":"68826715461","hasSub
Action.c(1024):     stitute":false,"rating":0.0,"ratingReviewsSuppressed":false,"marketSpecificReviews":false,
Action.c(1024):     "reviewId":"215832-PPDALL","brandId":128,"brand":"Nature's Promise","subcatId":2544,"subca
Action.c(1024):     tName":"Cod","flags":{"sample":false,"suppressed":false,"active":true,"outOfStock":false,"
Action.c(1024):     specialCode":" ","upromise":false,"newArrival":false,"privateLabel":true,"preferredItem":f
Action.c(1024):     alse,"bogo":false,"sale":false,"lowPriceEveryday":false,"organic":false,"dairy":false,"egg
Action.c(1024):     ":false,"gluten":false,"kosher":false,"peanut":false,"nonGMO":false,"vegan":false,"vegeter
Action.c(1024):     ian":false,"lactoseFree":false,"antibioticFree":false,"wheatFree":false,"hormoneFree":fals
Action.c(1024):     e,"nitrateFree":false,"nitriteFree":false,"natural":false},"image":{"small":"https://i5.pe
Action.c(1024):     apod.com/c/2I/2IXGC.jpg","medium":"https://i5.peapod.com/c/GU/GUG7B.jpg","large":"https://
Action.c(1024):     i5.peapod.com/c/EK/EK3FL.jpg","xlarge":"https://i5.peapod.com/c/KP/KP5KW.jpg"},"nutrition"
Action.c(1024):     :{"nutritionShow":true,"servingSize":"4.0 OZ","servingsPerContainer":"3","totalCalories":8
Action.c(1024):     0.0,"totalCaloriesShow":true,"fatCalories":0.0,"fatCaloriesShow":true,"totalFat":0.0,"tota
Action.c(1024):     lFatShow":true,"totalFatPct":0.0,"totalFatPctShow":true,"totalFatUnit":"g","saturatedFat":
Action.c(1024):     0.0,"saturatedFatShow":true,"saturatedFatPct":0.0,"saturatedFatPctShow":true,"saturatedFat
Action.c(1024):     Unit":"g","transFat":0.0,"transFatUnit":"g","transFatShow":true,"polyunsaturatedFat":0.0,"
Action.c(1024):     polyunsaturatedFatUnit":"g","polyunsaturatedFatShow":true,"monounsaturatedFat":0.0,"monoun
Action.c(1024):     saturatedFatUnit":"g","monounsaturatedFatShow":true,"cholesterol":55.0,"cholesterolShow":t
Action.c(1024):     rue,"cholesterolPct":18.0,"cholesterolPctShow":true,"cholesterolUnit":"mg","sodium":65.0,"
Action.c(1024):     sodiumShow":true,"sodiumPct":3.0,"sodiumPctShow":true,"sodiumUnit":"mg","potassium":260.0,
Action.c(1024):     "potassiumShow":true,"potassiumPct":6.0,"potassiumPctShow":true,"potassiumUnit":"mg","tota
Action.c(1024):     lCarbs":0.0,"totalCarbsShow":true,"totalCarbsPct":0.0,"totalCarbsPctShow":true,"totalCarbs
Action.c(1024):     Unit":"g","dietaryFiber":0.0,"dietaryFiberShow":true,"dietaryFiberPct":0.0,"dietaryFiberPc
Action.c(1024):     tShow":true,"dietaryFiberUnit":"g","sugar":0.0,"sugarUnit":"g","sugarShow":true,"sugarAlco
Action.c(1024):     holUnit":"g","sugarAlcoholShow":false,"otherCarbsUnit":"g","otherCarbsShow":false,"protein
Action.c(1024):     ":17.0,"proteinUnit":"g","proteinShow":true,"vitaminAShow":false,"vitaminCShow":false,"iro
Action.c(1024):     nPct":0.0,"ironShow":true,"calciumPct":0.0,"calciumShow":true,"ww":2,"wwShow":true},"bmsm"
Action.c(1024):     :false,"bmsmTiers":[],"guidingStars":3,"options":[],"suppressSwapAndSave":false,"productCa
Action.c(1024):     tegoryId":3724,"hasPriceAdjustment":false,"hasPickStoreLocation":false,"hasCoupon":false},
Action.c(1024):     {"prodId":124942,"name":"Swordfish Steaks Previously Frozen","size":"APX 3/4 LB","unitPric
Action.c(1024):     e":10.29,"unitMeasure":"LB","price":7.72,"regularPrice":7.72,"rootCatId":2541,"rootCatSeq"
Action.c(1024):     :4,"rootCatName":"Seafood","upc":"20866340000","hasSubstitute":true,"substituteId":41298,"
Action.c(1024):     rating":0.0,"ratingReviewsSuppressed":false,"marketSpecificReviews":false,"reviewId":"1249
Action.c(1024):     42-PPDALL","brandId":557,"brand":"Fresh Seafood","subcatId":2548,"subcatName":"Swordfish",
Action.c(1024):     "flags":{"sample":false,"suppressed":false,"active":true,"outOfStock":false,"specialCode":
Action.c(1024):     " ","upromise":false,"newArrival":false,"privateLabel":false,"preferredItem":false,"bogo":
Action.c(1024):     false,"sale":false,"lowPriceEveryday":false,"org
Action.c(1024): t=226542ms: 12288-byte DECODED response body for "https://stage.peapod.com/api/v3.0/user/products?catTreeId=1634&facet=categories,brands,nutrition,specials,newArrivals,privateLabel&facetExcludeFilter=true&filter=&flags=true&hkInclude=true&nutrition=true&rows=120&sort=itemsPurchased+desc,+name+asc&start=0&substitute=true" (RelFrameId=1, Internal ID=100)
Action.c(1024):     anic":false,"dairy":false,"egg":false,"gluten":false,"kosher":false,"peanut":false,"nonGMO
Action.c(1024):     ":false,"vegan":false,"vegeterian":false,"lactoseFree":false,"antibioticFree":false,"wheat
Action.c(1024):     Free":false,"hormoneFree":false,"nitrateFree":false,"nitriteFree":false,"natural":false},"
Action.c(1024):     image":{"small":"https://i5.peapod.com/c/52/52CZ0.jpg","medium":"https://i5.peapod.com/c/E
Action.c(1024):     L/ELCC9.jpg","large":"https://i5.peapod.com/c/8A/8AYJD.jpg","xlarge":"https://i5.peapod.co
Action.c(1024):     m/c/1D/1D4S7.jpg"},"nutrition":{"nutritionShow":true,"servingSize":"3 OZ","servingsPerCont
Action.c(1024):     ainer":"VARIES","totalCalories":122.0,"totalCaloriesShow":true,"fatCalories":50.9,"fatCalo
Action.c(1024):     riesShow":true,"totalFat":5.66,"totalFatShow":true,"totalFatPct":8.7,"totalFatPctShow":tru
Action.c(1024):     e,"totalFatUnit":"g","saturatedFat":1.36,"saturatedFatShow":true,"saturatedFatPct":6.81,"s
Action.c(1024):     aturatedFatPctShow":true,"saturatedFatUnit":"g","transFat":0.04,"transFatUnit":"g","transF
Action.c(1024):     atShow":true,"polyunsaturatedFat":0.98,"polyunsaturatedFatUnit":"g","polyunsaturatedFatSho
Action.c(1024):     w":true,"monounsaturatedFat":2.53,"monounsaturatedFatUnit":"g","monounsaturatedFatShow":tr
Action.c(1024):     ue,"cholesterol":56.13,"cholesterolShow":true,"cholesterolPct":18.71,"cholesterolPctShow":
Action.c(1024):     true,"cholesterolUnit":"mg","sodium":68.89,"sodiumShow":true,"sodiumPct":2.87,"sodiumPctSh
Action.c(1024):     ow":true,"sodiumUnit":"mg","potassium":355.51,"potassiumShow":true,"potassiumPct":7.56,"po
Action.c(1024):     tassiumPctShow":true,"potassiumUnit":"mg","totalCarbs":0.0,"totalCarbsShow":true,"totalCar
Action.c(1024):     bsPct":0.0,"totalCarbsPctShow":true,"totalCarbsUnit":"g","dietaryFiber":0.0,"dietaryFiberS
Action.c(1024):     how":true,"dietaryFiberPct":0.0,"dietaryFiberPctShow":true,"dietaryFiberUnit":"g","sugar":
Action.c(1024):     0.0,"sugarUnit":"g","sugarShow":true,"sugarAlcoholUnit":"g","sugarAlcoholShow":false,"othe
Action.c(1024):     rCarbs":0.0,"otherCarbsUnit":"g","otherCarbsShow":true,"protein":16.72,"proteinUnit":"g","
Action.c(1024):     proteinShow":true,"vitaminAPct":2.04,"vitaminAShow":true,"vitaminCPct":0.0,"vitaminCShow":
Action.c(1024):     true,"ironPct":0.01,"ironShow":true,"calciumPct":0.43,"calciumShow":true,"ww":3,"wwShow":t
Action.c(1024):     rue},"bmsm":false,"bmsmTiers":[],"guidingStars":3,"options":[],"suppressSwapAndSave":false
Action.c(1024):     ,"productCategoryId":3736,"hasPriceAdjustment":false,"hasPickStoreLocation":false,"hasCoup
Action.c(1024):     on":false},{"prodId":186709,"name":"Haddock Fillets Previously Frozen","size":"1 LB PKG","
Action.c(1024):     unitPrice":8.99,"unitMeasure":"LB","price":8.99,"regularPrice":8.99,"rootCatId":2541,"root
Action.c(1024):     CatSeq":4,"rootCatName":"Seafood","upc":"20728410000","hasSubstitute":true,"substituteId":
Action.c(1024):     38859,"rating":0.0,"ratingReviewsSuppressed":false,"marketSpecificReviews":false,"reviewId
Action.c(1024):     ":"186709-PPDALL","brandId":557,"brand":"Fresh Seafood","subcatId":2557,"subcatName":"Hadd
Action.c(1024):     ock","flags":{"sample":false,"suppressed":false,"active":true,"outOfStock":false,"specialC
Action.c(1024):     ode":" ","upromise":false,"newArrival":false,"privateLabel":false,"preferredItem":false,"b
Action.c(1024):     ogo":false,"sale":false,"lowPriceEveryday":false,"organic":false,"dairy":false,"egg":false
Action.c(1024):     ,"gluten":false,"kosher":false,"peanut":false,"nonGMO":false,"vegan":false,"vegeterian":fa
Action.c(1024):     lse,"lactoseFree":false,"antibioticFree":false,"wheatFree":false,"hormoneFree":false,"nitr
Action.c(1024):     ateFree":false,"nitriteFree":false,"natural":false},"image":{"small":"https://i5.peapod.co
Action.c(1024):     m/c/VA/VA2C3.jpg","medium":"https://i5.peapod.com/c/W9/W94CX.jpg","large":"https://i5.peap
Action.c(1024):     od.com/c/5F/5FGV3.jpg","xlarge":"https://i5.peapod.com/c/V0/V0O5K.jpg"},"nutrition":{"nutr
Action.c(1024):     itionShow":true,"servingSize":"3 OZ","servingsPerContainer":"VARIES","totalCalories":62.9,
Action.c(1024):     "totalCaloriesShow":true,"fatCalories":3.44,"fatCaloriesShow":true,"totalFat":0.38,"totalF
Action.c(1024):     atShow":true,"totalFatPct":0.58,"totalFatPctShow":true,"totalFatUnit":"g","saturatedFat":0
Action.c(1024):     .07,"saturatedFatShow":true,"saturatedFatPct":0.38,"saturatedFatPctShow":true,"saturatedFa
Action.c(1024):     tUnit":"g","transFat":3.4,"transFatUnit":"g","transFatShow":true,"polyunsaturatedFat":0.14
Action.c(1024):     ,"polyunsaturatedFatUnit":"g","polyunsaturatedFatShow":true,"monounsaturatedFat":0.05,"mon
Action.c(1024):     ounsaturatedFatUnit":"g","monounsaturatedFatShow":true,"cholesterol":45.9,"cholesterolShow
Action.c(1024):     ":true,"cholesterolPct":15.3,"cholesterolPctShow":true,"cholesterolUnit":"mg","sodium":181
Action.c(1024):     .05,"sodiumShow":true,"sodiumPct":7.54,"sodiumPctShow":true,"sodiumUnit":"mg","potassium":
Action.c(1024):     243.1,"potassiumShow":true,"potassiumPct":5.17,"potassiumPctShow":true,"potassiumUnit":"mg
Action.c(1024):     ","totalCarbs":0.0,"totalCarbsShow":true,"totalCarbsPct":0.0,"totalCarbsPctShow":true,"tot
Action.c(1024):     alCarbsUnit":"g","dietaryFiber":0.0,"dietaryFiberShow":true,"dietaryFiberPct":0.0,"dietary
Action.c(1024):     FiberPctShow":true,"dietaryFiberUnit":"g","sugar":0.0,"sugarUnit":"g","sugarShow":true,"su
Action.c(1024):     garAlcoholUnit":"g","sugarAlcoholShow":false,"otherCarbs":0.0,"otherCarbsUnit":"g","otherC
Action.c(1024):     arbsShow":true,"protein":13.87,"proteinUnit":"g","proteinShow":true,"vitaminAPct":0.96,"vi
Action.c(1024):     taminAShow":true,"vitaminCPct":0.0,"vitaminCShow":true,"ironPct":1.61,"ironShow":true,"cal
Action.c(1024):     ciumPct":0.93,"calciumShow":true,"ww":1,"wwShow":true},"bmsm":false,"bmsmTiers":[],"guidin
Action.c(1024):     gStars":3,"options":[],"suppressSwapAndSave":false,"productCategoryId":3729,"hasPriceAdjus
Action.c(1024):     tment":false,"hasPickStoreLocation":false,"hasCoupon":false},{"prodId":41298,"name":"Sword
Action.c(1024):     fish Steaks Fresh","size":"APX 3/4 LB","unitPrice":15.49,"unitMeasure":"LB","price":11.62,
Action.c(1024):     "regularPrice":11.62,"rootCatId":2541,"rootCatSeq":4,"rootCatName":"Seafood","upc":"208650
Action.c(1024):     70000","hasSubstitute":true,"substituteId":124942,"rating":0.0,"ratingReviewsSuppressed":f
Action.c(1024):     alse,"marketSpecificReviews":false,"reviewId":"41298-PPDALL","brandId":557,"brand":"Fresh 
Action.c(1024):     Seafood","subcatId":2548,"subcatName":"Swordfish","flags":{"sample":false,"suppressed":fal
Action.c(1024):     se,"active":true,"outOfStock":false,"specialCode":" ","upromise":false,"newArrival":false,
Action.c(1024):     "privateLabel":false,"preferredItem":false,"bogo":false,"sale":false,"lowPriceEveryday":fa
Action.c(1024):     lse,"organic":false,"dairy":false,"egg":false,"gluten":false,"kosher":false,"peanut":false
Action.c(1024):     ,"nonGMO":false,"vegan":false,"vegeterian":false,"lactoseFree":false,"antibioticFree":fals
Action.c(1024):     e,"wheatFree":false,"hormoneFree":false,"nitrateFree":false,"nitriteFree":false,"natural":
Action.c(1024):     false},"image":{"small":"https://i5.peapod.com/c/5C/5CCHS.jpg","medium":"https://i5.peapod
Action.c(1024):     .com/c/JX/JXFV6.jpg","large":"https://i5.peapod.com/c/UA/UAIWN.jpg","xlarge":"https://i5.p
Action.c(1024):     eapod.com/c/3A/3A86T.jpg"},"nutrition":{"nutritionShow":true,"servingSize":"3 OZ","serving
Action.c(1024):     sPerContainer":"VARIES","totalCalories":122.4,"totalCaloriesShow":true,"fatCalories":50.87
Action.c(1024):     ,"fatCaloriesShow":true,"totalFat":5.65,"totalFatShow":true,"totalFatPct":8.69,"totalFatPc
Action.c(1024):     tShow":true,"totalFatUnit":"g","saturatedFat":1.36,"saturatedFatShow":true,"saturatedFatPc
Action.c(1024):     t":6.8,"saturatedFatPctShow":true,"saturatedFatUnit":"g","transFat":0.03,"transFatUnit":"g
Action.c(1024):     ","transFatShow":true,"polyunsaturatedFat":0.97,"polyunsaturatedFatUnit":"g","polyunsatura
Action.c(1024):     tedFatShow":true,"monounsaturatedFat":2.52,"monounsaturatedFatUnit":"g","monounsaturatedFa
Action.c(1024):     tShow":true,"cholesterol":56.1,"cholesterolShow":true,"cholesterolPct":18.7,"cholesterolPc
Action.c(1024):     tShow":true,"cholesterolUnit":"mg","sodium":68.85,"sodiumShow":true,"sodiumPct":2.86,"sodi
Action.c(1024):     umPctShow":true,"sodiumUnit":"mg","potassium":355.3,"potassiumShow":true,"potassiumPct":7.
Action.c(1024):     55,"potassiumPctShow":true,"potassiumUnit":"mg","totalCarbs":0.0,"totalCarbsShow":true,"to
Action.c(1024):     talCarbsPct":0.0,"totalCarbsPctShow":true,"totalCarbsUnit":"g","dietaryFiber":0.0,"dietary
Action.c(1024):     FiberShow":true,"dietaryFiberPct":0.0,"dietaryFiberPctShow":true,"dietaryFiberUnit":"g","s
Action.c(1024):     ugar":0.0,"sugarUnit":"g","sugarShow":true,"sugarAlcoholUnit":"g","sugarAlcoholShow":false
Action.c(1024):     ,"otherCarbs":0.0,"otherCarbsUnit":"g","otherCarbsShow":true,"protein":16.71,"proteinUnit"
Action.c(1024):     :"g","proteinShow":true,"vitaminAPct":2.04,"vitaminAShow":true,"vitaminCPct":0.0,"vitaminC
Action.c(1024):     Show":true,"ironPct":8.02,"ironShow":true,"calciumPct":0.42,"calciumShow":true,"ww":3,"wwS
Action.c(1024):     how":true},"bmsm":false,"bmsmTiers":[],"guidingStars":3,"options":[],"suppressSwapAndSave"
Action.c(1024):     :false,"productCategoryId":3736,"hasPriceAdjustment":false,"hasPickStoreLocation":false,"h
Action.c(1024):     asCoupon":false},{"prodId":124943,"name":"Tuna Steaks Previously Frozen","size":"APX 3/4 L
Action.c(1024):     B","unitPrice":9.99,"unitMeasure":"LB","price":7.49,"regularPrice":7.49,"rootCatId":2541,"
Action.c(1024):     rootCatSeq":4,"rootCatName":"Seafood","upc":"20860970000","hasSubstitute":false,"rating":0
Action.c(1024):     .0,"ratingReviewsSuppressed":false,"marketSpecificReviews":false,"reviewId":"124943-PPDALL
Action.c(1024):     ","brandId":557,"brand":"Fresh Seafood","subcatId":2551,"subcatName":"Tuna","flags":{"samp
Action.c(1024):     le":false,"suppressed":false,"active":true,"outOfStock":false,"specialCode":" ","upromise"
Action.c(1024):     :false,"newArrival":false,"privateLabel":false,"preferredItem":false,"bogo":false,"sale":f
Action.c(1024):     alse,"lowPriceEveryday":false,"organic":false,"dairy":false,"egg":false,"gluten":false,"ko
Action.c(1024):     sher":false,"peanut":false,"nonGMO":false,"vegan":false,"vegeterian":false,"lactoseFree":f
Action.c(1024):     alse,"antibioticFree":false,"wheatFree":false,"hormoneFree":false,"nitrateFree":false,"nit
Action.c(1024):     riteFree":false,"natural":false},"image":{"small":"https://i5.peapod.com/c/EO/EOENR.jpg","
Action.c(1024):     medium":"https://i5.peapod.com/c/2O/2OR7F.jpg","large":"https://i5.peapod.com/c/G7/G7NJS.j
Action.c(1024):     pg","xlarge":"https://i5.peapod.com/c/BB/BBF47.jpg"},"nutrition":{"nutritionShow":true,"se
Action.c(1024):     rvingSize":"3 OZ","servingsPerContainer":"VARIES","totalCalories":92.7,"totalCaloriesShow"
Action.c(1024):     :true,"fatCalories":3.75,"fatCaloriesShow":true,"totalFat":0.41,"totalFatShow":true,"total
Action.c(1024):     FatPct":0.64,"totalFatPctShow":true,"totalFatUnit":"g","saturatedFat":0.14,"saturatedFatSh
Action.c(1024):     ow":true,"saturatedFatPct":0.73,"saturatedFatPctShow":true,"saturatedFatUnit":"g","transFa
Action.c(1024):     t":0.01,"transFatUnit":"g","transFatShow":true,"polyunsaturatedFat":0.12,"polyunsaturatedF
Action.c(1024):     atUnit":"g","polyunsaturatedFatShow":true,"monounsaturatedFat":0.09,"monounsaturatedFatUni
Action.c(1024):     t":"g","monounsaturatedFatShow":true,"cholesterol":33.16,"cholesterolShow":true,"cholester
Action.c(1024):     olPct":11.05,"cholesterolPctShow":true,"cholesterolUnit":"mg","sodium":38.27,"sodiumShow":
Action.c(1024):     true,"sodiumPct":1.59,"sodiumPctShow":true,"sodiumUnit":"mg","potassium":375.07,"potassium
Action.c(1024):     Show":true,"potassiumPct":7.98,"potassiumPctShow":true,"potassiumUnit":"mg","totalCarbs":0
Action.c(1024):     .0,"totalCarbsShow":true,"totalCarbsPct":0.0,"totalCarbsPctShow":true,"totalCarbsUnit":"g"
Action.c(1024):     ,"dietaryFiber":0.0,"dietaryFiberShow":true,"dietaryFiberPct":0.0,"dietaryFiberPctShow":tr
Action.c(1024):     ue,"dietaryFiberUnit":"g","sugar":0.0,"sugarUnit":"g","sugarShow":true,"sugarAlcoholUnit":
Action.c(1024):     "g","sugarAlcoholShow":false,"otherCarbs":0.0,"otherCarbsUnit":"g","otherCarbsShow":true,"
Action.c(1024):     protein":20.75,"proteinUnit":"g","proteinShow":true,"vitaminAPct":1.02,"vitaminAShow":true
Action.c(1024):     ,"vitaminCPct":0.0,"vitaminCShow":true,"ironPct":0.03,"ironShow":true,"calciumPct":0.34,"c
Action.c(1024):     alciumShow":true,"ww":2,"wwShow":true},"bmsm":false,"bmsmTiers":[],"guidingStars":3,"optio
Action.c(1024):     ns":[],"suppressSwapAndSave":false,"productCategoryId":3742,"hasPriceAdjustment":false,"ha
Action.c(1024):     sPickStoreLocation":false,"hasCoupon":false},{"prodId":219115,"name":"Nature's Promise Fre
Action.c(1024):     e from Swordfish Steaks Wild Caught Frozen","size":"12 OZ PKG","unitPrice":12.39,"unitMeas
Action.c(1024):     ure":"LB","price":9.29,"regularPrice":9.29,"rootCatId":2541,"rootCatSeq":4,"rootCatName":"
Action.c(1024):     Seafood","upc":"68826715257","hasSubstitute":false,"rating":0.0,"ratingReviewsSuppressed":
Action.c(1024):     false,"marketSpecificReviews":false,"reviewId":"219115-PPDALL","brandId":128,"brand":"Natu
Action.c(1024):     re's Promise","subcatId":2548,"subcatName":"Swordfish","flags":{"sample":false,"suppressed
Action.c(1024):     ":false,"active":true,"outOfStock":false,"specialCode":" ","upromise":false,"newArrival":f
Action.c(1024):     alse,"privateLabel":true,"preferredItem":false,"bogo":false,"sale":false,"lowPriceEveryday
Action.c(1024):     ":false,"organic":false,"dairy":false,"egg":false,"gluten":false,"kosher":false,"peanut":f
Action.c(1024):     alse,"nonGMO":false,"vegan":false,"vegeterian":false,"lactoseFree":false,"antibioticFree":
Action.c(1024):     false,"wheatFree":false,"hormoneFree":false,"nitrateFree":false,"nitriteFree":false,"natur
Action.c(1024):     al":false},"image":{"small":"https://i5.peapod.com/c/V6/V65ZD.jpg","medium":"https://i5.pe
Action.c(1024):     apod.com/c/KX/KX4AS.jpg","large":"https://i5.peapod.com/c/Y1/Y1PFJ.jpg","xlarge":"https://
Action.c(1024):     i5.peapod.com/c/EG/EGBWL.jpg"},"nutrition":{"nutritionShow":true,"servingSize":"4.0 OZ","s
Action.c(1024):     ervingsPerContainer":"3","totalCalories":160.0,"totalCaloriesShow":true,"fatCalories":70.0
Action.c(1024):     ,"fatCaloriesShow":true,"totalFat":8.0,"totalFatShow":true,"totalFatPct":12.0,"totalFatPct
Action.c(1024):     Show":true,"totalFatUnit":"g","saturatedFat":2.0,"saturatedFatShow":true,"saturatedFatPct"
Action.c(1024):     :10.0,"saturatedFatPctShow":true,"saturatedFatUnit":"g","transFat":0.0,"transFatUnit":"g",
Action.c(1024):     "transFatShow":true,"polyunsaturatedFat":1.5,"po
Action.c(1024): t=226566ms: 12288-byte DECODED response body for "https://stage.peapod.com/api/v3.0/user/products?catTreeId=1634&facet=categories,brands,nutrition,specials,newArrivals,privateLabel&facetExcludeFilter=true&filter=&flags=true&hkInclude=true&nutrition=true&rows=120&sort=itemsPurchased+desc,+name+asc&start=0&substitute=true" (RelFrameId=1, Internal ID=100)
Action.c(1024):     lyunsaturatedFatUnit":"g","polyunsaturatedFatShow":true,"monounsaturatedFat":3.5,"monounsa
Action.c(1024):     turatedFatUnit":"g","monounsaturatedFatShow":true,"cholesterol":75.0,"cholesterolShow":tru
Action.c(1024):     e,"cholesterolPct":25.0,"cholesterolPctShow":true,"cholesterolUnit":"mg","sodium":90.0,"so
Action.c(1024):     diumShow":true,"sodiumPct":4.0,"sodiumPctShow":true,"sodiumUnit":"mg","potassiumShow":fals
Action.c(1024):     e,"potassiumPctShow":false,"potassiumUnit":"mg","totalCarbs":0.0,"totalCarbsShow":true,"to
Action.c(1024):     talCarbsPct":0.0,"totalCarbsPctShow":true,"totalCarbsUnit":"g","dietaryFiber":0.0,"dietary
Action.c(1024):     FiberShow":true,"dietaryFiberPct":0.0,"dietaryFiberPctShow":true,"dietaryFiberUnit":"g","s
Action.c(1024):     ugar":0.0,"sugarUnit":"g","sugarShow":true,"sugarAlcoholUnit":"g","sugarAlcoholShow":false
Action.c(1024):     ,"otherCarbsUnit":"g","otherCarbsShow":false,"protein":22.0,"proteinUnit":"g","proteinShow
Action.c(1024):     ":true,"vitaminAPct":2.0,"vitaminAShow":true,"vitaminCPct":0.0,"vitaminCShow":true,"ironPc
Action.c(1024):     t":2.0,"ironShow":true,"calciumPct":0.0,"calciumShow":true,"ww":4,"wwShow":true},"bmsm":fa
Action.c(1024):     lse,"bmsmTiers":[],"guidingStars":3,"options":[],"suppressSwapAndSave":false,"productCateg
Action.c(1024):     oryId":3736,"hasPriceAdjustment":false,"hasPickStoreLocation":false,"hasCoupon":false},{"p
Action.c(1024):     rodId":219114,"name":"Nature's Promise Free from Ahi Tuna Steaks Wild-Caught 2 ct Frozen",
Action.c(1024):     "size":"12 OZ PKG","unitPrice":12.39,"unitMeasure":"LB","price":9.29,"regularPrice":9.29,"
Action.c(1024):     rootCatId":2541,"rootCatSeq":4,"rootCatName":"Seafood","upc":"68826715256","hasSubstitute"
Action.c(1024):     :false,"rating":0.0,"ratingReviewsSuppressed":false,"marketSpecificReviews":false,"reviewI
Action.c(1024):     d":"219114-PPDALL","brandId":128,"brand":"Nature's Promise","subcatId":2551,"subcatName":"
Action.c(1024):     Tuna","flags":{"sample":false,"suppressed":false,"active":true,"outOfStock":false,"special
Action.c(1024):     Code":" ","upromise":false,"newArrival":false,"privateLabel":true,"preferredItem":false,"b
Action.c(1024):     ogo":false,"sale":false,"lowPriceEveryday":false,"organic":false,"dairy":false,"egg":false
Action.c(1024):     ,"gluten":false,"kosher":false,"peanut":false,"nonGMO":false,"vegan":false,"vegeterian":fa
Action.c(1024):     lse,"lactoseFree":false,"antibioticFree":false,"wheatFree":false,"hormoneFree":false,"nitr
Action.c(1024):     ateFree":false,"nitriteFree":false,"natural":false},"image":{"small":"https://i5.peapod.co
Action.c(1024):     m/c/K2/K2SD3.jpg","medium":"https://i5.peapod.com/c/YG/YGDK3.jpg","large":"https://i5.peap
Action.c(1024):     od.com/c/TN/TNKGQ.jpg","xlarge":"https://i5.peapod.com/c/6V/6VRS4.jpg"},"nutrition":{"nutr
Action.c(1024):     itionShow":true,"servingSize":"4.0 OZ","servingsPerContainer":"3","totalCalories":120.0,"t
Action.c(1024):     otalCaloriesShow":true,"fatCalories":0.0,"fatCaloriesShow":true,"totalFat":0.5,"totalFatSh
Action.c(1024):     ow":true,"totalFatPct":1.0,"totalFatPctShow":true,"totalFatUnit":"g","saturatedFat":0.0,"s
Action.c(1024):     aturatedFatShow":true,"saturatedFatPct":0.0,"saturatedFatPctShow":true,"saturatedFatUnit":
Action.c(1024):     "g","transFat":0.0,"transFatUnit":"g","transFatShow":true,"polyunsaturatedFat":0.0,"polyun
Action.c(1024):     saturatedFatUnit":"g","polyunsaturatedFatShow":true,"monounsaturatedFat":0.0,"monounsatura
Action.c(1024):     tedFatUnit":"g","monounsaturatedFatShow":true,"cholesterol":45.0,"cholesterolShow":true,"c
Action.c(1024):     holesterolPct":15.0,"cholesterolPctShow":true,"cholesterolUnit":"mg","sodium":50.0,"sodium
Action.c(1024):     Show":true,"sodiumPct":2.0,"sodiumPctShow":true,"sodiumUnit":"mg","potassiumShow":false,"p
Action.c(1024):     otassiumPctShow":false,"potassiumUnit":"mg","totalCarbs":0.0,"totalCarbsShow":true,"totalC
Action.c(1024):     arbsPct":0.0,"totalCarbsPctShow":true,"totalCarbsUnit":"g","dietaryFiber":0.0,"dietaryFibe
Action.c(1024):     rShow":true,"dietaryFiberPct":0.0,"dietaryFiberPctShow":true,"dietaryFiberUnit":"g","sugar
Action.c(1024):     ":0.0,"sugarUnit":"g","sugarShow":true,"sugarAlcoholUnit":"g","sugarAlcoholShow":false,"ot
Action.c(1024):     herCarbsUnit":"g","otherCarbsShow":false,"protein":28.0,"proteinUnit":"g","proteinShow":tr
Action.c(1024):     ue,"vitaminAPct":2.0,"vitaminAShow":true,"vitaminCPct":0.0,"vitaminCShow":true,"ironPct":4
Action.c(1024):     .0,"ironShow":true,"calciumPct":0.0,"calciumShow":true,"ww":3,"wwShow":true},"bmsm":false,
Action.c(1024):     "bmsmTiers":[],"guidingStars":3,"options":[],"suppressSwapAndSave":false,"productCategoryI
Action.c(1024):     d":3742,"hasPriceAdjustment":false,"hasPickStoreLocation":false,"hasCoupon":false},{"prodI
Action.c(1024):     d":215833,"name":"Nature's Promise Free from Flounder Fillets Wild-Caught apx 2-5 ct Froze
Action.c(1024):     n","size":"12 OZ PKG","unitPrice":9.59,"unitMeasure":"LB","price":7.19,"regularPrice":7.19
Action.c(1024):     ,"rootCatId":2541,"rootCatSeq":4,"rootCatName":"Seafood","upc":"68826715259","hasSubstitut
Action.c(1024):     e":false,"rating":0.0,"ratingReviewsSuppressed":false,"marketSpecificReviews":false,"revie
Action.c(1024):     wId":"215833-PPDALL","brandId":128,"brand":"Nature's Promise","subcatId":2556,"subcatName"
Action.c(1024):     :"Flounder","flags":{"sample":false,"suppressed":false,"active":true,"outOfStock":false,"s
Action.c(1024):     pecialCode":" ","upromise":false,"newArrival":false,"privateLabel":true,"preferredItem":fa
Action.c(1024):     lse,"bogo":false,"sale":false,"lowPriceEveryday":false,"organic":false,"dairy":false,"egg"
Action.c(1024):     :false,"gluten":false,"kosher":false,"peanut":false,"nonGMO":false,"vegan":false,"vegeteri
Action.c(1024):     an":false,"lactoseFree":false,"antibioticFree":false,"wheatFree":false,"hormoneFree":false
Action.c(1024):     ,"nitrateFree":false,"nitriteFree":false,"natural":false},"image":{"small":"https://i5.pea
Action.c(1024):     pod.com/c/83/83WLN.jpg","medium":"https://i5.peapod.com/c/6T/6TQQ8.jpg","large":"https://i
Action.c(1024):     5.peapod.com/c/RV/RVP5Z.jpg","xlarge":"https://i5.peapod.com/c/SF/SF1XD.jpg"},"nutrition":
Action.c(1024):     {"nutritionShow":true,"servingSize":"4.0 OZ","servingsPerContainer":"3","totalCalories":90
Action.c(1024):     .0,"totalCaloriesShow":true,"fatCalories":20.0,"fatCaloriesShow":true,"totalFat":2.0,"tota
Action.c(1024):     lFatShow":true,"totalFatPct":3.0,"totalFatPctShow":true,"totalFatUnit":"g","saturatedFat":
Action.c(1024):     0.5,"saturatedFatShow":true,"saturatedFatPct":3.0,"saturatedFatPctShow":true,"saturatedFat
Action.c(1024):     Unit":"g","transFat":0.0,"transFatUnit":"g","transFatShow":true,"polyunsaturatedFat":0.0,"
Action.c(1024):     polyunsaturatedFatUnit":"g","polyunsaturatedFatShow":true,"monounsaturatedFat":0.0,"monoun
Action.c(1024):     saturatedFatUnit":"g","monounsaturatedFatShow":true,"cholesterol":50.0,"cholesterolShow":t
Action.c(1024):     rue,"cholesterolPct":17.0,"cholesterolPctShow":true,"cholesterolUnit":"mg","sodium":130.0,
Action.c(1024):     "sodiumShow":true,"sodiumPct":5.0,"sodiumPctShow":true,"sodiumUnit":"mg","potassiumShow":f
Action.c(1024):     alse,"potassiumPctShow":false,"potassiumUnit":"mg","totalCarbs":0.0,"totalCarbsShow":true,
Action.c(1024):     "totalCarbsPct":0.0,"totalCarbsPctShow":true,"totalCarbsUnit":"g","dietaryFiber":0.0,"diet
Action.c(1024):     aryFiberShow":true,"dietaryFiberPct":0.0,"dietaryFiberPctShow":true,"dietaryFiberUnit":"g"
Action.c(1024):     ,"sugar":0.0,"sugarUnit":"g","sugarShow":true,"sugarAlcoholUnit":"g","sugarAlcoholShow":fa
Action.c(1024):     lse,"otherCarbsUnit":"g","otherCarbsShow":false,"protein":17.0,"proteinUnit":"g","proteinS
Action.c(1024):     how":true,"vitaminAPct":0.0,"vitaminAShow":true,"vitaminCPct":0.0,"vitaminCShow":true,"iro
Action.c(1024):     nPct":2.0,"ironShow":true,"calciumPct":2.0,"calciumShow":true,"ww":2,"wwShow":true},"bmsm"
Action.c(1024):     :false,"bmsmTiers":[],"guidingStars":3,"options":[],"suppressSwapAndSave":false,"productCa
Action.c(1024):     tegoryId":3732,"hasPriceAdjustment":false,"hasPickStoreLocation":false,"hasCoupon":false},
Action.c(1024):     {"prodId":246638,"name":"Nature's Promise Free from Tilapia Farm Raised","size":"12 OZ PKG
Action.c(1024):     ","unitPrice":9.59,"unitMeasure":"LB","price":7.19,"regularPrice":7.19,"rootCatId":2541,"r
Action.c(1024):     ootCatSeq":4,"rootCatName":"Seafood","upc":"68826719811","hasSubstitute":false,"rating":0.
Action.c(1024):     0,"ratingReviewsSuppressed":false,"marketSpecificReviews":false,"reviewId":"246638-PPDALL"
Action.c(1024):     ,"brandId":128,"brand":"Nature's Promise","subcatId":2549,"subcatName":"Tilapia","flags":{
Action.c(1024):     "sample":false,"suppressed":false,"active":true,"outOfStock":false,"specialCode":" ","upro
Action.c(1024):     mise":false,"newArrival":false,"privateLabel":true,"preferredItem":false,"bogo":false,"sal
Action.c(1024):     e":false,"lowPriceEveryday":false,"organic":false,"dairy":false,"egg":false,"gluten":false
Action.c(1024):     ,"kosher":false,"peanut":false,"nonGMO":false,"vegan":false,"vegeterian":false,"lactoseFre
Action.c(1024):     e":false,"antibioticFree":false,"wheatFree":false,"hormoneFree":false,"nitrateFree":false,
Action.c(1024):     "nitriteFree":false,"natural":false},"image":{"small":"https://i5.peapod.com/c/OY/OYLOS.jp
Action.c(1024):     g","medium":"https://i5.peapod.com/c/P7/P764B.jpg","large":"https://i5.peapod.com/c/BL/BLK
Action.c(1024):     4Q.jpg","xlarge":"https://i5.peapod.com/c/NV/NV6G9.jpg"},"nutrition":{"nutritionShow":true
Action.c(1024):     ,"servingSize":"4.0 OZ","servingsPerContainer":"3","totalCalories":90.0,"totalCaloriesShow
Action.c(1024):     ":true,"fatCaloriesShow":false,"totalFat":2.0,"totalFatShow":true,"totalFatPct":3.0,"total
Action.c(1024):     FatPctShow":true,"totalFatUnit":"g","saturatedFat":0.5,"saturatedFatShow":true,"saturatedF
Action.c(1024):     atPct":3.0,"saturatedFatPctShow":true,"saturatedFatUnit":"g","transFat":0.0,"transFatUnit"
Action.c(1024):     :"g","transFatShow":true,"polyunsaturatedFatUnit":"g","polyunsaturatedFatShow":false,"mono
Action.c(1024):     unsaturatedFatUnit":"g","monounsaturatedFatShow":false,"cholesterol":40.0,"cholesterolShow
Action.c(1024):     ":true,"cholesterolPct":13.0,"cholesterolPctShow":true,"cholesterolUnit":"mg","sodium":40.
Action.c(1024):     0,"sodiumShow":true,"sodiumPct":2.0,"sodiumPctShow":true,"sodiumUnit":"mg","potassium":340
Action.c(1024):     .0,"potassiumShow":true,"potassiumPct":8.0,"potassiumPctShow":true,"potassiumUnit":"mg","t
Action.c(1024):     otalCarbs":0.0,"totalCarbsShow":true,"totalCarbsPct":0.0,"totalCarbsPctShow":true,"totalCa
Action.c(1024):     rbsUnit":"g","dietaryFiber":0.0,"dietaryFiberShow":true,"dietaryFiberPct":0.0,"dietaryFibe
Action.c(1024):     rPctShow":true,"dietaryFiberUnit":"g","sugar":0.0,"sugarUnit":"g","sugarShow":true,"sugarA
Action.c(1024):     lcoholUnit":"g","sugarAlcoholShow":false,"otherCarbsUnit":"g","otherCarbsShow":false,"prot
Action.c(1024):     ein":20.0,"proteinUnit":"g","proteinShow":true,"vitaminAShow":false,"vitaminCShow":false,"
Action.c(1024):     ironShow":false,"calciumShow":false,"ww":2,"wwShow":true},"bmsm":false,"bmsmTiers":[],"gui
Action.c(1024):     dingStars":3,"options":[],"suppressSwapAndSave":false,"productCategoryId":3739,"hasPriceAd
Action.c(1024):     justment":false,"hasPickStoreLocation":false,"hasCoupon":false},{"prodId":218103,"name":"S
Action.c(1024):     top & Shop Flounder Fillets Boneless Skinless Frozen","size":"32 OZ PKG","unitPrice":6.25,
Action.c(1024):     "unitMeasure":"LB","price":12.49,"regularPrice":12.49,"rootCatId":2541,"rootCatSeq":4,"roo
Action.c(1024):     tCatName":"Seafood","upc":"68826719154","hasSubstitute":false,"rating":0.0,"ratingReviewsS
Action.c(1024):     uppressed":false,"marketSpecificReviews":false,"reviewId":"218103-PPDALL","brandId":5909,"
Action.c(1024):     brand":"Our Brand","subcatId":2556,"subcatName":"Flounder","flags":{"sample":false,"suppre
Action.c(1024):     ssed":false,"active":true,"outOfStock":false,"specialCode":" ","upromise":false,"newArriva
Action.c(1024):     l":false,"privateLabel":true,"preferredItem":false,"bogo":false,"sale":false,"lowPriceEver
Action.c(1024):     yday":false,"organic":false,"dairy":false,"egg":false,"gluten":false,"kosher":false,"peanu
Action.c(1024):     t":false,"nonGMO":false,"vegan":false,"vegeterian":false,"lactoseFree":false,"antibioticFr
Action.c(1024):     ee":false,"wheatFree":false,"hormoneFree":false,"nitrateFree":false,"nitriteFree":false,"n
Action.c(1024):     atural":false},"image":{"small":"https://i5.peapod.com/c/Q2/Q2ESN.jpg","medium":"https://i
Action.c(1024):     5.peapod.com/c/MX/MX9XS.jpg","large":"https://i5.peapod.com/c/2J/2JY17.jpg","xlarge":"http
Action.c(1024):     s://i5.peapod.com/c/8Z/8ZFR1.jpg"},"nutrition":{"nutritionShow":true,"servingSize":"4.0 OZ
Action.c(1024):      (1.0 FILLET)","servingsPerContainer":"8","totalCalories":80.0,"totalCaloriesShow":true,"f
Action.c(1024):     atCaloriesShow":false,"totalFat":2.0,"totalFatShow":true,"totalFatPct":3.0,"totalFatPctSho
Action.c(1024):     w":true,"totalFatUnit":"g","saturatedFat":0.5,"saturatedFatShow":true,"saturatedFatPct":3.
Action.c(1024):     0,"saturatedFatPctShow":true,"saturatedFatUnit":"g","transFat":0.0,"transFatUnit":"g","tra
Action.c(1024):     nsFatShow":true,"polyunsaturatedFatUnit":"g","polyunsaturatedFatShow":false,"monounsaturat
Action.c(1024):     edFatUnit":"g","monounsaturatedFatShow":false,"cholesterol":50.0,"cholesterolShow":true,"c
Action.c(1024):     holesterolPct":16.0,"cholesterolPctShow":true,"cholesterolUnit":"mg","sodium":330.0,"sodiu
Action.c(1024):     mShow":true,"sodiumPct":14.0,"sodiumPctShow":true,"sodiumUnit":"mg","potassium":180.0,"pot
Action.c(1024):     assiumShow":true,"potassiumPct":4.0,"potassiumPctShow":true,"potassiumUnit":"mg","totalCar
Action.c(1024):     bs":0.0,"totalCarbsShow":true,"totalCarbsPct":0.0,"totalCarbsPctShow":true,"totalCarbsUnit
Action.c(1024):     ":"g","dietaryFiber":0.0,"dietaryFiberShow":true,"dietaryFiberPct":0.0,"dietaryFiberPctSho
Action.c(1024):     w":true,"dietaryFiberUnit":"g","sugar":0.0,"sugarUnit":"g","sugarShow":true,"sugarAlcoholU
Action.c(1024):     nit":"g","sugarAlcoholShow":false,"otherCarbsUnit":"g","otherCarbsShow":false,"protein":14
Action.c(1024):     .0,"proteinUnit":"g","proteinShow":true,"vitaminAShow":false,"vitaminCShow":false,"ironPct
Action.c(1024):     ":0.0,"ironShow":true,"calciumPct":2.0,"calciumShow":true,"ww":2,"wwShow":true},"bmsm":fal
Action.c(1024):     se,"bmsmTiers":[],"guidingStars":0,"options":[],"suppressSwapAndSave":false,"productCatego
Action.c(1024):     ryId":3732,"hasPriceAdjustment":false,"hasPickStoreLocation":false,"hasCoupon":false},{"pr
Action.c(1024):     odId":231921,"name":"Stop & Shop Haddock Fillets Skinless Boneless Wild Caught","size":"2 
Action.c(1024):     LB PKG","unitPrice":6.25,"unitMeasure":"LB","pri
Action.c(1024): t=226587ms: 5384-byte DECODED response body for "https://stage.peapod.com/api/v3.0/user/products?catTreeId=1634&facet=categories,brands,nutrition,specials,newArrivals,privateLabel&facetExcludeFilter=true&filter=&flags=true&hkInclude=true&nutrition=true&rows=120&sort=itemsPurchased+desc,+name+asc&start=0&substitute=true" (RelFrameId=1, Internal ID=100)
Action.c(1024):     ce":12.49,"regularPrice":12.49,"rootCatId":2541,"rootCatSeq":4,"rootCatName":"Seafood","up
Action.c(1024):     c":"68826719155","hasSubstitute":false,"rating":0.0,"ratingReviewsSuppressed":false,"marke
Action.c(1024):     tSpecificReviews":false,"reviewId":"231921-PPDALL","brandId":5909,"brand":"Our Brand","sub
Action.c(1024):     catId":2557,"subcatName":"Haddock","flags":{"sample":false,"suppressed":false,"active":tru
Action.c(1024):     e,"outOfStock":false,"specialCode":" ","upromise":false,"newArrival":false,"privateLabel":
Action.c(1024):     true,"preferredItem":false,"bogo":false,"sale":false,"lowPriceEveryday":false,"organic":fa
Action.c(1024):     lse,"dairy":false,"egg":false,"gluten":false,"kosher":false,"peanut":false,"nonGMO":false,
Action.c(1024):     "vegan":false,"vegeterian":false,"lactoseFree":false,"antibioticFree":false,"wheatFree":fa
Action.c(1024):     lse,"hormoneFree":false,"nitrateFree":false,"nitriteFree":false,"natural":false},"image":{
Action.c(1024):     "small":"https://i5.peapod.com/c/5O/5OVI9.jpg","medium":"https://i5.peapod.com/c/UB/UBAIX.
Action.c(1024):     jpg","large":"https://i5.peapod.com/c/26/26681.jpg","xlarge":"https://i5.peapod.com/c/HZ/H
Action.c(1024):     ZB8K.jpg"},"nutrition":{"nutritionShow":true,"servingSize":"4.0 OZ (1.0 FILLET)","servings
Action.c(1024):     PerContainer":"8","totalCalories":70.0,"totalCaloriesShow":true,"fatCaloriesShow":false,"t
Action.c(1024):     otalFat":0.5,"totalFatShow":true,"totalFatPct":0.0,"totalFatPctShow":true,"totalFatUnit":"
Action.c(1024):     g","saturatedFat":0.0,"saturatedFatShow":true,"saturatedFatPct":0.0,"saturatedFatPctShow":
Action.c(1024):     true,"saturatedFatUnit":"g","transFat":0.0,"transFatUnit":"g","transFatShow":true,"polyuns
Action.c(1024):     aturatedFatUnit":"g","polyunsaturatedFatShow":false,"monounsaturatedFatUnit":"g","monounsa
Action.c(1024):     turatedFatShow":false,"cholesterol":40.0,"cholesterolShow":true,"cholesterolPct":13.0,"cho
Action.c(1024):     lesterolPctShow":true,"cholesterolUnit":"mg","sodium":220.0,"sodiumShow":true,"sodiumPct":
Action.c(1024):     10.0,"sodiumPctShow":true,"sodiumUnit":"mg","potassium":380.0,"potassiumShow":true,"potass
Action.c(1024):     iumPct":8.0,"potassiumPctShow":true,"potassiumUnit":"mg","totalCarbs":0.0,"totalCarbsShow"
Action.c(1024):     :true,"totalCarbsPct":0.0,"totalCarbsPctShow":true,"totalCarbsUnit":"g","dietaryFiber":0.0
Action.c(1024):     ,"dietaryFiberShow":true,"dietaryFiberPct":0.0,"dietaryFiberPctShow":true,"dietaryFiberUni
Action.c(1024):     t":"g","sugar":0.0,"sugarUnit":"g","sugarShow":true,"sugarAlcoholUnit":"g","sugarAlcoholSh
Action.c(1024):     ow":false,"otherCarbsUnit":"g","otherCarbsShow":false,"protein":17.0,"proteinUnit":"g","pr
Action.c(1024):     oteinShow":true,"vitaminAShow":false,"vitaminCShow":false,"ironPct":0.0,"ironShow":true,"c
Action.c(1024):     alciumPct":0.0,"calciumShow":true,"ww":2,"wwShow":true},"bmsm":false,"bmsmTiers":[],"guidi
Action.c(1024):     ngStars":0,"options":[],"suppressSwapAndSave":false,"productCategoryId":3729,"hasPriceAdju
Action.c(1024):     stment":false,"hasPickStoreLocation":false,"hasCoupon":false},{"prodId":246886,"name":"Sto
Action.c(1024):     p & Shop Tilapia Boneless & Skinless Fillets","size":"40 OZ BAG","unitPrice":4.12,"unitMea
Action.c(1024):     sure":"LB","price":10.29,"regularPrice":10.29,"rootCatId":2541,"rootCatSeq":4,"rootCatName
Action.c(1024):     ":"Seafood","upc":"68826719157","hasSubstitute":false,"rating":0.0,"ratingReviewsSuppresse
Action.c(1024):     d":false,"marketSpecificReviews":false,"reviewId":"246886-PPDALL","brandId":5909,"brand":"
Action.c(1024):     Our Brand","subcatId":2549,"subcatName":"Tilapia","flags":{"sample":false,"suppressed":fal
Action.c(1024):     se,"active":true,"outOfStock":false,"specialCode":" ","upromise":false,"newArrival":false,
Action.c(1024):     "privateLabel":true,"preferredItem":false,"bogo":false,"sale":false,"lowPriceEveryday":fal
Action.c(1024):     se,"organic":false,"dairy":false,"egg":false,"gluten":false,"kosher":false,"peanut":false,
Action.c(1024):     "nonGMO":false,"vegan":false,"vegeterian":false,"lactoseFree":false,"antibioticFree":false
Action.c(1024):     ,"wheatFree":false,"hormoneFree":false,"nitrateFree":false,"nitriteFree":false,"natural":f
Action.c(1024):     alse},"image":{"small":"https://i5.peapod.com/c/UA/UA71Y.jpg","medium":"https://i5.peapod.
Action.c(1024):     com/c/RN/RNUT7.jpg","large":"https://i5.peapod.com/c/VN/VNJMG.jpg","xlarge":"https://i5.pe
Action.c(1024):     apod.com/c/IL/ILXSU.jpg"},"nutrition":{"nutritionShow":true,"servingSize":"4.0 OZ (1.0 FIL
Action.c(1024):     LET)","servingsPerContainer":"10","totalCalories":90.0,"totalCaloriesShow":true,"fatCalori
Action.c(1024):     esShow":false,"totalFat":1.5,"totalFatShow":true,"totalFatPct":2.0,"totalFatPctShow":true,
Action.c(1024):     "totalFatUnit":"g","saturatedFat":0.5,"saturatedFatShow":true,"saturatedFatPct":3.0,"satur
Action.c(1024):     atedFatPctShow":true,"saturatedFatUnit":"g","transFat":0.0,"transFatUnit":"g","transFatSho
Action.c(1024):     w":true,"polyunsaturatedFatUnit":"g","polyunsaturatedFatShow":false,"monounsaturatedFatUni
Action.c(1024):     t":"g","monounsaturatedFatShow":false,"cholesterol":45.0,"cholesterolShow":true,"cholester
Action.c(1024):     olPct":15.0,"cholesterolPctShow":true,"cholesterolUnit":"mg","sodium":180.0,"sodiumShow":t
Action.c(1024):     rue,"sodiumPct":8.0,"sodiumPctShow":true,"sodiumUnit":"mg","potassium":320.0,"potassiumSho
Action.c(1024):     w":true,"potassiumPct":6.0,"potassiumPctShow":true,"potassiumUnit":"mg","totalCarbs":0.0,"
Action.c(1024):     totalCarbsShow":true,"totalCarbsPct":0.0,"totalCarbsPctShow":true,"totalCarbsUnit":"g","di
Action.c(1024):     etaryFiber":0.0,"dietaryFiberShow":true,"dietaryFiberPct":0.0,"dietaryFiberPctShow":true,"
Action.c(1024):     dietaryFiberUnit":"g","sugar":0.0,"sugarUnit":"g","sugarShow":true,"sugarAlcoholUnit":"g",
Action.c(1024):     "sugarAlcoholShow":false,"otherCarbsUnit":"g","otherCarbsShow":false,"protein":20.0,"prote
Action.c(1024):     inUnit":"g","proteinShow":true,"vitaminAShow":false,"vitaminCShow":false,"ironPct":0.0,"ir
Action.c(1024):     onShow":true,"calciumPct":2.0,"calciumShow":true,"ww":2,"wwShow":true},"bmsm":false,"bmsmT
Action.c(1024):     iers":[],"guidingStars":1,"options":[],"suppressSwapAndSave":false,"productCategoryId":373
Action.c(1024):     9,"hasPriceAdjustment":false,"hasPickStoreLocation":false,"hasCoupon":false}],"pagination"
Action.c(1024):     :{"rows":120,"start":0,"total":19}},"sessionId":"IIFRJAZ4OWS4UCWWM4JCF3Q"}
Action.c(1024): web_custom_request("products_4") was successful, 5274 body bytes, 710 header bytes  	[MsgId: MMSG-26386]
Action.c(1033): web_custom_request("cms_18") started  	[MsgId: MMSG-26355]
Action.c(1033): t=231085ms: 752-byte response headers for "https://stage.peapod.com/api/v2.0/cms?regions=%7B%22browse_aisles_top_category_hero%22:%7B%22limit%22:100,%22ff%22:%7B%22Browse+Aisles+Shelf+Category+Id%22:%5B2542%5D%7D%7D,%22browse_aisles_top_category_content%22:%7B%22ff%22:%7B%22Browse+Aisles+Shelf+Category+Id%22:%5B2542%5D%7D%7D,%22browse_aisles_top_category_body%22:%7B%22ff%22:%7B%22Browse+Aisles+Shelf+Category+Id%22:%5B2542%5D%7D%7D,%22browse_aisles_shelf_header%22:%7B%22ff%22:%7B%22Browse+Aisles+Shelf+Category+Id%22:%5B2542%5D%7D%7D,%22browse_aisles_shelf_tile%22:%7B%22ff%22:%7B%22Browse+Aisles+Shelf+Category+Id%22:%5B2542%5D%7D%7D,%22browse_aisles_shelf_content%22:%7B%22ff%22:%7B%22Browse+Aisles+Shelf+Category+Id%22:%5B2542%5D%7D,%22limit%22:100,%22aux%22:%7B%22global_shelf_content%22:%7B%22limit%22:100%7D%7D%7D%7D" (RelFrameId=1, Internal ID=101)
Action.c(1033):     HTTP/1.1 200 OK\r\n
Action.c(1033):     Date: Sun, 24 Nov 2019 16:43:08 GMT\r\n
Action.c(1033):     Content-Type: application/json;charset=utf-8\r\n
Action.c(1033):     Transfer-Encoding: chunked\r\n
Action.c(1033):     Connection: keep-alive\r\n
Action.c(1033):     Strict-Transport-Security: max-age=63072000; includeSubdomains;\r\n
Action.c(1033):     access-control-allow-credentials: true\r\n
Action.c(1033):     access-control-allow-origin:\r\n
Action.c(1033):     expires: 0\r\n
Action.c(1033):     Vary: Accept-Encoding,User-Agent\r\n
Action.c(1033):     Content-Encoding: gzip\r\n
Action.c(1033):     Cache-Control: no-store\r\n
Action.c(1033):     X-XSS-Protection: 1; mode=block\r\n
Action.c(1033):     X-Content-Type-Options: nosniff\r\n
Action.c(1033):     Strict-Transport-Security: max-age=86400; includeSubDomains\r\n
Action.c(1033):     Content-Security-Policy: frame-ancestors 'self' *.giantfood.com\r\n
Action.c(1033):     CF-Cache-Status: DYNAMIC\r\n
Action.c(1033):     Expect-CT: max-age=604800, report-uri="https://report-uri.cloudflare.com/cdn-cgi/beacon/ex
Action.c(1033):     pect-ct"\r\n
Action.c(1033):     Server: cloudflare\r\n
Action.c(1033):     CF-RAY: 53acd710c9102454-IAD\r\n
Action.c(1033):     \r\n
Action.c(1033): t=231088ms: 611-byte ENCODED response body received for "https://stage.peapod.com/api/v2.0/cms?regions=%7B%22browse_aisles_top_category_hero%22:%7B%22limit%22:100,%22ff%22:%7B%22Browse+Aisles+Shelf+Category+Id%22:%5B2542%5D%7D%7D,%22browse_aisles_top_category_content%22:%7B%22ff%22:%7B%22Browse+Aisles+Shelf+Category+Id%22:%5B2542%5D%7D%7D,%22browse_aisles_top_category_body%22:%7B%22ff%22:%7B%22Browse+Aisles+Shelf+Category+Id%22:%5B2542%5D%7D%7D,%22browse_aisles_shelf_header%22:%7B%22ff%22:%7B%22Browse+Aisles+Shelf+Category+Id%22:%5B2542%5D%7D%7D,%22browse_aisles_shelf_tile%22:%7B%22ff%22:%7B%22Browse+Aisles+Shelf+Category+Id%22:%5B2542%5D%7D%7D,%22browse_aisles_shelf_content%22:%7B%22ff%22:%7B%22Browse+Aisles+Shelf+Category+Id%22:%5B2542%5D%7D,%22limit%22:100,%22aux%22:%7B%22global_shelf_content%22:%7B%22limit%22:100%7D%7D%7D%7D" (RelFrameId=1, Internal ID=101)
Action.c(1033): t=231088ms: 1053-byte DECODED response body for "https://stage.peapod.com/api/v2.0/cms?regions=%7B%22browse_aisles_top_category_hero%22:%7B%22limit%22:100,%22ff%22:%7B%22Browse+Aisles+Shelf+Category+Id%22:%5B2542%5D%7D%7D,%22browse_aisles_top_category_content%22:%7B%22ff%22:%7B%22Browse+Aisles+Shelf+Category+Id%22:%5B2542%5D%7D%7D,%22browse_aisles_top_category_body%22:%7B%22ff%22:%7B%22Browse+Aisles+Shelf+Category+Id%22:%5B2542%5D%7D%7D,%22browse_aisles_shelf_header%22:%7B%22ff%22:%7B%22Browse+Aisles+Shelf+Category+Id%22:%5B2542%5D%7D%7D,%22browse_aisles_shelf_tile%22:%7B%22ff%22:%7B%22Browse+Aisles+Shelf+Category+Id%22:%5B2542%5D%7D%7D,%22browse_aisles_shelf_content%22:%7B%22ff%22:%7B%22Browse+Aisles+Shelf+Category+Id%22:%5B2542%5D%7D,%22limit%22:100,%22aux%22:%7B%22global_shelf_content%22:%7B%22limit%22:100%7D%7D%7D%7D" (RelFrameId=1, Internal ID=101)
Action.c(1033):     {"response":{"regionContents":[{"region":"browse_aisles_shelf_content","contents":[{"map":
Action.c(1033):     {"Friendly Tracking Description":"Quotient - Ad Module","moduleType":"Content: Quotient Ad
Action.c(1033):     ","Customer Status":{"myArrayList":["New Customer","Existing Customer"]},"Business Days":"
Action.c(1033):     705 business days","Test Scripted Field":"<h2>new value</h2>","Test script field (migratio
Action.c(1033):     n)":"CS-63522","Site_Location":"global_shelf_content","Customer Type":{"myArrayList":["Con
Action.c(1033):     sumer","Merchant"]},"scheduledContentData":{"map":{"Targeted to User Event ID":"No","Conta
Action.c(1033):     in Offer":"No","Test Scripted Field":"<h2>new value</h2>","Create Multipanel":{"myArrayLis
Action.c(1033):     t":["Left Panel","Right Panel"]},"Existing Offer":"No","Test script field (migration)":"CS
Action.c(1033):     -64380","Piece will be Mailed?":"No","Versions":"1","Specials Page Liner Placement":"No","
Action.c(1033):     parts":{"myArrayList":[]},"id":"342126","Logo Requested":"No","key":"CS-64380"}},"Schedule
Action.c(1033):     d_Priority":"2","Start Date":"2019-04-01","Content_Active":"Yes","End Date":"2029-12-31","
Action.c(1033):     Sent to QA":"2019-04-01T14:04:25.752-0500","id":"341058","Store
Action.c(1033): t=231090ms: 3402-byte ENCODED response body received for "https://stage.peapod.com/api/v2.0/cms?regions=%7B%22browse_aisles_top_category_hero%22:%7B%22limit%22:100,%22ff%22:%7B%22Browse+Aisles+Shelf+Category+Id%22:%5B2542%5D%7D%7D,%22browse_aisles_top_category_content%22:%7B%22ff%22:%7B%22Browse+Aisles+Shelf+Category+Id%22:%5B2542%5D%7D%7D,%22browse_aisles_top_category_body%22:%7B%22ff%22:%7B%22Browse+Aisles+Shelf+Category+Id%22:%5B2542%5D%7D%7D,%22browse_aisles_shelf_header%22:%7B%22ff%22:%7B%22Browse+Aisles+Shelf+Category+Id%22:%5B2542%5D%7D%7D,%22browse_aisles_shelf_tile%22:%7B%22ff%22:%7B%22Browse+Aisles+Shelf+Category+Id%22:%5B2542%5D%7D%7D,%22browse_aisles_shelf_content%22:%7B%22ff%22:%7B%22Browse+Aisles+Shelf+Category+Id%22:%5B2542%5D%7D,%22limit%22:100,%22aux%22:%7B%22global_shelf_content%22:%7B%22limit%22:100%7D%7D%7D%7D" (RelFrameId=1, Internal ID=101)
Action.c(1033): t=231090ms: 12288-byte DECODED response body for "https://stage.peapod.com/api/v2.0/cms?regions=%7B%22browse_aisles_top_category_hero%22:%7B%22limit%22:100,%22ff%22:%7B%22Browse+Aisles+Shelf+Category+Id%22:%5B2542%5D%7D%7D,%22browse_aisles_top_category_content%22:%7B%22ff%22:%7B%22Browse+Aisles+Shelf+Category+Id%22:%5B2542%5D%7D%7D,%22browse_aisles_top_category_body%22:%7B%22ff%22:%7B%22Browse+Aisles+Shelf+Category+Id%22:%5B2542%5D%7D%7D,%22browse_aisles_shelf_header%22:%7B%22ff%22:%7B%22Browse+Aisles+Shelf+Category+Id%22:%5B2542%5D%7D%7D,%22browse_aisles_shelf_tile%22:%7B%22ff%22:%7B%22Browse+Aisles+Shelf+Category+Id%22:%5B2542%5D%7D%7D,%22browse_aisles_shelf_content%22:%7B%22ff%22:%7B%22Browse+Aisles+Shelf+Category+Id%22:%5B2542%5D%7D,%22limit%22:100,%22aux%22:%7B%22global_shelf_content%22:%7B%22limit%22:100%7D%7D%7D%7D" (RelFrameId=1, Internal ID=101)
Action.c(1033):     Codes":{"myArrayList":[]},"key":"CS-63522"}},{"map":{"Friendly Tracking Description":"Glob
Action.c(1033):     al Tile - RAF Holiday Promo 2019","moduleType":"Content: Tile","SEO Excluded":"No","Custom
Action.c(1033):     er Status":{"myArrayList":["New Customer","Existing Customer"]},"Approved":"2019-11-01T13:
Action.c(1033):     39:03.824-0500","Rejected":"2019-10-31T10:14:52.325-0500","Opcos":{"myArrayList":["PPOD","
Action.c(1033):     STSH"]},"Create Multipanel":{"myArrayList":["Left Panel","Right Panel"]},"Test script fiel
Action.c(1033):     d (migration)":"CS-88904","Site_Location":"global_shelf_content","Customer Type":{"myArray
Action.c(1033):     List":["Consumer"]},"scheduledContentData":{"map":{"Body Copy":"when you refer friends","A
Action.c(1033):     pproved":"2019-10-31T09:17:00.000-0500","Button Link":"http://peapod.extole.com/micro/micr
Action.c(1033):     osite?e={{ content.info.email }}&f={{ content.name.firstName }}&l={{ content.name.lastName
Action.c(1033):      }}","Create Multipanel":{"myArrayList":["Left Panel","Right Panel"]},"Test script field (
Action.c(1033):     migration)":"CS-88901","Headline Copy":"Give $30 off + Get $30","Alt Text":"turkey dinner 
Action.c(1033):     on a tabletop","Color Scheme: Product":"Light Gray","Content ID":"2728003:OFK2B.jpg","Prod
Action.c(1033):     ucts Targeted":"No","parts":{"myArrayList":[]},"Sent to QA":"2019-10-31T09:16:00.000-0500"
Action.c(1033):     ,"id":"376034","Button Type Tiles":"External Link","key":"CS-88901"}},"Scheduled_Priority"
Action.c(1033):     :"3","Start Date":"2019-11-01","Content_Active":"Yes","End Date":"2019-12-31","Sent to QA"
Action.c(1033):     :"2019-11-01T13:43:58.349-0500","id":"376037","StoreCodes":{"myArrayList":[]},"key":"CS-88
Action.c(1033):     904"}},{"map":{"Friendly Tracking Description":"Quotient - Ad Module","moduleType":"Conten
Action.c(1033):     t: Quotient Ad","Customer Status":{"myArrayList":["New Customer","Existing Customer"]},"Bu
Action.c(1033):     siness Days":"705 business days","Test Scripted Field":"<h2>new value</h2>","Test script f
Action.c(1033):     ield (migration)":"CS-63526","Site_Location":"global_shelf_content","Customer Type":{"myAr
Action.c(1033):     rayList":["Consumer","Merchant"]},"scheduledContentData":{"map":{"Targeted to User Event I
Action.c(1033):     D":"No","Contain Offer":"No","Test Scripted Field":"<h2>new value</h2>","Create Multipanel
Action.c(1033):     ":{"myArrayList":["Left Panel","Right Panel"]},"Existing Offer":"No","Test script field (m
Action.c(1033):     igration)":"CS-64380","Piece will be Mailed?":"No","Versions":"1","Specials Page Liner Pla
Action.c(1033):     cement":"No","parts":{"myArrayList":[]},"id":"342126","Logo Requested":"No","key":"CS-6438
Action.c(1033):     0"}},"Scheduled_Priority":"2","Start Date":"2019-04-01","Content_Active":"Yes","End Date":
Action.c(1033):     "2029-12-31","Sent to QA":"2019-04-01T14:06:29.276-0500","id":"341062","StoreCodes":{"myAr
Action.c(1033):     rayList":[]},"key":"CS-63526"}},{"map":{"Friendly Tracking Description":"Quotient - Ad Mod
Action.c(1033):     ule","moduleType":"Content: Quotient Ad","Customer Status":{"myArrayList":["New Customer",
Action.c(1033):     "Existing Customer"]},"Business Days":"705 business days","Test Scripted Field":"<h2>new v
Action.c(1033):     alue</h2>","Test script field (migration)":"CS-63521","Site_Location":"global_shelf_conten
Action.c(1033):     t","Customer Type":{"myArrayList":["Consumer","Merchant"]},"scheduledContentData":{"map":{
Action.c(1033):     "Targeted to User Event ID":"No","Contain Offer":"No","Test Scripted Field":"<h2>new value
Action.c(1033):     </h2>","Create Multipanel":{"myArrayList":["Left Panel","Right Panel"]},"Existing Offer":"
Action.c(1033):     No","Test script field (migration)":"CS-64380","Piece will be Mailed?":"No","Versions":"1"
Action.c(1033):     ,"Specials Page Liner Placement":"No","parts":{"myArrayList":[]},"id":"342126","Logo Reque
Action.c(1033):     sted":"No","key":"CS-64380"}},"Scheduled_Priority":"2","Start Date":"2019-04-01","Content_
Action.c(1033):     Active":"Yes","End Date":"2029-12-31","Sent to QA":"2019-04-01T14:01:54.388-0500","id":"34
Action.c(1033):     1057","StoreCodes":{"myArrayList":[]},"key":"CS-63521"}},{"map":{"Friendly Tracking Descri
Action.c(1033):     ption":"Quotient - Ad Module","moduleType":"Content: Quotient Ad","Customer Status":{"myAr
Action.c(1033):     rayList":["New Customer","Existing Customer"]},"Business Days":"705 business days","Test S
Action.c(1033):     cripted Field":"<h2>new value</h2>","Test script field (migration)":"CS-63523","Site_Locat
Action.c(1033):     ion":"global_shelf_content","Customer Type":{"myArrayList":["Consumer","Merchant"]},"sched
Action.c(1033):     uledContentData":{"map":{"Targeted to User Event ID":"No","Contain Offer":"No","Test Scrip
Action.c(1033):     ted Field":"<h2>new value</h2>","Create Multipanel":{"myArrayList":["Left Panel","Right Pa
Action.c(1033):     nel"]},"Existing Offer":"No","Test script field (migration)":"CS-64380","Piece will be Mai
Action.c(1033):     led?":"No","Versions":"1","Specials Page Liner Placement":"No","parts":{"myArrayList":[]},
Action.c(1033):     "id":"342126","Logo Requested":"No","key":"CS-64380"}},"Scheduled_Priority":"2","Start Dat
Action.c(1033):     e":"2019-04-01","Content_Active":"Yes","End Date":"2029-12-31","Sent to QA":"2019-04-01T14
Action.c(1033):     :05:57.368-0500","id":"341059","StoreCodes":{"myArrayList":[]},"key":"CS-63523"}},{"map":{
Action.c(1033):     "Friendly Tracking Description":"Guiding Stars","moduleType":"Content: Tile","SEO Excluded
Action.c(1033):     ":"No","Customer Status":{"myArrayList":["New Customer","Existing Customer"]},"Approved":"
Action.c(1033):     2019-06-17T18:22:00.000-0500","Test Scripted Field":"<h2>new value</h2>","Test script fiel
Action.c(1033):     d (migration)":"CS-70811","Site_Location":"global_shelf_content","Customer Type":{"myArray
Action.c(1033):     List":["Consumer"]},"scheduledContentData":{"map":{"Body Copy":"Nutritious choices made si
Action.c(1033):     mple","Approved":"2018-04-04T13:33:13.268-0500","Button Link":"/pages/guidingStars","Test 
Action.c(1033):     Scripted Field":"<h2>new value</h2>","Rejected":"2018-04-02T17:21:00.000-0500","Test scrip
Action.c(1033):     t field (migration)":"CS-33771","Headline Copy":"Guiding Stars","Color Scheme: Product":"L
Action.c(1033):     ight Gray","Content ID":"2199719:589IT.jpg","parts":{"myArrayList":[]},"Sent to QA":"2018-
Action.c(1033):     04-04T13:08:52.164-0500","id":"300166","Button Type Tiles":"Internal Link","key":"CS-33771
Action.c(1033):     "}},"Scheduled_Priority":"1","Start Date":"2019-06-17","Content_Active":"Yes","End Date":"
Action.c(1033):     2029-12-31","Sent to QA":"2019-06-17T18:23:17.573-0500","id":"351578","StoreCodes":{"myArr
Action.c(1033):     ayList":[]},"key":"CS-70811"}},{"map":{"Friendly Tracking Description":"Global Tile - Cook
Action.c(1033):     ing Made Easy January 2019","SEO Excluded":"No","customfield_14250":"No","Rejected":"2019-
Action.c(1033):     02-05T14:33:36.647-0600","Create Multipanel":{"myArrayList":["Left Panel","Right Panel"]},
Action.c(1033):     "Scheduled_Priority":"1","Start Date":"2019-02-07","id":"334972","StoreCodes":{"myArrayLis
Action.c(1033):     t":[]},"key":"CS-59323","Targeted to User Event ID":"No","moduleType":"Content: Tile","Cus
Action.c(1033):     tomer Status":{"myArrayList":["New Customer","Existing Customer"]},"Contain Offer":"No","T
Action.c(1033):     est Scripted Field":"<h2>new value</h2>","Test script field (migration)":"CS-59323","Site_
Action.c(1033):     Location":"global_shelf_content","Existing Offer":"Yes","Customer Type":{"myArrayList":["C
Action.c(1033):     onsumer","Merchant"]},"scheduledContentData":{"map":{"Targeted to User Event ID":"No","Con
Action.c(1033):     tain Offer":"No","Approved":"2018-10-01T17:19:00.000-0500","Button Link":"/pages/cookingMa
Action.c(1033):     deEasy","Test Scripted Field":"<h2>new value</h2>","Create Multipanel":{"myArrayList":["Le
Action.c(1033):     ft Panel","Right Panel"]},"Existing Offer":"Yes","Test script field (migration)":"CS-59322
Action.c(1033):     ","Headline Copy":"Cooking Made Easy","Alt Text":"Image of prepared ingredients","Piece wi
Action.c(1033):     ll be Mailed?":"No","Color Scheme: Product":"Light Gray","Versions":"1","Content ID":"2497
Action.c(1033):     930:4NYRM.jpg","parts":{"myArrayList":[]},"Sent to QA":"2019-01-23T11:59:00.000-0600","id"
Action.c(1033):     :"334971","Logo Requested":"No","Button Type Tiles":"Internal Link","key":"CS-59322"}},"Pi
Action.c(1033):     ece will be Mailed?":"No","Content_Active":"Yes","Versions":"1","End Date":"2029-12-31","S
Action.c(1033):     ent to QA":"2019-02-05T14:42:38.958-0600","Logo Requested":"No"}},{"map":{"Friendly Tracki
Action.c(1033):     ng Description":"Global Tile - Tailg8 2019","moduleType":"Content: Tile","SEO Excluded":"N
Action.c(1033):     o","Customer Status":{"myArrayList":["New Customer","Existing Customer"]},"Approved":"2018
Action.c(1033):     -09-07T12:26:43.066-0500","Create Multipanel":{"myArrayList":["Left Panel","Right Panel"]}
Action.c(1033):     ,"Test script field (migration)":"CS-75376","Site_Location":"global_shelf_content","Custom
Action.c(1033):     er Type":{"myArrayList":["Consumer"]},"scheduledContentData":{"map":{"Body Copy":"win on g
Action.c(1033):     ame day","Approved":"2018-09-07T12:08:49.085-0500","Button Link":"pages/tailgating","Creat
Action.c(1033):     e Multipanel":{"myArrayList":["Left Panel","Right Panel"]},"Test script field (migration)"
Action.c(1033):     :"CS-47352","Headline Copy":"Tailgating Central","Alt Text":"Image of gameday snacks and d
Action.c(1033):     rinks","Color Scheme: Product":"Light Gray","Content ID":"2270654:ZPCFF.jpg","parts":{"myA
Action.c(1033):     rrayList":[]},"Sent to QA":"2019-08-28T17:02:28.776-0500","id":"319504","Button Type Tiles
Action.c(1033):     ":"Internal Link","key":"CS-47352"}},"Scheduled_Priority":"1","Start Date":"2019-08-29","C
Action.c(1033):     ontent_Active":"Yes","End Date":"2019-12-27","Sent to QA":"2019-08-28T17:03:47.502-0500","
Action.c(1033):     id":"357619","StoreCodes":{"myArrayList":[]},"key":"CS-75376"}},{"map":{"Friendly Tracking
Action.c(1033):      Description":"BMSM Global Tile CMS","moduleType":"Content: Tile","SEO Excluded":"No","Cus
Action.c(1033):     tomer Status":{"myArrayList":["New Customer","Existing Customer"]},"Approved":"2019-10-22T
Action.c(1033):     20:51:48.783-0500","Test script field (migration)":"CS-87928","Site_Location":"global_shel
Action.c(1033):     f_content","Customer Type":{"myArrayList":["Consumer"]},"scheduledContentData":{"map":{"Co
Action.c(1033):     lor Scheme: Product":"Light Gray","Content ID":"2183674:PMXLT.jpg","parts":{"myArrayList":
Action.c(1033):     []},"Button Link":"/pages/allBuyMoreSaveMore","id":"294707","Test script field (migration)
Action.c(1033):     ":"CS-31069","Headline Copy":"View Deals","Button Type Tiles":"Internal Link","Alt Text":"
Action.c(1033):     Buy More Save More","key":"CS-31069"}},"Scheduled_Priority":"1","Start Date":"2019-10-22",
Action.c(1033):     "Content_Active":"Yes","End Date":"2029-12-31","Sent to QA":"2019-10-22T20:52:20.743-0500"
Action.c(1033):     ,"id":"374585","StoreCodes":{"myArrayList":[]},"key":"CS-87928"}},{"map":{"Friendly Tracki
Action.c(1033):     ng Description":"New Arrivals - (Consumer) No CNC","moduleType":"Content: Text Tile","SEO 
Action.c(1033):     Excluded":"No","Customer Status":{"myArrayList":["New Customer","Existing Customer"]},"App
Action.c(1033):     roved":"2019-06-18T11:15:00.000-0500","Test Scripted Field":"<h2>new value</h2>","Test scr
Action.c(1033):     ipt field (migration)":"CS-75491","Site_Location":"global_shelf_content","Qualification_Co
Action.c(1033):     de":"CONTENT_CLKCLLT_OUT","Customer Type":{"myArrayList":["Consumer"]},"scheduledContentDa
Action.c(1033):     ta":{"map":{"Text Tile Supporting Copy":"hundreds of new items added","Text Tile Link":"/p
Action.c(1033):     ages/newArrivals","Text Tile Type":"New Arrivals","parts":{"myArrayList":[]},"Test Scripte
Action.c(1033):     d Field":"<h2>new value</h2>","id":"301707","Text Tile Color Scheme":"Blueberry","Test scr
Action.c(1033):     ipt field (migration)":"CS-34636","key":"CS-34636"}},"Scheduled_Priority":"5","Start Date"
Action.c(1033):     :"2019-08-06","Content_Active":"Yes","End Date":"2029-12-31","Sent to QA":"2019-08-05T19:4
Action.c(1033):     7:48.049-0500","id":"357771","StoreCodes":{"myArrayList":[]},"key":"CS-75491"}},{"map":{"F
Action.c(1033):     riendly Tracking Description":"Quotient - Ad Module","moduleType":"Content: Quotient Ad","
Action.c(1033):     Customer Status":{"myArrayList":["New Customer","Existing Customer"]},"Business Days":"705
Action.c(1033):      business days","Test Scripted Field":"<h2>new value</h2>","Test script field (migration)"
Action.c(1033):     :"CS-63525","Site_Location":"global_shelf_content","Customer Type":{"myArrayList":["Consum
Action.c(1033):     er","Merchant"]},"scheduledContentData":{"map":{"Targeted to User Event ID":"No","Contain 
Action.c(1033):     Offer":"No","Test Scripted Field":"<h2>new value</h2>","Create Multipanel":{"myArrayList":
Action.c(1033):     ["Left Panel","Right Panel"]},"Existing Offer":"No","Test script field (migration)":"CS-64
Action.c(1033):     380","Piece will be Mailed?":"No","Versions":"1","Specials Page Liner Placement":"No","par
Action.c(1033):     ts":{"myArrayList":[]},"id":"342126","Logo Requested":"No","key":"CS-64380"}},"Scheduled_P
Action.c(1033):     riority":"2","Start Date":"2019-04-01","Content_Active":"Yes","End Date":"2029-12-31","Sen
Action.c(1033):     t to QA":"2019-04-01T14:06:18.902-0500","id":"341061","StoreCodes":{"myArrayList":[]},"key
Action.c(1033):     ":"CS-63525"}},{"map":{"Friendly Tracking Description":"Quotient - Ad Module","moduleType"
Action.c(1033):     :"Content: Quotient Ad","Customer Status":{"myArrayList":["New Customer","Existing Custome
Action.c(1033):     r"]},"Business Days":"705 business days","Test Scripted Field":"<h2>new value</h2>","Test 
Action.c(1033):     script field (migration)":"CS-63524","Site_Location":"global_shelf_content","Customer Type
Action.c(1033):     ":{"myArrayList":["Consumer","Merchant"]},"scheduledContentData":{"map":{"Targeted to User
Action.c(1033):      Event ID":"No","Contain Offer":"No","Test Scripted Field":"<h2>new value</h2>","Create Mu
Action.c(1033):     ltipanel":{"myArrayList":["Left Panel","Right Panel"]},"Existing Offer":"No","Test script 
Action.c(1033):     field (migration)":"CS-64380","Piece will be Mailed?":"No","Versions":"1","Specials Page L
Action.c(1033):     iner Placement":"No","parts":{"myArrayList":[]},"id":"342126","Logo Requested":"No","key":
Action.c(1033):     "CS-64380"}},"Scheduled_Priority":"2","Start Date":"2019-04-01","Content_Active":"Yes","En
Action.c(1033):     d Date":"2029-12-31","Sent to QA":"2019-04-01T14:06:08.290-0500","id":"341060","StoreCodes
Action.c(1033):     ":{"myArrayList":[]},"key":"CS-63524"}},{"map":{
Action.c(1033): t=231111ms: 10702-byte DECODED response body for "https://stage.peapod.com/api/v2.0/cms?regions=%7B%22browse_aisles_top_category_hero%22:%7B%22limit%22:100,%22ff%22:%7B%22Browse+Aisles+Shelf+Category+Id%22:%5B2542%5D%7D%7D,%22browse_aisles_top_category_content%22:%7B%22ff%22:%7B%22Browse+Aisles+Shelf+Category+Id%22:%5B2542%5D%7D%7D,%22browse_aisles_top_category_body%22:%7B%22ff%22:%7B%22Browse+Aisles+Shelf+Category+Id%22:%5B2542%5D%7D%7D,%22browse_aisles_shelf_header%22:%7B%22ff%22:%7B%22Browse+Aisles+Shelf+Category+Id%22:%5B2542%5D%7D%7D,%22browse_aisles_shelf_tile%22:%7B%22ff%22:%7B%22Browse+Aisles+Shelf+Category+Id%22:%5B2542%5D%7D%7D,%22browse_aisles_shelf_content%22:%7B%22ff%22:%7B%22Browse+Aisles+Shelf+Category+Id%22:%5B2542%5D%7D,%22limit%22:100,%22aux%22:%7B%22global_shelf_content%22:%7B%22limit%22:100%7D%7D%7D%7D" (RelFrameId=1, Internal ID=101)
Action.c(1033):     "summary":"GlobalTile - Cocktail Central","Friendly Tracking Description":"Cocktail Global
Action.c(1033):      Tile","moduleType":"Content: Tile","Customer Status":{"myArrayList":["New Customer","Exis
Action.c(1033):     ting Customer"]},"Approved":"2017-09-18T10:03:10.000-0500","Test Scripted Field":"<h2>new 
Action.c(1033):     value</h2>","Rank":"2|i09ksj:","Rank (Obsolete)":"9223372036854775807","Site_Location":"gl
Action.c(1033):     obal_shelf_content","scheduledContentData":{"map":{"summary":"Cocktail Global Tile","Body 
Action.c(1033):     Copy":"the best drink recipes","Button Link":"pages/cocktailCentral","Test Scripted Field"
Action.c(1033):     :"<h2>new value</h2>","Rank":"2|i09kwz:","Rank (Obsolete)":"9223372036854775807","Headline
Action.c(1033):      Copy":"Cocktail Central","Alt Text":"Image of a variety of cocktails","Color Scheme: Prod
Action.c(1033):     uct":"Light Gray","Versions":"1","Content ID":"2121413:SQD6Z.jpg","parts":{"myArrayList":[
Action.c(1033):     ]},"Testing status":"Not started","id":"272884","Button Type Tiles":"Internal Link","key":
Action.c(1033):     "CS-21699"}},"Scheduled_Priority":"1","Customer Type":{"myArrayList":["Consumer","Merchant
Action.c(1033):     "]},"Versions":"1","Content_Active":"Yes","Start Date":"2017-09-18","End Date":"2029-12-29
Action.c(1033):     ","Sent to QA":"2017-09-18T10:03:06.000-0500","Testing status":"Not started","id":"272861"
Action.c(1033):     ,"StoreCodes":{"myArrayList":[]},"key":"CS-21694"}},{"map":{"Friendly Tracking Description
Action.c(1033):     ":"Tile Global - Cost Per Serving Meal Kit ","moduleType":"Content: Tile","SEO Excluded":"
Action.c(1033):     No","Customer Status":{"myArrayList":["New Customer","Existing Customer"]},"customfield_14
Action.c(1033):     420":"No","Create Multipanel":{"myArrayList":["Left Panel","Right Panel"]},"Test script fi
Action.c(1033):     eld (migration)":"CS-80745","Site_Location":"global_shelf_content","Customer Type":{"myArr
Action.c(1033):     ayList":["Consumer","Merchant"]},"scheduledContentData":{"map":{"Body Copy":"at $4 per ser
Action.c(1033):     ving","Button Link":"/pages/mealkits","customfield_14420":"No","Create Multipanel":{"myArr
Action.c(1033):     ayList":["Left Panel","Right Panel"]},"Test script field (migration)":"CS-80744","Headline
Action.c(1033):      Copy":"Meal kits starting","Alt Text":"Del Monte Avocado Chicken Burger Meal Kit","Color 
Action.c(1033):     Scheme: Product":"Light Gray","Content ID":"2662064:6X1WE.jpg","parts":{"myArrayList":[]},
Action.c(1033):     "Sent to QA":"2019-09-05T07:01:23.494-0500","id":"364699","Button Type Tiles":"Internal Li
Action.c(1033):     nk","key":"CS-80744"}},"Scheduled_Priority":"1","Start Date":"2019-09-12","Content_Active"
Action.c(1033):     :"Yes","End Date":"2029-12-31","Sent to QA":"2019-09-06T09:32:29.854-0500","id":"364700","
Action.c(1033):     StoreCodes":{"myArrayList":[]},"key":"CS-80745"}},{"map":{"Friendly Tracking Description":
Action.c(1033):     "Global KWM - Merch Week 32 - Household Multiple EC Event + Landing Page","moduleType":"Co
Action.c(1033):     ntent: Keyweb Lifestyle","SEO Excluded":"No","Customer Status":{"myArrayList":["New Custom
Action.c(1033):     er","Existing Customer"]},"Test Scripted Field":"<h2>new value</h2>","Create Multipanel":{
Action.c(1033):     "myArrayList":["Left Panel","Right Panel"]},"Test script field (migration)":"CS-74421","Si
Action.c(1033):     te_Location":"global_shelf_content","Content Container URL Key":"household-eci","Customer 
Action.c(1033):     Type":{"myArrayList":["Consumer"]},"scheduledContentData":{"map":{"Content ID: Mobile":"26
Action.c(1033):     27774:6M499.jpg","Headline Copy: Mobile":"Extra Savings on Meal Kit Prep & Cleanup!","Head
Action.c(1033):     line Copy: Desktop / Tablet / Mini Tablet":"Extra Savings on Meal Kit Prep & Cleanup!","Bu
Action.c(1033):     tton Link":"/pages/household-eci","Test Scripted Field":"<h2>new value</h2>","Body Copy: M
Action.c(1033):     obile":"Instant Coupons Available!","Create Multipanel":{"myArrayList":["Left Panel","Righ
Action.c(1033):     t Panel"]},"Test script field (migration)":"CS-74401","Button Type":"Internal Link","Text 
Action.c(1033):     Alignment":"Center","Alt Text: All Images":"Meal Kits, Make Dinner a Breeze, Prepped-Foods
Action.c(1033):     , Meals, Clean-Up, Brawny, Dixie, Mrs. Meyer's, Soap, Napkins, Paper Plates, Meal Kit Prep
Action.c(1033):     ","Content ID: Desktop":"2627777:URQFM.jpg","Content ID: Tablet":"2627775:T1YBV.jpg","Cont
Action.c(1033):     ent ID: Mini Tablet":"2627773:1REXA.jpg","parts":{"myArrayList":[]},"id":"356253","Color S
Action.c(1033):     cheme: Lifestyle":"Green","key":"CS-74401","Body Copy: Desktop / Tablet / Mini Tablet":"In
Action.c(1033):     stant coupons on Paper Plates, Napkins, Paper Towels + More!","Button Text":"Save Now"}},"
Action.c(1033):     Scheduled_Priority":"1","Start Date":"2019-08-01","Content_Active":"Yes","End Date":"2020-
Action.c(1033):     01-01","Sent to QA":"2019-07-29T09:54:05.848-0500","Page Title":"Instant Savings!","id":"3
Action.c(1033):     56274","StoreCodes":{"myArrayList":[]},"key":"CS-74421"}},{"map":{"Friendly Tracking Descr
Action.c(1033):     iption":"Tile - Merch Week 32 - Household Multiple EC Event + Landing Page\\t","moduleType
Action.c(1033):     ":"Content: Tile","SEO Excluded":"No","Customer Status":{"myArrayList":["New Customer","Ex
Action.c(1033):     isting Customer"]},"Test Scripted Field":"<h2>new value</h2>","Create Multipanel":{"myArra
Action.c(1033):     yList":["Left Panel","Right Panel"]},"Test script field (migration)":"CS-74388","Site_Loca
Action.c(1033):     tion":"global_shelf_content","Content Container URL Key":"household-eci","Customer Type":{
Action.c(1033):     "myArrayList":["Consumer"]},"scheduledContentData":{"map":{"Body Copy":"Meal Prep & Cleanu
Action.c(1033):     p","Button Link":"/pages/household-eci","Test Scripted Field":"<h2>new value</h2>","Create
Action.c(1033):      Multipanel":{"myArrayList":["Left Panel","Right Panel"]},"Test script field (migration)":
Action.c(1033):     "CS-74386","Headline Copy":"Instant Savings!","Alt Text":"Meal Kits, Make Dinner a Breeze,
Action.c(1033):      Prepped-Foods, Meals, Clean-Up, Brawny, Dixie, Mrs. Meyer's, Soap, Napkins, Paper Plates,
Action.c(1033):      Meal Kit Prep","Color Scheme: Product":"Light Gray","Content ID":"2627776:45BGE.jpg","par
Action.c(1033):     ts":{"myArrayList":[]},"Sent to QA":"2019-07-29T09:53:11.049-0500","id":"356238","Button T
Action.c(1033):     ype Tiles":"Internal Link","key":"CS-74386"}},"Scheduled_Priority":"1","Start Date":"2019-
Action.c(1033):     08-01","Content_Active":"Yes","End Date":"2020-01-01","Sent to QA":"2019-07-29T09:53:35.54
Action.c(1033):     9-0500","Page Title":"Instant Savings!","id":"356240","StoreCodes":{"myArrayList":[]},"key
Action.c(1033):     ":"CS-74388"}},{"map":{"Friendly Tracking Description":"Global Tile - Holiday Cocktails","
Action.c(1033):     Targeted to User Event ID":"No","moduleType":"Content: Tile","SEO Excluded":"No","Customer
Action.c(1033):      Status":{"myArrayList":["New Customer","Existing Customer"]},"Approved":"2017-12-05T15:03
Action.c(1033):     :00.000-0600","Test Scripted Field":"<h2>new value</h2>","Test script field (migration)":"
Action.c(1033):     CS-62677","Site_Location":"global_shelf_content","Customer Type":{"myArrayList":["Consumer
Action.c(1033):     "]},"scheduledContentData":{"map":{"Body Copy":"Organic and Grass Fed!","Color Scheme: Pro
Action.c(1033):     duct":"Light Gray","Content ID":"1676645:XBXPI.jpg","parts":{"myArrayList":[]},"Button Lin
Action.c(1033):     k":"/pages/npOrganicBeef","Test Scripted Field":"<h2>new value</h2>","id":"339669","Test s
Action.c(1033):     cript field (migration)":"CS-62674","Headline Copy":"Nature's Promise Beef","Button Type T
Action.c(1033):     iles":"Internal Link","Alt Text":"Juicy steaks ready to cook","key":"CS-62674"}},"Schedule
Action.c(1033):     d_Priority":"1","Versions":"1","Start Date":"2019-03-07","Content_Active":"Yes","End Date"
Action.c(1033):     :"2019-12-31","Sent to QA":"2019-03-07T10:23:50.430-0600","id":"339675","StoreCodes":{"myA
Action.c(1033):     rrayList":[]},"key":"CS-62677"}}]},{"region":"browse_aisles_shelf_tile","contents":[]},{"r
Action.c(1033):     egion":"browse_aisles_top_category_body","contents":[]},{"region":"browse_aisles_top_categ
Action.c(1033):     ory_content","contents":[]},{"region":"browse_aisles_top_category_hero","contents":[]},{"r
Action.c(1033):     egion":"browse_aisles_shelf_header","contents":[{"map":{"Friendly Tracking Description":"B
Action.c(1033):     A Fish Shelf Header - Fresh Catch - November 2019 (Shrimp)","moduleType":"Content: Shelf H
Action.c(1033):     eader Lifestyle","SEO Excluded":"No","Customer Status":{"myArrayList":["New Customer","Exi
Action.c(1033):     sting Customer"]},"Approved":"2019-10-31T17:22:41.662-0500","Create Multipanel":{"myArrayL
Action.c(1033):     ist":["Left Panel","Right Panel"]},"Test script field (migration)":"CS-84987","Site_Locati
Action.c(1033):     on":"browse_aisles_shelf_header","Customer Type":{"myArrayList":["Consumer","Merchant"]},"
Action.c(1033):     scheduledContentData":{"map":{"Content ID: Mobile":"2728084:BD871.jpg","Headline Copy: Mob
Action.c(1033):     ile":"At Peapod we're focused on fresh!","Headline Copy: Desktop / Tablet / Mini Tablet":"
Action.c(1033):     At Peapod we're focused on fresh!","Approved":"2019-10-31T16:00:15.952-0500","Button Link"
Action.c(1033):     :"/pages/freshCatch","Body Copy: Mobile":"this month's catch: shrimp","Create Multipanel":
Action.c(1033):     {"myArrayList":["Left Panel","Right Panel"]},"Test script field (migration)":"CS-84985","B
Action.c(1033):     utton Type":"Internal Link","Alt Text: All Images":"A skillet with freshly cooked shrimp",
Action.c(1033):     "Content ID: Desktop":"2728082:ESBP5.jpg","Content ID: Tablet":"2728085:9R3AU.jpg","Conten
Action.c(1033):     t ID: Mini Tablet":"2728083:FFN73.jpg","Products Targeted":"No","parts":{"myArrayList":[]}
Action.c(1033):     ,"Sent to QA":"2019-10-31T15:21:16.755-0500","id":"370849","Color Scheme: Lifestyle":"Gree
Action.c(1033):     n","key":"CS-84985","Body Copy: Desktop / Tablet / Mini Tablet":"this month's catch: shrim
Action.c(1033):     p","Button Text":"Shop Now"}},"Scheduled_Priority":"1","Start Date":"2019-11-01","Content_
Action.c(1033):     Active":"Yes","End Date":"2019-11-30","Products Targeted":"No","Sent to QA":"2019-11-07T11
Action.c(1033):     :12:26.997-0600","Search Text":{"myArrayList":["fresh catch","catch of the month","fresh c
Action.c(1033):     atch of the month","fish","fresh fish","fresh seafood","shrimp","prawns","grits","scampi"]
Action.c(1033):     },"id":"370851","StoreCodes":{"myArrayList":[]},"Browse Aisles Shelf Category Id":"2542","
Action.c(1033):     key":"CS-84987","Browse Aisles Shelf Category":"Fish"}},{"map":{"Friendly Tracking Descrip
Action.c(1033):     tion":"BA Fish - Fresh Picks November 2019 (Citrus)","moduleType":"Content: Shelf Header L
Action.c(1033):     ifestyle","SEO Excluded":"No","Customer Status":{"myArrayList":["New Customer","Existing C
Action.c(1033):     ustomer"]},"Create Multipanel":{"myArrayList":["Left Panel","Right Panel"]},"Test script f
Action.c(1033):     ield (migration)":"CS-85852","Site_Location":"browse_aisles_shelf_header","Customer Type":
Action.c(1033):     {"myArrayList":["Consumer","Merchant"]},"scheduledContentData":{"map":{"Content ID: Mobile
Action.c(1033):     ":"2728008:G3VS8.jpg","Headline Copy: Mobile":"At Peapod we're focused on fresh!","Headlin
Action.c(1033):     e Copy: Desktop / Tablet / Mini Tablet":"At Peapod we're focused on fresh!","Button Link":
Action.c(1033):     "/pages/freshpicks","Create Multipanel":{"myArrayList":["Left Panel","Right Panel"]},"Test
Action.c(1033):      script field (migration)":"CS-85845","Button Type":"Internal Link","Alt Text: All Images"
Action.c(1033):     :"A variety of sliced citrus fruit on butchers block.","Content ID: Desktop":"2728010:RYRJ
Action.c(1033):     G.jpg","Content ID: Tablet":"2728012:XQH95.jpg","Content ID: Mini Tablet":"2728011:IRN94.j
Action.c(1033):     pg","Products Targeted":"No","parts":{"myArrayList":[]},"id":"371893","Color Scheme: Lifes
Action.c(1033):     tyle":"Primary","key":"CS-85845","Body Copy: Desktop / Tablet / Mini Tablet":"Only the fre
Action.c(1033):     shest produce makes its way from us, to your door.","Button Text":"Shop Now"}},"Scheduled_
Action.c(1033):     Priority":"1","Start Date":"2019-11-01","Content_Active":"Yes","End Date":"2019-11-30","Pr
Action.c(1033):     oducts Targeted":"No","Sent to QA":"2019-10-31T10:37:00.299-0500","Search Text":{"myArrayL
Action.c(1033):     ist":["fresh picks","fresh pick","freshpicks","citrus","lemon","lemons","orange","oranges"
Action.c(1033):     ,"grapefruit","mandarin","tangerine","cuties","clementine"]},"id":"371900","StoreCodes":{"
Action.c(1033):     myArrayList":[]},"Browse Aisles Shelf Category Id":"2542","key":"CS-85852","Browse Aisles 
Action.c(1033):     Shelf Category":"Fish"}}]}],"resultCount":2},"sessionId":"IIFRJAZ4OWS4UCWWM4JCF3Q"}
Action.c(1033): web_custom_request("cms_18") was successful, 4013 body bytes, 752 header bytes  	[MsgId: MMSG-26386]
Action.c(1044): Notify: Transaction "S01_PRISM_Peapod_SIT_SignIn_Checkout_T05_Seafood_Fish" ended with a "Pass" status (Duration: 6.8907).
Action.c(1048): Notify: Transaction "S01_PRISM_Peapod_SIT_SignIn_Checkout_T06_Add_to_Cart" started.
Action.c(1112): web_custom_request("cart") started  	[MsgId: MMSG-26355]
Action.c(1112): Warning: The string '"sample":false,"suppressed":false,"active":true,"outOfStock":false,"specialCode":" ","upromise":false,"newArrival":false,"privateLabel":false,"preferredItem":false,"bogo":false,"sale":false,"lowPriceEveryday":false,"organic":false,"dairy":false,"egg":false,"gluten":false,"kosher":false,"peanut":false,"nonGMO":false,"vegan":false,"vegeterian":false,"lactoseFree":false,"antibioticFree":false,"wheatFree":false,"hormoneFree":false,"nitrateFree":false,"nitriteFree":false,"natural":false' with parameter delimiters is not a parameter.
Action.c(1112): Warning: The string '"small":"https://i5.peapod.com/c/2F/2FWXO.jpg","medium":"https://i5.peapod.com/c/O6/O6JCB.jpg","large":"https://i5.peapod.com/c/HH/HHI8O.jpg","xlarge":"https://i5.peapod.com/c/45/457SP.jpg"' with parameter delimiters is not a parameter.
Action.c(1112): Warning: The string '"nutritionShow":true,"servingSize":"3 OZ","servingsPerContainer":"VARIES","totalCalories":177,"totalCaloriesShow":true,"fatCalories":102.66,"fatCaloriesShow":true,"totalFat":11.41,"totalFatShow":true,"totalFatPct":17.55,"totalFatPctShow":true,"totalFatUnit":"g","saturatedFat":2.59,"saturatedFatShow":true,"saturatedFatPct":12.96,"saturatedFatPctShow":true,"saturatedFatUnit":"g","transFat":0,"transFatUnit":"g","transFatShow":true,"polyunsaturatedFat":3.3,"polyunsaturatedFatUnit":"g","polyunsaturatedFatShow":true,"monounsaturatedFat":3.2,"monounsaturatedFatUnit":"g","monounsaturatedFatShow":true,"cholesterol":46.75,"cholesterolShow":true,"cholesterolPct":15.58,"cholesterolPctShow":true,"cholesterolUnit":"mg","sodium":50.15,"sodiumShow":true,"sodiumPct":2.09,"sodiumPctShow":true,"sodiumUnit":"mg","potassium":308.55,"potassiumShow":true,"potassiumPct":6.56,"potassiumPctShow":true,"potassiumUnit":"mg","totalCarbs":0,"totalCarbsShow":true,"totalCarbsPct":0,"totalCarbsPctShow":true,"totalCarbsUnit":"g","dietaryFiber":0,"dietaryFiberShow":true,"dietaryFiberPct":0,"dietaryFiberPctShow":true,"dietaryFiberUnit":"g","sugar":0,"sugarUnit":"g","sugarShow":true,"sugarAlcoholUnit":"g","sugarAlcoholShow":false,"otherCarbs":0,"otherCarbsUnit":"g","otherCarbsShow":true,"protein":17.36,"proteinUnit":"g","proteinShow":true,"vitaminAPct":0.85,"vitaminAShow":true,"vitaminCPct":4.42,"vitaminCShow":true,"ironPct":0.01,"ironShow":true,"calciumPct":0.77,"calciumShow":true,"ww":5,"wwShow":true' with parameter delimiters is not a parameter.
Action.c(1112): Warning: The string '"productId":140290,"quantity":1,"coupon":null' with parameter delimiters is not a parameter.
Action.c(1112): t=232524ms: 752-byte response headers for "https://stage.peapod.com/api/v3.0/user/cart" (RelFrameId=1, Internal ID=102)
Action.c(1112):     HTTP/1.1 200 OK\r\n
Action.c(1112):     Date: Sun, 24 Nov 2019 16:43:10 GMT\r\n
Action.c(1112):     Content-Type: application/json;charset=utf-8\r\n
Action.c(1112):     Transfer-Encoding: chunked\r\n
Action.c(1112):     Connection: keep-alive\r\n
Action.c(1112):     Strict-Transport-Security: max-age=63072000; includeSubdomains;\r\n
Action.c(1112):     access-control-allow-credentials: true\r\n
Action.c(1112):     access-control-allow-origin:\r\n
Action.c(1112):     expires: 0\r\n
Action.c(1112):     Vary: Accept-Encoding,User-Agent\r\n
Action.c(1112):     Content-Encoding: gzip\r\n
Action.c(1112):     Cache-Control: no-store\r\n
Action.c(1112):     X-XSS-Protection: 1; mode=block\r\n
Action.c(1112):     X-Content-Type-Options: nosniff\r\n
Action.c(1112):     Strict-Transport-Security: max-age=86400; includeSubDomains\r\n
Action.c(1112):     Content-Security-Policy: frame-ancestors 'self' *.giantfood.com\r\n
Action.c(1112):     CF-Cache-Status: DYNAMIC\r\n
Action.c(1112):     Expect-CT: max-age=604800, report-uri="https://report-uri.cloudflare.com/cdn-cgi/beacon/ex
Action.c(1112):     pect-ct"\r\n
Action.c(1112):     Server: cloudflare\r\n
Action.c(1112):     CF-RAY: 53acd7198e3ff122-IAD\r\n
Action.c(1112):     \r\n
Action.c(1112): t=232527ms: 611-byte ENCODED response body received for "https://stage.peapod.com/api/v3.0/user/cart" (RelFrameId=1, Internal ID=102)
Action.c(1112): t=232527ms: 1251-byte DECODED response body for "https://stage.peapod.com/api/v3.0/user/cart" (RelFrameId=1, Internal ID=102)
Action.c(1112):     {"response":{"successes":[{"productId":140290,"code":"SUCCESS"}],"errors":[],"cart":{"item
Action.c(1112):     s":[{"prodId":140290,"name":"Salmon Fillets Skin-On Farm-Raised Fresh","size":"APX 1 LB","
Action.c(1112):     unitPrice":9.99,"unitMeasure":"LB","price":9.99,"regularPrice":9.99,"rootCatId":2541,"root
Action.c(1112):     CatSeq":4,"rootCatName":"Seafood","upc":"25442300000","hasSubstitute":true,"substituteId":
Action.c(1112):     219448,"rating":0.0,"ratingReviewsSuppressed":false,"marketSpecificReviews":false,"reviewI
Action.c(1112):     d":"140290-PPDALL","brandId":557,"brand":"Fresh Seafood","qty":1,"subcatId":2547,"subcatNa
Action.c(1112):     me":"Salmon","flags":{"sample":false,"suppressed":false,"active":true,"outOfStock":false,"
Action.c(1112):     specialCode":" ","upromise":false,"newArrival":false,"privateLabel":false,"preferredItem":
Action.c(1112):     false,"bogo":false,"sale":false,"lowPriceEveryday":false,"organic":false,"dairy":false,"eg
Action.c(1112):     g":false,"gluten":false,"kosher":false,"peanut":false,"nonGMO":false,"vegan":false,"vegete
Action.c(1112):     rian":false,"lactoseFree":false,"antibioticFree":false,"wheatFree":false,"hormoneFree":fal
Action.c(1112):     se,"nitrateFree":false,"nitriteFree":false,"natural":false},"image":{"small":"https://i5.p
Action.c(1112):     eapod.com/c/2F/2FWXO.jpg","medium":"https://i5.peapod.com/c/O6/O6JCB.jpg","large":"https:/
Action.c(1112):     /i5.peapod.com/c/HH/HHI8O.jpg","xlarge":"https://i5.peapod.com/c/45/457SP.jpg"},"
Action.c(1112): t=232529ms: 761-byte ENCODED response body received for "https://stage.peapod.com/api/v3.0/user/cart" (RelFrameId=1, Internal ID=102)
Action.c(1112): t=232529ms: 2369-byte DECODED response body for "https://stage.peapod.com/api/v3.0/user/cart" (RelFrameId=1, Internal ID=102)
Action.c(1112):     nutrition":{"nutritionShow":true,"servingSize":"3 OZ","servingsPerContainer":"VARIES","tot
Action.c(1112):     alCalories":177.0,"totalCaloriesShow":true,"fatCalories":102.66,"fatCaloriesShow":true,"to
Action.c(1112):     talFat":11.41,"totalFatShow":true,"totalFatPct":17.55,"totalFatPctShow":true,"totalFatUnit
Action.c(1112):     ":"g","saturatedFat":2.59,"saturatedFatShow":true,"saturatedFatPct":12.96,"saturatedFatPct
Action.c(1112):     Show":true,"saturatedFatUnit":"g","transFat":0.0,"transFatUnit":"g","transFatShow":true,"p
Action.c(1112):     olyunsaturatedFat":3.3,"polyunsaturatedFatUnit":"g","polyunsaturatedFatShow":true,"monouns
Action.c(1112):     aturatedFat":3.2,"monounsaturatedFatUnit":"g","monounsaturatedFatShow":true,"cholesterol":
Action.c(1112):     46.75,"cholesterolShow":true,"cholesterolPct":15.58,"cholesterolPctShow":true,"cholesterol
Action.c(1112):     Unit":"mg","sodium":50.15,"sodiumShow":true,"sodiumPct":2.09,"sodiumPctShow":true,"sodiumU
Action.c(1112):     nit":"mg","potassium":308.55,"potassiumShow":true,"potassiumPct":6.56,"potassiumPctShow":t
Action.c(1112):     rue,"potassiumUnit":"mg","totalCarbs":0.0,"totalCarbsShow":true,"totalCarbsPct":0.0,"total
Action.c(1112):     CarbsPctShow":true,"totalCarbsUnit":"g","dietaryFiber":0.0,"dietaryFiberShow":true,"dietar
Action.c(1112):     yFiberPct":0.0,"dietaryFiberPctShow":true,"dietaryFiberUnit":"g","sugar":0.0,"sugarUnit":"
Action.c(1112):     g","sugarShow":true,"sugarAlcoholUnit":"g","sugarAlcoholShow":false,"otherCarbs":0.0,"othe
Action.c(1112):     rCarbsUnit":"g","otherCarbsShow":true,"protein":17.36,"proteinUnit":"g","proteinShow":true
Action.c(1112):     ,"vitaminAPct":0.85,"vitaminAShow":true,"vitaminCPct":4.42,"vitaminCShow":true,"ironPct":0
Action.c(1112):     .01,"ironShow":true,"calciumPct":0.77,"calciumShow":true,"ww":5,"wwShow":true},"bmsm":fals
Action.c(1112):     e,"bmsmTiers":[],"guidingStars":3,"options":[],"suppressSwapAndSave":false,"productCategor
Action.c(1112):     yId":3733,"hasPriceAdjustment":false,"hasPickStoreLocation":false,"hasCoupon":false}],"rem
Action.c(1112):     ovedItems":[],"subTotalPrice":9.99,"tax":0.0,"driverTip":0.0,"fees":{"deliveryFee":9.95,"e
Action.c(1112):     lectPmtDiscount":0.0,"promotionSavings":0.0,"giftCardDiscount":0.0,"fuelSurcharge":0.05},"
Action.c(1112):     total":19.99,"savings":{"couponSavings":0.0,"coupons":[],"inStoreCouponSavings":0.0,"inSto
Action.c(1112):     reCoupons":[],"weeklySavingsTotal":0.0,"weeklySavingsItems":[],"buyMoreSaveMoreSavingsTota
Action.c(1112):     l":0.0,"buyMoreSaveMoreSavingsItems":[],"promotionSavingsTotal":0.0,"promotionSavings":[],
Action.c(1112):     "pepDiscount":0.0,"delivDiscount":0.0,"hasPersonalCoupons":false,"totalSavingsAmt":0.0},"o
Action.c(1112):     rderId":"d135967125","orderStatusCode":"WORKING","orderLocationConfirmed":true}},"sessionI
Action.c(1112):     d":"IIFRJAZ4OWS4UCWWM4JCF3Q"}
Action.c(1112): web_custom_request("cart") was successful, 1372 body bytes, 752 header bytes  	[MsgId: MMSG-26386]
Action.c(1145): web_custom_request("log_12") started  	[MsgId: MMSG-26355]
Action.c(1145): Warning: The string '"messages":["Mozilla/5.0 (Windows NT 6.3; Win64; x64) AppleWebKit/537.36 (KHTML, like Gecko) Chrome/78.0.3904.108 Safari/537.36||E|cart_item_add|<productId:\"140290\"><quantity:\"1\"><amount:\"9.99\"><location:\"BROWSE_AISLES\"><keywords:\"\"><region:\"browse_aisles_shelf_content\"><index:\"NaN\"><sale:\"false\"><newArrival:\"false\"><sponsored:\"false\"><resolution:\"1536x753\"><screenSize:\"desktop\"><mobileapp:\"0\">"]' with parameter delimiters is not a parameter.
Action.c(1145): t=233636ms: 770-byte response headers for "https://stage.peapod.com/api/v2.0/client/log" (RelFrameId=1, Internal ID=103)
Action.c(1145):     HTTP/1.1 200 OK\r\n
Action.c(1145):     Date: Sun, 24 Nov 2019 16:43:11 GMT\r\n
Action.c(1145):     Content-Type: application/json;charset=utf-8\r\n
Action.c(1145):     Transfer-Encoding: chunked\r\n
Action.c(1145):     Connection: keep-alive\r\n
Action.c(1145):     Strict-Transport-Security: max-age=63072000; includeSubdomains;\r\n
Action.c(1145):     access-control-allow-credentials: true\r\n
Action.c(1145):     access-control-allow-origin:\r\n
Action.c(1145):     Pragma: no-cache\r\n
Action.c(1145):     Cache-Control: no-store\r\n
Action.c(1145):     Expires: 0\r\n
Action.c(1145):     Vary: Accept-Encoding,User-Agent\r\n
Action.c(1145):     Content-Encoding: gzip\r\n
Action.c(1145):     X-XSS-Protection: 1; mode=block\r\n
Action.c(1145):     X-Content-Type-Options: nosniff\r\n
Action.c(1145):     Strict-Transport-Security: max-age=86400; includeSubDomains\r\n
Action.c(1145):     Content-Security-Policy: frame-ancestors 'self' *.giantfood.com\r\n
Action.c(1145):     CF-Cache-Status: DYNAMIC\r\n
Action.c(1145):     Expect-CT: max-age=604800, report-uri="https://report-uri.cloudflare.com/cdn-cgi/beacon/ex
Action.c(1145):     pect-ct"\r\n
Action.c(1145):     Server: cloudflare\r\n
Action.c(1145):     CF-RAY: 53acd7220cdff0f6-IAD\r\n
Action.c(1145):     \r\n
Action.c(1145): t=233640ms: 125-byte ENCODED response body received for "https://stage.peapod.com/api/v2.0/client/log" (RelFrameId=1, Internal ID=103)
Action.c(1145): t=233641ms: 114-byte DECODED response body for "https://stage.peapod.com/api/v2.0/client/log" (RelFrameId=1, Internal ID=103)
Action.c(1145):     \n
Action.c(1145):     \n
Action.c(1145):     \n
Action.c(1145):     \n
Action.c(1145):             {"response":{"result":"SUCCESS","code":"MESSAGE_RECEIVED"},"sessionId":"IIFRJAZ4OW
Action.c(1145):     S4UCWWM4JCF3Q"}\n
Action.c(1145):         
Action.c(1145): web_custom_request("log_12") was successful, 125 body bytes, 770 header bytes  	[MsgId: MMSG-26386]
Action.c(1157): Notify: Transaction "S01_PRISM_Peapod_SIT_SignIn_Checkout_T06_Add_to_Cart" ended with a "Pass" status (Duration: 2.5095).
Action.c(1161): Notify: Transaction "S01_PRISM_Peapod_SIT_SignIn_Checkout_T07_Increase_Prod_Qty" started.
Action.c(1163): web_add_header("Content-Type") started  	[MsgId: MMSG-26355]
Action.c(1163): Warning -26594: The header being added may cause unpredictable results if applied to ALL the URLs generated on behalf of the next script function. It will apply to the primary URL only.  	[MsgId: MWAR-26594]
Action.c(1163): web_add_header("Content-Type") highest severity level was "warning"  	[MsgId: MMSG-26391]
Action.c(1195): web_custom_request("cart_2") started  	[MsgId: MMSG-26355]
Action.c(1195): Warning: The string '"sample":false,"suppressed":false,"active":true,"outOfStock":false,"specialCode":" ","upromise":false,"newArrival":false,"privateLabel":false,"preferredItem":false,"bogo":false,"sale":false,"lowPriceEveryday":false,"organic":false,"dairy":false,"egg":false,"gluten":false,"kosher":false,"peanut":false,"nonGMO":false,"vegan":false,"vegeterian":false,"lactoseFree":false,"antibioticFree":false,"wheatFree":false,"hormoneFree":false,"nitrateFree":false,"nitriteFree":false,"natural":false' with parameter delimiters is not a parameter.
Action.c(1195): Warning: The string '"small":"https://i5.peapod.com/c/2F/2FWXO.jpg","medium":"https://i5.peapod.com/c/O6/O6JCB.jpg","large":"https://i5.peapod.com/c/HH/HHI8O.jpg","xlarge":"https://i5.peapod.com/c/45/457SP.jpg"' with parameter delimiters is not a parameter.
Action.c(1195): Warning: The string '"nutritionShow":true,"servingSize":"3 OZ","servingsPerContainer":"VARIES","totalCalories":177,"totalCaloriesShow":true,"fatCalories":102.66,"fatCaloriesShow":true,"totalFat":11.41,"totalFatShow":true,"totalFatPct":17.55,"totalFatPctShow":true,"totalFatUnit":"g","saturatedFat":2.59,"saturatedFatShow":true,"saturatedFatPct":12.96,"saturatedFatPctShow":true,"saturatedFatUnit":"g","transFat":0,"transFatUnit":"g","transFatShow":true,"polyunsaturatedFat":3.3,"polyunsaturatedFatUnit":"g","polyunsaturatedFatShow":true,"monounsaturatedFat":3.2,"monounsaturatedFatUnit":"g","monounsaturatedFatShow":true,"cholesterol":46.75,"cholesterolShow":true,"cholesterolPct":15.58,"cholesterolPctShow":true,"cholesterolUnit":"mg","sodium":50.15,"sodiumShow":true,"sodiumPct":2.09,"sodiumPctShow":true,"sodiumUnit":"mg","potassium":308.55,"potassiumShow":true,"potassiumPct":6.56,"potassiumPctShow":true,"potassiumUnit":"mg","totalCarbs":0,"totalCarbsShow":true,"totalCarbsPct":0,"totalCarbsPctShow":true,"totalCarbsUnit":"g","dietaryFiber":0,"dietaryFiberShow":true,"dietaryFiberPct":0,"dietaryFiberPctShow":true,"dietaryFiberUnit":"g","sugar":0,"sugarUnit":"g","sugarShow":true,"sugarAlcoholUnit":"g","sugarAlcoholShow":false,"otherCarbs":0,"otherCarbsUnit":"g","otherCarbsShow":true,"protein":17.36,"proteinUnit":"g","proteinShow":true,"vitaminAPct":0.85,"vitaminAShow":true,"vitaminCPct":4.42,"vitaminCShow":true,"ironPct":0.01,"ironShow":true,"calciumPct":0.77,"calciumShow":true,"ww":5,"wwShow":true' with parameter delimiters is not a parameter.
Action.c(1195): Warning: The string '"productId":140290,"quantity":2,"coupon":null' with parameter delimiters is not a parameter.
Action.c(1195): t=235498ms: 752-byte response headers for "https://stage.peapod.com/api/v3.0/user/cart" (RelFrameId=1, Internal ID=104)
Action.c(1195):     HTTP/1.1 200 OK\r\n
Action.c(1195):     Date: Sun, 24 Nov 2019 16:43:12 GMT\r\n
Action.c(1195):     Content-Type: application/json;charset=utf-8\r\n
Action.c(1195):     Transfer-Encoding: chunked\r\n
Action.c(1195):     Connection: keep-alive\r\n
Action.c(1195):     Strict-Transport-Security: max-age=63072000; includeSubdomains;\r\n
Action.c(1195):     access-control-allow-credentials: true\r\n
Action.c(1195):     access-control-allow-origin:\r\n
Action.c(1195):     expires: 0\r\n
Action.c(1195):     Vary: Accept-Encoding,User-Agent\r\n
Action.c(1195):     Content-Encoding: gzip\r\n
Action.c(1195):     Cache-Control: no-store\r\n
Action.c(1195):     X-XSS-Protection: 1; mode=block\r\n
Action.c(1195):     X-Content-Type-Options: nosniff\r\n
Action.c(1195):     Strict-Transport-Security: max-age=86400; includeSubDomains\r\n
Action.c(1195):     Content-Security-Policy: frame-ancestors 'self' *.giantfood.com\r\n
Action.c(1195):     CF-Cache-Status: DYNAMIC\r\n
Action.c(1195):     Expect-CT: max-age=604800, report-uri="https://report-uri.cloudflare.com/cdn-cgi/beacon/ex
Action.c(1195):     pect-ct"\r\n
Action.c(1195):     Server: cloudflare\r\n
Action.c(1195):     CF-RAY: 53acd72adee3eaaa-IAD\r\n
Action.c(1195):     \r\n
Action.c(1195): t=235502ms: 611-byte ENCODED response body received for "https://stage.peapod.com/api/v3.0/user/cart" (RelFrameId=1, Internal ID=104)
Action.c(1195): t=235502ms: 1251-byte DECODED response body for "https://stage.peapod.com/api/v3.0/user/cart" (RelFrameId=1, Internal ID=104)
Action.c(1195):     {"response":{"successes":[{"productId":140290,"code":"SUCCESS"}],"errors":[],"cart":{"item
Action.c(1195):     s":[{"prodId":140290,"name":"Salmon Fillets Skin-On Farm-Raised Fresh","size":"APX 1 LB","
Action.c(1195):     unitPrice":9.99,"unitMeasure":"LB","price":9.99,"regularPrice":9.99,"rootCatId":2541,"root
Action.c(1195):     CatSeq":4,"rootCatName":"Seafood","upc":"25442300000","hasSubstitute":true,"substituteId":
Action.c(1195):     219448,"rating":0.0,"ratingReviewsSuppressed":false,"marketSpecificReviews":false,"reviewI
Action.c(1195):     d":"140290-PPDALL","brandId":557,"brand":"Fresh Seafood","qty":2,"subcatId":2547,"subcatNa
Action.c(1195):     me":"Salmon","flags":{"sample":false,"suppressed":false,"active":true,"outOfStock":false,"
Action.c(1195):     specialCode":" ","upromise":false,"newArrival":false,"privateLabel":false,"preferredItem":
Action.c(1195):     false,"bogo":false,"sale":false,"lowPriceEveryday":false,"organic":false,"dairy":false,"eg
Action.c(1195):     g":false,"gluten":false,"kosher":false,"peanut":false,"nonGMO":false,"vegan":false,"vegete
Action.c(1195):     rian":false,"lactoseFree":false,"antibioticFree":false,"wheatFree":false,"hormoneFree":fal
Action.c(1195):     se,"nitrateFree":false,"nitriteFree":false,"natural":false},"image":{"small":"https://i5.p
Action.c(1195):     eapod.com/c/2F/2FWXO.jpg","medium":"https://i5.peapod.com/c/O6/O6JCB.jpg","large":"https:/
Action.c(1195):     /i5.peapod.com/c/HH/HHI8O.jpg","xlarge":"https://i5.peapod.com/c/45/457SP.jpg"},"
Action.c(1195): t=235504ms: 768-byte ENCODED response body received for "https://stage.peapod.com/api/v3.0/user/cart" (RelFrameId=1, Internal ID=104)
Action.c(1195): t=235504ms: 2370-byte DECODED response body for "https://stage.peapod.com/api/v3.0/user/cart" (RelFrameId=1, Internal ID=104)
Action.c(1195):     nutrition":{"nutritionShow":true,"servingSize":"3 OZ","servingsPerContainer":"VARIES","tot
Action.c(1195):     alCalories":177.0,"totalCaloriesShow":true,"fatCalories":102.66,"fatCaloriesShow":true,"to
Action.c(1195):     talFat":11.41,"totalFatShow":true,"totalFatPct":17.55,"totalFatPctShow":true,"totalFatUnit
Action.c(1195):     ":"g","saturatedFat":2.59,"saturatedFatShow":true,"saturatedFatPct":12.96,"saturatedFatPct
Action.c(1195):     Show":true,"saturatedFatUnit":"g","transFat":0.0,"transFatUnit":"g","transFatShow":true,"p
Action.c(1195):     olyunsaturatedFat":3.3,"polyunsaturatedFatUnit":"g","polyunsaturatedFatShow":true,"monouns
Action.c(1195):     aturatedFat":3.2,"monounsaturatedFatUnit":"g","monounsaturatedFatShow":true,"cholesterol":
Action.c(1195):     46.75,"cholesterolShow":true,"cholesterolPct":15.58,"cholesterolPctShow":true,"cholesterol
Action.c(1195):     Unit":"mg","sodium":50.15,"sodiumShow":true,"sodiumPct":2.09,"sodiumPctShow":true,"sodiumU
Action.c(1195):     nit":"mg","potassium":308.55,"potassiumShow":true,"potassiumPct":6.56,"potassiumPctShow":t
Action.c(1195):     rue,"potassiumUnit":"mg","totalCarbs":0.0,"totalCarbsShow":true,"totalCarbsPct":0.0,"total
Action.c(1195):     CarbsPctShow":true,"totalCarbsUnit":"g","dietaryFiber":0.0,"dietaryFiberShow":true,"dietar
Action.c(1195):     yFiberPct":0.0,"dietaryFiberPctShow":true,"dietaryFiberUnit":"g","sugar":0.0,"sugarUnit":"
Action.c(1195):     g","sugarShow":true,"sugarAlcoholUnit":"g","sugarAlcoholShow":false,"otherCarbs":0.0,"othe
Action.c(1195):     rCarbsUnit":"g","otherCarbsShow":true,"protein":17.36,"proteinUnit":"g","proteinShow":true
Action.c(1195):     ,"vitaminAPct":0.85,"vitaminAShow":true,"vitaminCPct":4.42,"vitaminCShow":true,"ironPct":0
Action.c(1195):     .01,"ironShow":true,"calciumPct":0.77,"calciumShow":true,"ww":5,"wwShow":true},"bmsm":fals
Action.c(1195):     e,"bmsmTiers":[],"guidingStars":3,"options":[],"suppressSwapAndSave":false,"productCategor
Action.c(1195):     yId":3733,"hasPriceAdjustment":false,"hasPickStoreLocation":false,"hasCoupon":false}],"rem
Action.c(1195):     ovedItems":[],"subTotalPrice":19.98,"tax":0.0,"driverTip":0.0,"fees":{"deliveryFee":9.95,"
Action.c(1195):     electPmtDiscount":0.0,"promotionSavings":0.0,"giftCardDiscount":0.0,"fuelSurcharge":0.05},
Action.c(1195):     "total":29.98,"savings":{"couponSavings":0.0,"coupons":[],"inStoreCouponSavings":0.0,"inSt
Action.c(1195):     oreCoupons":[],"weeklySavingsTotal":0.0,"weeklySavingsItems":[],"buyMoreSaveMoreSavingsTot
Action.c(1195):     al":0.0,"buyMoreSaveMoreSavingsItems":[],"promotionSavingsTotal":0.0,"promotionSavings":[]
Action.c(1195):     ,"pepDiscount":0.0,"delivDiscount":0.0,"hasPersonalCoupons":false,"totalSavingsAmt":0.0},"
Action.c(1195):     orderId":"d135967125","orderStatusCode":"WORKING","orderLocationConfirmed":true}},"session
Action.c(1195):     Id":"IIFRJAZ4OWS4UCWWM4JCF3Q"}
Action.c(1195): web_custom_request("cart_2") was successful, 1379 body bytes, 752 header bytes  	[MsgId: MMSG-26386]
Action.c(1217): web_custom_request("events_5") started  	[MsgId: MMSG-26355]
Action.c(1217): Warning: The string '"e":null,"k":"","t":"first_session","v":true' with parameter delimiters is not a parameter.
Action.c(1217): Warning: The string '"e":null,"k":"","t":"browserId","v":"gc"' with parameter delimiters is not a parameter.
Action.c(1217): Warning: The string '"e":"8572052329","k":"8572052329","t":"custom","v":"true"' with parameter delimiters is not a parameter.
Action.c(1217): Warning: The string '"e":"8636313790","k":"8636313790","t":"custom","v":"C"' with parameter delimiters is not a parameter.
Action.c(1217): Warning: The string '"e":"8638262211","k":"8638262211","t":"custom","v":"0"' with parameter delimiters is not a parameter.
Action.c(1217): Warning: The string '"e":"8636343366","k":"8636343366","t":"custom","v":2' with parameter delimiters is not a parameter.
Action.c(1217): Warning: The string '"e":"8633642554","k":"8633642554","t":"custom","v":"02134"' with parameter delimiters is not a parameter.
Action.c(1217): Warning: The string '"e":"8601681438","k":"8601681438","t":"custom","v":"true"' with parameter delimiters is not a parameter.
Action.c(1217): Warning: The string '"e":"8640224308","k":"8640224308","t":"custom","v":"STSH"' with parameter delimiters is not a parameter.
Action.c(1217): Warning: The string '"e":"8631343259","k":"8631343259","t":"custom","v":"D"' with parameter delimiters is not a parameter.
Action.c(1217): Warning: The string '"e":"8638204402","k":"8638204402","t":"custom","v":"false"' with parameter delimiters is not a parameter.
Action.c(1217): Warning: The string '"e":"8627877189","k":"8627877189","t":"custom","v":"WORKING"' with parameter delimiters is not a parameter.
Action.c(1217): Warning: The string '"e":"10679300201","k":"10679300201","t":"custom","v":"false"' with parameter delimiters is not a parameter.
Action.c(1217): Warning: The string '"e":null,"k":"","t":"device","v":"desktop"' with parameter delimiters is not a parameter.
Action.c(1217): Warning: The string '"e":null,"k":"","t":"device_type","v":"desktop_laptop"' with parameter delimiters is not a parameter.
Action.c(1217): Warning: The string '"e":null,"k":"","t":"source_type","v":"direct"' with parameter delimiters is not a parameter.
Action.c(1217): Warning: The string '"e":null,"k":"","t":"currentTimestamp","v":1574483741801' with parameter delimiters is not a parameter.
Action.c(1217): Warning: The string '"e":null,"k":"","t":"offset","v":300' with parameter delimiters is not a parameter.
Action.c(1217): Warning: The string '"c":"16918282040","x":null,"v":null,"h":false' with parameter delimiters is not a parameter.
Action.c(1217): Warning: The string '"c":"16929217109","x":null,"v":null,"h":false' with parameter delimiters is not a parameter.
Action.c(1217): Warning: The string '"c":"16931377848","x":null,"v":null,"h":false' with parameter delimiters is not a parameter.
Action.c(1217): Warning: The string '"c":"16943444778","x":null,"v":null,"h":false' with parameter delimiters is not a parameter.
Action.c(1217): Warning: The string '"c":"16945430476","x":"16927644445","v":"16894855429","h":false' with parameter delimiters is not a parameter.
Action.c(1217): Warning: The string '' with parameter delimiters is not a parameter.
Action.c(1217): t=245873ms: 212-byte response headers for "https://logx.optimizely.com/v1/events" (RelFrameId=1, Internal ID=105)
Action.c(1217):     HTTP/1.1 204 No Content\r\n
Action.c(1217):     Content-Type: text/plain\r\n
Action.c(1217):     Date: Sun, 24 Nov 2019 16:43:23 GMT\r\n
Action.c(1217):     Server: nginx/1.17.2\r\n
Action.c(1217):     Timing-Allow-Origin: *\r\n
Action.c(1217):     X-Request-Id: c2bded1a-b869-42a9-ac70-a44f393b9f59\r\n
Action.c(1217):     Connection: keep-alive\r\n
Action.c(1217):     \r\n
Action.c(1217): web_custom_request("events_5") was successful, 0 body bytes, 212 header bytes  	[MsgId: MMSG-26386]
Action.c(1244): web_custom_request("log_13") started  	[MsgId: MMSG-26355]
Action.c(1244): Warning: The string '"messages":["Mozilla/5.0 (Windows NT 6.3; Win64; x64) AppleWebKit/537.36 (KHTML, like Gecko) Chrome/78.0.3904.108 Safari/537.36||E|cart_item_update|<productId:\"140290\"><quantity:\"2\"><amount:\"9.99\"><location:\"BROWSE_AISLES\"><keywords:\"\"><region:\"browse_aisles_shelf_content\"><index:\"NaN\"><sale:\"false\"><newArrival:\"false\"><sponsored:\"false\"><resolution:\"1536x753\"><screenSize:\"desktop\"><mobileapp:\"0\">"]' with parameter delimiters is not a parameter.
Action.c(1244): t=246884ms: 770-byte response headers for "https://stage.peapod.com/api/v2.0/client/log" (RelFrameId=1, Internal ID=106)
Action.c(1244):     HTTP/1.1 200 OK\r\n
Action.c(1244):     Date: Sun, 24 Nov 2019 16:43:24 GMT\r\n
Action.c(1244):     Content-Type: application/json;charset=utf-8\r\n
Action.c(1244):     Transfer-Encoding: chunked\r\n
Action.c(1244):     Connection: keep-alive\r\n
Action.c(1244):     Strict-Transport-Security: max-age=63072000; includeSubdomains;\r\n
Action.c(1244):     access-control-allow-credentials: true\r\n
Action.c(1244):     access-control-allow-origin:\r\n
Action.c(1244):     Pragma: no-cache\r\n
Action.c(1244):     Cache-Control: no-store\r\n
Action.c(1244):     Expires: 0\r\n
Action.c(1244):     Vary: Accept-Encoding,User-Agent\r\n
Action.c(1244):     Content-Encoding: gzip\r\n
Action.c(1244):     X-XSS-Protection: 1; mode=block\r\n
Action.c(1244):     X-Content-Type-Options: nosniff\r\n
Action.c(1244):     Strict-Transport-Security: max-age=86400; includeSubDomains\r\n
Action.c(1244):     Content-Security-Policy: frame-ancestors 'self' *.giantfood.com\r\n
Action.c(1244):     CF-Cache-Status: DYNAMIC\r\n
Action.c(1244):     Expect-CT: max-age=604800, report-uri="https://report-uri.cloudflare.com/cdn-cgi/beacon/ex
Action.c(1244):     pect-ct"\r\n
Action.c(1244):     Server: cloudflare\r\n
Action.c(1244):     CF-RAY: 53acd7752afde09e-IAD\r\n
Action.c(1244):     \r\n
Action.c(1244): t=246888ms: 125-byte ENCODED response body received for "https://stage.peapod.com/api/v2.0/client/log" (RelFrameId=1, Internal ID=106)
Action.c(1244): t=246888ms: 114-byte DECODED response body for "https://stage.peapod.com/api/v2.0/client/log" (RelFrameId=1, Internal ID=106)
Action.c(1244):     \n
Action.c(1244):     \n
Action.c(1244):     \n
Action.c(1244):     \n
Action.c(1244):             {"response":{"result":"SUCCESS","code":"MESSAGE_RECEIVED"},"sessionId":"IIFRJAZ4OW
Action.c(1244):     S4UCWWM4JCF3Q"}\n
Action.c(1244):         
Action.c(1244): web_custom_request("log_13") was successful, 125 body bytes, 770 header bytes  	[MsgId: MMSG-26386]
Action.c(1258): web_custom_request("events_6") started  	[MsgId: MMSG-26355]
Action.c(1258): Warning: The string '"e":null,"k":"","t":"first_session","v":true' with parameter delimiters is not a parameter.
Action.c(1258): Warning: The string '"e":null,"k":"","t":"browserId","v":"gc"' with parameter delimiters is not a parameter.
Action.c(1258): Warning: The string '"e":"8572052329","k":"8572052329","t":"custom","v":"true"' with parameter delimiters is not a parameter.
Action.c(1258): Warning: The string '"e":"8636313790","k":"8636313790","t":"custom","v":"C"' with parameter delimiters is not a parameter.
Action.c(1258): Warning: The string '"e":"8638262211","k":"8638262211","t":"custom","v":"0"' with parameter delimiters is not a parameter.
Action.c(1258): Warning: The string '"e":"8636343366","k":"8636343366","t":"custom","v":2' with parameter delimiters is not a parameter.
Action.c(1258): Warning: The string '"e":"8633642554","k":"8633642554","t":"custom","v":"02134"' with parameter delimiters is not a parameter.
Action.c(1258): Warning: The string '"e":"8601681438","k":"8601681438","t":"custom","v":"true"' with parameter delimiters is not a parameter.
Action.c(1258): Warning: The string '"e":"8640224308","k":"8640224308","t":"custom","v":"STSH"' with parameter delimiters is not a parameter.
Action.c(1258): Warning: The string '"e":"8631343259","k":"8631343259","t":"custom","v":"D"' with parameter delimiters is not a parameter.
Action.c(1258): Warning: The string '"e":"8638204402","k":"8638204402","t":"custom","v":"false"' with parameter delimiters is not a parameter.
Action.c(1258): Warning: The string '"e":"8627877189","k":"8627877189","t":"custom","v":"WORKING"' with parameter delimiters is not a parameter.
Action.c(1258): Warning: The string '"e":"10679300201","k":"10679300201","t":"custom","v":"false"' with parameter delimiters is not a parameter.
Action.c(1258): Warning: The string '"e":null,"k":"","t":"device","v":"desktop"' with parameter delimiters is not a parameter.
Action.c(1258): Warning: The string '"e":null,"k":"","t":"device_type","v":"desktop_laptop"' with parameter delimiters is not a parameter.
Action.c(1258): Warning: The string '"e":null,"k":"","t":"source_type","v":"direct"' with parameter delimiters is not a parameter.
Action.c(1258): Warning: The string '"e":null,"k":"","t":"currentTimestamp","v":1574483741801' with parameter delimiters is not a parameter.
Action.c(1258): Warning: The string '"e":null,"k":"","t":"offset","v":300' with parameter delimiters is not a parameter.
Action.c(1258): Warning: The string '"c":"16918282040","x":null,"v":null,"h":false' with parameter delimiters is not a parameter.
Action.c(1258): Warning: The string '"c":"16929217109","x":null,"v":null,"h":false' with parameter delimiters is not a parameter.
Action.c(1258): Warning: The string '"c":"16931377848","x":null,"v":null,"h":false' with parameter delimiters is not a parameter.
Action.c(1258): Warning: The string '"c":"16943444778","x":null,"v":null,"h":false' with parameter delimiters is not a parameter.
Action.c(1258): Warning: The string '"c":"16945430476","x":"16927644445","v":"16894855429","h":false' with parameter delimiters is not a parameter.
Action.c(1258): Warning: The string '' with parameter delimiters is not a parameter.
Action.c(1258): t=247938ms: 212-byte response headers for "https://logx.optimizely.com/v1/events" (RelFrameId=1, Internal ID=107)
Action.c(1258):     HTTP/1.1 204 No Content\r\n
Action.c(1258):     Content-Type: text/plain\r\n
Action.c(1258):     Date: Sun, 24 Nov 2019 16:43:25 GMT\r\n
Action.c(1258):     Server: nginx/1.17.2\r\n
Action.c(1258):     Timing-Allow-Origin: *\r\n
Action.c(1258):     X-Request-Id: e8f7bcf3-4841-42da-8627-cce46ec91775\r\n
Action.c(1258):     Connection: keep-alive\r\n
Action.c(1258):     \r\n
Action.c(1258): web_custom_request("events_6") was successful, 0 body bytes, 212 header bytes  	[MsgId: MMSG-26386]
Action.c(1274): web_custom_request("cart_3") started  	[MsgId: MMSG-26355]
Action.c(1274): Warning: The string '"sample":false,"suppressed":false,"active":true,"outOfStock":false,"specialCode":" ","upromise":false,"newArrival":false,"privateLabel":false,"preferredItem":false,"bogo":false,"sale":false,"lowPriceEveryday":false,"organic":false,"dairy":false,"egg":false,"gluten":false,"kosher":false,"peanut":false,"nonGMO":false,"vegan":false,"vegeterian":false,"lactoseFree":false,"antibioticFree":false,"wheatFree":false,"hormoneFree":false,"nitrateFree":false,"nitriteFree":false,"natural":false' with parameter delimiters is not a parameter.
Action.c(1274): Warning: The string '"small":"https://i5.peapod.com/c/2F/2FWXO.jpg","medium":"https://i5.peapod.com/c/O6/O6JCB.jpg","large":"https://i5.peapod.com/c/HH/HHI8O.jpg","xlarge":"https://i5.peapod.com/c/45/457SP.jpg"' with parameter delimiters is not a parameter.
Action.c(1274): Warning: The string '"nutritionShow":true,"servingSize":"3 OZ","servingsPerContainer":"VARIES","totalCalories":177,"totalCaloriesShow":true,"fatCalories":102.66,"fatCaloriesShow":true,"totalFat":11.41,"totalFatShow":true,"totalFatPct":17.55,"totalFatPctShow":true,"totalFatUnit":"g","saturatedFat":2.59,"saturatedFatShow":true,"saturatedFatPct":12.96,"saturatedFatPctShow":true,"saturatedFatUnit":"g","transFat":0,"transFatUnit":"g","transFatShow":true,"polyunsaturatedFat":3.3,"polyunsaturatedFatUnit":"g","polyunsaturatedFatShow":true,"monounsaturatedFat":3.2,"monounsaturatedFatUnit":"g","monounsaturatedFatShow":true,"cholesterol":46.75,"cholesterolShow":true,"cholesterolPct":15.58,"cholesterolPctShow":true,"cholesterolUnit":"mg","sodium":50.15,"sodiumShow":true,"sodiumPct":2.09,"sodiumPctShow":true,"sodiumUnit":"mg","potassium":308.55,"potassiumShow":true,"potassiumPct":6.56,"potassiumPctShow":true,"potassiumUnit":"mg","totalCarbs":0,"totalCarbsShow":true,"totalCarbsPct":0,"totalCarbsPctShow":true,"totalCarbsUnit":"g","dietaryFiber":0,"dietaryFiberShow":true,"dietaryFiberPct":0,"dietaryFiberPctShow":true,"dietaryFiberUnit":"g","sugar":0,"sugarUnit":"g","sugarShow":true,"sugarAlcoholUnit":"g","sugarAlcoholShow":false,"otherCarbs":0,"otherCarbsUnit":"g","otherCarbsShow":true,"protein":17.36,"proteinUnit":"g","proteinShow":true,"vitaminAPct":0.85,"vitaminAShow":true,"vitaminCPct":4.42,"vitaminCShow":true,"ironPct":0.01,"ironShow":true,"calciumPct":0.77,"calciumShow":true,"ww":5,"wwShow":true' with parameter delimiters is not a parameter.
Action.c(1274): Warning: The string '"productId":140290,"quantity":3,"coupon":null' with parameter delimiters is not a parameter.
Action.c(1274): t=249465ms: 752-byte response headers for "https://stage.peapod.com/api/v3.0/user/cart" (RelFrameId=1, Internal ID=108)
Action.c(1274):     HTTP/1.1 200 OK\r\n
Action.c(1274):     Date: Sun, 24 Nov 2019 16:43:26 GMT\r\n
Action.c(1274):     Content-Type: application/json;charset=utf-8\r\n
Action.c(1274):     Transfer-Encoding: chunked\r\n
Action.c(1274):     Connection: keep-alive\r\n
Action.c(1274):     Strict-Transport-Security: max-age=63072000; includeSubdomains;\r\n
Action.c(1274):     access-control-allow-credentials: true\r\n
Action.c(1274):     access-control-allow-origin:\r\n
Action.c(1274):     expires: 0\r\n
Action.c(1274):     Vary: Accept-Encoding,User-Agent\r\n
Action.c(1274):     Content-Encoding: gzip\r\n
Action.c(1274):     Cache-Control: no-store\r\n
Action.c(1274):     X-XSS-Protection: 1; mode=block\r\n
Action.c(1274):     X-Content-Type-Options: nosniff\r\n
Action.c(1274):     Strict-Transport-Security: max-age=86400; includeSubDomains\r\n
Action.c(1274):     Content-Security-Policy: frame-ancestors 'self' *.giantfood.com\r\n
Action.c(1274):     CF-Cache-Status: DYNAMIC\r\n
Action.c(1274):     Expect-CT: max-age=604800, report-uri="https://report-uri.cloudflare.com/cdn-cgi/beacon/ex
Action.c(1274):     pect-ct"\r\n
Action.c(1274):     Server: cloudflare\r\n
Action.c(1274):     CF-RAY: 53acd7826ac6e09a-IAD\r\n
Action.c(1274):     \r\n
Action.c(1274): t=249468ms: 611-byte ENCODED response body received for "https://stage.peapod.com/api/v3.0/user/cart" (RelFrameId=1, Internal ID=108)
Action.c(1274): t=249469ms: 1251-byte DECODED response body for "https://stage.peapod.com/api/v3.0/user/cart" (RelFrameId=1, Internal ID=108)
Action.c(1274):     {"response":{"successes":[{"productId":140290,"code":"SUCCESS"}],"errors":[],"cart":{"item
Action.c(1274):     s":[{"prodId":140290,"name":"Salmon Fillets Skin-On Farm-Raised Fresh","size":"APX 1 LB","
Action.c(1274):     unitPrice":9.99,"unitMeasure":"LB","price":9.99,"regularPrice":9.99,"rootCatId":2541,"root
Action.c(1274):     CatSeq":4,"rootCatName":"Seafood","upc":"25442300000","hasSubstitute":true,"substituteId":
Action.c(1274):     219448,"rating":0.0,"ratingReviewsSuppressed":false,"marketSpecificReviews":false,"reviewI
Action.c(1274):     d":"140290-PPDALL","brandId":557,"brand":"Fresh Seafood","qty":3,"subcatId":2547,"subcatNa
Action.c(1274):     me":"Salmon","flags":{"sample":false,"suppressed":false,"active":true,"outOfStock":false,"
Action.c(1274):     specialCode":" ","upromise":false,"newArrival":false,"privateLabel":false,"preferredItem":
Action.c(1274):     false,"bogo":false,"sale":false,"lowPriceEveryday":false,"organic":false,"dairy":false,"eg
Action.c(1274):     g":false,"gluten":false,"kosher":false,"peanut":false,"nonGMO":false,"vegan":false,"vegete
Action.c(1274):     rian":false,"lactoseFree":false,"antibioticFree":false,"wheatFree":false,"hormoneFree":fal
Action.c(1274):     se,"nitrateFree":false,"nitriteFree":false,"natural":false},"image":{"small":"https://i5.p
Action.c(1274):     eapod.com/c/2F/2FWXO.jpg","medium":"https://i5.peapod.com/c/O6/O6JCB.jpg","large":"https:/
Action.c(1274):     /i5.peapod.com/c/HH/HHI8O.jpg","xlarge":"https://i5.peapod.com/c/45/457SP.jpg"},"
Action.c(1274): t=249470ms: 767-byte ENCODED response body received for "https://stage.peapod.com/api/v3.0/user/cart" (RelFrameId=1, Internal ID=108)
Action.c(1274): t=249471ms: 2370-byte DECODED response body for "https://stage.peapod.com/api/v3.0/user/cart" (RelFrameId=1, Internal ID=108)
Action.c(1274):     nutrition":{"nutritionShow":true,"servingSize":"3 OZ","servingsPerContainer":"VARIES","tot
Action.c(1274):     alCalories":177.0,"totalCaloriesShow":true,"fatCalories":102.66,"fatCaloriesShow":true,"to
Action.c(1274):     talFat":11.41,"totalFatShow":true,"totalFatPct":17.55,"totalFatPctShow":true,"totalFatUnit
Action.c(1274):     ":"g","saturatedFat":2.59,"saturatedFatShow":true,"saturatedFatPct":12.96,"saturatedFatPct
Action.c(1274):     Show":true,"saturatedFatUnit":"g","transFat":0.0,"transFatUnit":"g","transFatShow":true,"p
Action.c(1274):     olyunsaturatedFat":3.3,"polyunsaturatedFatUnit":"g","polyunsaturatedFatShow":true,"monouns
Action.c(1274):     aturatedFat":3.2,"monounsaturatedFatUnit":"g","monounsaturatedFatShow":true,"cholesterol":
Action.c(1274):     46.75,"cholesterolShow":true,"cholesterolPct":15.58,"cholesterolPctShow":true,"cholesterol
Action.c(1274):     Unit":"mg","sodium":50.15,"sodiumShow":true,"sodiumPct":2.09,"sodiumPctShow":true,"sodiumU
Action.c(1274):     nit":"mg","potassium":308.55,"potassiumShow":true,"potassiumPct":6.56,"potassiumPctShow":t
Action.c(1274):     rue,"potassiumUnit":"mg","totalCarbs":0.0,"totalCarbsShow":true,"totalCarbsPct":0.0,"total
Action.c(1274):     CarbsPctShow":true,"totalCarbsUnit":"g","dietaryFiber":0.0,"dietaryFiberShow":true,"dietar
Action.c(1274):     yFiberPct":0.0,"dietaryFiberPctShow":true,"dietaryFiberUnit":"g","sugar":0.0,"sugarUnit":"
Action.c(1274):     g","sugarShow":true,"sugarAlcoholUnit":"g","sugarAlcoholShow":false,"otherCarbs":0.0,"othe
Action.c(1274):     rCarbsUnit":"g","otherCarbsShow":true,"protein":17.36,"proteinUnit":"g","proteinShow":true
Action.c(1274):     ,"vitaminAPct":0.85,"vitaminAShow":true,"vitaminCPct":4.42,"vitaminCShow":true,"ironPct":0
Action.c(1274):     .01,"ironShow":true,"calciumPct":0.77,"calciumShow":true,"ww":5,"wwShow":true},"bmsm":fals
Action.c(1274):     e,"bmsmTiers":[],"guidingStars":3,"options":[],"suppressSwapAndSave":false,"productCategor
Action.c(1274):     yId":3733,"hasPriceAdjustment":false,"hasPickStoreLocation":false,"hasCoupon":false}],"rem
Action.c(1274):     ovedItems":[],"subTotalPrice":29.97,"tax":0.0,"driverTip":0.0,"fees":{"deliveryFee":9.95,"
Action.c(1274):     electPmtDiscount":0.0,"promotionSavings":0.0,"giftCardDiscount":0.0,"fuelSurcharge":0.05},
Action.c(1274):     "total":39.97,"savings":{"couponSavings":0.0,"coupons":[],"inStoreCouponSavings":0.0,"inSt
Action.c(1274):     oreCoupons":[],"weeklySavingsTotal":0.0,"weeklySavingsItems":[],"buyMoreSaveMoreSavingsTot
Action.c(1274):     al":0.0,"buyMoreSaveMoreSavingsItems":[],"promotionSavingsTotal":0.0,"promotionSavings":[]
Action.c(1274):     ,"pepDiscount":0.0,"delivDiscount":0.0,"hasPersonalCoupons":false,"totalSavingsAmt":0.0},"
Action.c(1274):     orderId":"d135967125","orderStatusCode":"WORKING","orderLocationConfirmed":true}},"session
Action.c(1274):     Id":"IIFRJAZ4OWS4UCWWM4JCF3Q"}
Action.c(1274): web_custom_request("cart_3") was successful, 1378 body bytes, 752 header bytes  	[MsgId: MMSG-26386]
Action.c(1307): web_custom_request("log_14") started  	[MsgId: MMSG-26355]
Action.c(1307): Warning: The string '"messages":["Mozilla/5.0 (Windows NT 6.3; Win64; x64) AppleWebKit/537.36 (KHTML, like Gecko) Chrome/78.0.3904.108 Safari/537.36||E|cart_item_update|<productId:\"140290\"><quantity:\"3\"><amount:\"9.99\"><location:\"BROWSE_AISLES\"><keywords:\"\"><region:\"browse_aisles_shelf_content\"><index:\"NaN\"><sale:\"false\"><newArrival:\"false\"><sponsored:\"false\"><resolution:\"1536x753\"><screenSize:\"desktop\"><mobileapp:\"0\">"]' with parameter delimiters is not a parameter.
Action.c(1307): t=250457ms: 770-byte response headers for "https://stage.peapod.com/api/v2.0/client/log" (RelFrameId=1, Internal ID=109)
Action.c(1307):     HTTP/1.1 200 OK\r\n
Action.c(1307):     Date: Sun, 24 Nov 2019 16:43:27 GMT\r\n
Action.c(1307):     Content-Type: application/json;charset=utf-8\r\n
Action.c(1307):     Transfer-Encoding: chunked\r\n
Action.c(1307):     Connection: keep-alive\r\n
Action.c(1307):     Strict-Transport-Security: max-age=63072000; includeSubdomains;\r\n
Action.c(1307):     access-control-allow-credentials: true\r\n
Action.c(1307):     access-control-allow-origin:\r\n
Action.c(1307):     Pragma: no-cache\r\n
Action.c(1307):     Cache-Control: no-store\r\n
Action.c(1307):     Expires: 0\r\n
Action.c(1307):     Vary: Accept-Encoding,User-Agent\r\n
Action.c(1307):     Content-Encoding: gzip\r\n
Action.c(1307):     X-XSS-Protection: 1; mode=block\r\n
Action.c(1307):     X-Content-Type-Options: nosniff\r\n
Action.c(1307):     Strict-Transport-Security: max-age=86400; includeSubDomains\r\n
Action.c(1307):     Content-Security-Policy: frame-ancestors 'self' *.giantfood.com\r\n
Action.c(1307):     CF-Cache-Status: DYNAMIC\r\n
Action.c(1307):     Expect-CT: max-age=604800, report-uri="https://report-uri.cloudflare.com/cdn-cgi/beacon/ex
Action.c(1307):     pect-ct"\r\n
Action.c(1307):     Server: cloudflare\r\n
Action.c(1307):     CF-RAY: 53acd78b7d2bea8e-IAD\r\n
Action.c(1307):     \r\n
Action.c(1307): t=250462ms: 125-byte ENCODED response body received for "https://stage.peapod.com/api/v2.0/client/log" (RelFrameId=1, Internal ID=109)
Action.c(1307): t=250463ms: 114-byte DECODED response body for "https://stage.peapod.com/api/v2.0/client/log" (RelFrameId=1, Internal ID=109)
Action.c(1307):     \n
Action.c(1307):     \n
Action.c(1307):     \n
Action.c(1307):     \n
Action.c(1307):             {"response":{"result":"SUCCESS","code":"MESSAGE_RECEIVED"},"sessionId":"IIFRJAZ4OW
Action.c(1307):     S4UCWWM4JCF3Q"}\n
Action.c(1307):         
Action.c(1307): web_custom_request("log_14") was successful, 125 body bytes, 770 header bytes  	[MsgId: MMSG-26386]
Action.c(1323): Notify: Transaction "S01_PRISM_Peapod_SIT_SignIn_Checkout_T07_Increase_Prod_Qty" ended with a "Pass" status (Duration: 16.8205).
Action.c(1327): Notify: Transaction "S01_PRISM_Peapod_SIT_SignIn_Checkout_T06_Add_to_Cart" started.
Action.c(1360): web_custom_request("cart") started  	[MsgId: MMSG-26355]
Action.c(1360): Warning: The string '"sample":false,"suppressed":false,"active":true,"outOfStock":false,"specialCode":" ","upromise":false,"newArrival":false,"privateLabel":true,"preferredItem":false,"bogo":false,"sale":false,"lowPriceEveryday":false,"organic":false,"dairy":false,"egg":false,"gluten":false,"kosher":false,"peanut":false,"nonGMO":false,"vegan":false,"vegeterian":false,"lactoseFree":false,"antibioticFree":false,"wheatFree":false,"hormoneFree":false,"nitrateFree":false,"nitriteFree":false,"natural":false' with parameter delimiters is not a parameter.
Action.c(1360): Warning: The string '"small":"https://i5.peapod.com/c/2I/2IXGC.jpg","medium":"https://i5.peapod.com/c/GU/GUG7B.jpg","large":"https://i5.peapod.com/c/EK/EK3FL.jpg","xlarge":"https://i5.peapod.com/c/KP/KP5KW.jpg"' with parameter delimiters is not a parameter.
Action.c(1360): Warning: The string '"nutritionShow":true,"servingSize":"4.0 OZ","servingsPerContainer":"3","totalCalories":80,"totalCaloriesShow":true,"fatCalories":0,"fatCaloriesShow":true,"totalFat":0,"totalFatShow":true,"totalFatPct":0,"totalFatPctShow":true,"totalFatUnit":"g","saturatedFat":0,"saturatedFatShow":true,"saturatedFatPct":0,"saturatedFatPctShow":true,"saturatedFatUnit":"g","transFat":0,"transFatUnit":"g","transFatShow":true,"polyunsaturatedFat":0,"polyunsaturatedFatUnit":"g","polyunsaturatedFatShow":true,"monounsaturatedFat":0,"monounsaturatedFatUnit":"g","monounsaturatedFatShow":true,"cholesterol":55,"cholesterolShow":true,"cholesterolPct":18,"cholesterolPctShow":true,"cholesterolUnit":"mg","sodium":65,"sodiumShow":true,"sodiumPct":3,"sodiumPctShow":true,"sodiumUnit":"mg","potassium":260,"potassiumShow":true,"potassiumPct":6,"potassiumPctShow":true,"potassiumUnit":"mg","totalCarbs":0,"totalCarbsShow":true,"totalCarbsPct":0,"totalCarbsPctShow":true,"totalCarbsUnit":"g","dietaryFiber":0,"dietaryFiberShow":true,"dietaryFiberPct":0,"dietaryFiberPctShow":true,"dietaryFiberUnit":"g","sugar":0,"sugarUnit":"g","sugarShow":true,"sugarAlcoholUnit":"g","sugarAlcoholShow":false,"otherCarbsUnit":"g","otherCarbsShow":false,"protein":17,"proteinUnit":"g","proteinShow":true,"vitaminAShow":false,"vitaminCShow":false,"ironPct":0,"ironShow":true,"calciumPct":0,"calciumShow":true,"ww":2,"wwShow":true' with parameter delimiters is not a parameter.
Action.c(1360): Warning: The string '"productId":215832,"quantity":1,"coupon":null' with parameter delimiters is not a parameter.
Action.c(1360): t=274631ms: 752-byte response headers for "https://stage.peapod.com/api/v3.0/user/cart" (RelFrameId=1, Internal ID=110)
Action.c(1360):     HTTP/1.1 200 OK\r\n
Action.c(1360):     Date: Sun, 24 Nov 2019 16:43:52 GMT\r\n
Action.c(1360):     Content-Type: application/json;charset=utf-8\r\n
Action.c(1360):     Transfer-Encoding: chunked\r\n
Action.c(1360):     Connection: keep-alive\r\n
Action.c(1360):     Strict-Transport-Security: max-age=63072000; includeSubdomains;\r\n
Action.c(1360):     access-control-allow-credentials: true\r\n
Action.c(1360):     access-control-allow-origin:\r\n
Action.c(1360):     expires: 0\r\n
Action.c(1360):     Vary: Accept-Encoding,User-Agent\r\n
Action.c(1360):     Content-Encoding: gzip\r\n
Action.c(1360):     Cache-Control: no-store\r\n
Action.c(1360):     X-XSS-Protection: 1; mode=block\r\n
Action.c(1360):     X-Content-Type-Options: nosniff\r\n
Action.c(1360):     Strict-Transport-Security: max-age=86400; includeSubDomains\r\n
Action.c(1360):     Content-Security-Policy: frame-ancestors 'self' *.giantfood.com\r\n
Action.c(1360):     CF-Cache-Status: DYNAMIC\r\n
Action.c(1360):     Expect-CT: max-age=604800, report-uri="https://report-uri.cloudflare.com/cdn-cgi/beacon/ex
Action.c(1360):     pect-ct"\r\n
Action.c(1360):     Server: cloudflare\r\n
Action.c(1360):     CF-RAY: 53acd820be5f56e5-IAD\r\n
Action.c(1360):     \r\n
Action.c(1360): t=274635ms: 611-byte ENCODED response body received for "https://stage.peapod.com/api/v3.0/user/cart" (RelFrameId=1, Internal ID=110)
Action.c(1360): t=274636ms: 1148-byte DECODED response body for "https://stage.peapod.com/api/v3.0/user/cart" (RelFrameId=1, Internal ID=110)
Action.c(1360):     {"response":{"successes":[{"productId":215832,"code":"SUCCESS"}],"errors":[],"cart":{"item
Action.c(1360):     s":[{"prodId":215832,"name":"Nature's Promise Free from Alaskan Cod Fillets - 4 ct Frozen"
Action.c(1360):     ,"size":"12 OZ PKG","unitPrice":11.05,"unitMeasure":"LB","price":8.29,"regularPrice":8.29,
Action.c(1360):     "rootCatId":2541,"rootCatSeq":4,"rootCatName":"Seafood","upc":"68826715461","hasSubstitute
Action.c(1360):     ":false,"rating":0.0,"ratingReviewsSuppressed":false,"marketSpecificReviews":false,"review
Action.c(1360):     Id":"215832-PPDALL","brandId":128,"brand":"Nature's Promise","qty":1,"subcatId":2544,"subc
Action.c(1360):     atName":"Cod","flags":{"sample":false,"suppressed":false,"active":true,"outOfStock":false,
Action.c(1360):     "specialCode":" ","upromise":false,"newArrival":false,"privateLabel":true,"preferredItem":
Action.c(1360):     false,"bogo":false,"sale":false,"lowPriceEveryday":false,"organic":false,"dairy":false,"eg
Action.c(1360):     g":false,"gluten":false,"kosher":false,"peanut":false,"nonGMO":false,"vegan":false,"vegete
Action.c(1360):     rian":false,"lactoseFree":false,"antibioticFree":false,"wheatFree":false,"hormoneFree":fal
Action.c(1360):     se,"nitrateFree":false,"nitriteFree":false,"natural":false},"image":{"small":"https://i5.p
Action.c(1360):     eapod.com/c/2I/2IXGC.jpg","medium":"https://i5.peapod.com/c/GU/GUG7B
Action.c(1360): t=274639ms: 1061-byte ENCODED response body received for "https://stage.peapod.com/api/v3.0/user/cart" (RelFrameId=1, Internal ID=110)
Action.c(1360): t=274639ms: 5260-byte DECODED response body for "https://stage.peapod.com/api/v3.0/user/cart" (RelFrameId=1, Internal ID=110)
Action.c(1360):     .jpg","large":"https://i5.peapod.com/c/EK/EK3FL.jpg","xlarge":"https://i5.peapod.com/c/KP/
Action.c(1360):     KP5KW.jpg"},"nutrition":{"nutritionShow":true,"servingSize":"4.0 OZ","servingsPerContainer
Action.c(1360):     ":"3","totalCalories":80.0,"totalCaloriesShow":true,"fatCalories":0.0,"fatCaloriesShow":tr
Action.c(1360):     ue,"totalFat":0.0,"totalFatShow":true,"totalFatPct":0.0,"totalFatPctShow":true,"totalFatUn
Action.c(1360):     it":"g","saturatedFat":0.0,"saturatedFatShow":true,"saturatedFatPct":0.0,"saturatedFatPctS
Action.c(1360):     how":true,"saturatedFatUnit":"g","transFat":0.0,"transFatUnit":"g","transFatShow":true,"po
Action.c(1360):     lyunsaturatedFat":0.0,"polyunsaturatedFatUnit":"g","polyunsaturatedFatShow":true,"monounsa
Action.c(1360):     turatedFat":0.0,"monounsaturatedFatUnit":"g","monounsaturatedFatShow":true,"cholesterol":5
Action.c(1360):     5.0,"cholesterolShow":true,"cholesterolPct":18.0,"cholesterolPctShow":true,"cholesterolUni
Action.c(1360):     t":"mg","sodium":65.0,"sodiumShow":true,"sodiumPct":3.0,"sodiumPctShow":true,"sodiumUnit":
Action.c(1360):     "mg","potassium":260.0,"potassiumShow":true,"potassiumPct":6.0,"potassiumPctShow":true,"po
Action.c(1360):     tassiumUnit":"mg","totalCarbs":0.0,"totalCarbsShow":true,"totalCarbsPct":0.0,"totalCarbsPc
Action.c(1360):     tShow":true,"totalCarbsUnit":"g","dietaryFiber":0.0,"dietaryFiberShow":true,"dietaryFiberP
Action.c(1360):     ct":0.0,"dietaryFiberPctShow":true,"dietaryFiberUnit":"g","sugar":0.0,"sugarUnit":"g","sug
Action.c(1360):     arShow":true,"sugarAlcoholUnit":"g","sugarAlcoholShow":false,"otherCarbsUnit":"g","otherCa
Action.c(1360):     rbsShow":false,"protein":17.0,"proteinUnit":"g","proteinShow":true,"vitaminAShow":false,"v
Action.c(1360):     itaminCShow":false,"ironPct":0.0,"ironShow":true,"calciumPct":0.0,"calciumShow":true,"ww":
Action.c(1360):     2,"wwShow":true},"bmsm":false,"bmsmTiers":[],"guidingStars":3,"options":[],"suppressSwapAn
Action.c(1360):     dSave":false,"productCategoryId":3724,"hasPriceAdjustment":false,"hasPickStoreLocation":fa
Action.c(1360):     lse,"hasCoupon":false},{"prodId":140290,"name":"Salmon Fillets Skin-On Farm-Raised Fresh",
Action.c(1360):     "size":"APX 1 LB","unitPrice":9.99,"unitMeasure":"LB","price":9.99,"regularPrice":9.99,"ro
Action.c(1360):     otCatId":2541,"rootCatSeq":4,"rootCatName":"Seafood","upc":"25442300000","hasSubstitute":t
Action.c(1360):     rue,"substituteId":219448,"rating":0.0,"ratingReviewsSuppressed":false,"marketSpecificRevi
Action.c(1360):     ews":false,"reviewId":"140290-PPDALL","brandId":557,"brand":"Fresh Seafood","qty":3,"subca
Action.c(1360):     tId":2547,"subcatName":"Salmon","flags":{"sample":false,"suppressed":false,"active":true,"
Action.c(1360):     outOfStock":false,"specialCode":" ","upromise":false,"newArrival":false,"privateLabel":fal
Action.c(1360):     se,"preferredItem":false,"bogo":false,"sale":false,"lowPriceEveryday":false,"organic":fals
Action.c(1360):     e,"dairy":false,"egg":false,"gluten":false,"kosher":false,"peanut":false,"nonGMO":false,"v
Action.c(1360):     egan":false,"vegeterian":false,"lactoseFree":false,"antibioticFree":false,"wheatFree":fals
Action.c(1360):     e,"hormoneFree":false,"nitrateFree":false,"nitriteFree":false,"natural":false},"image":{"s
Action.c(1360):     mall":"https://i5.peapod.com/c/2F/2FWXO.jpg","medium":"https://i5.peapod.com/c/O6/O6JCB.jp
Action.c(1360):     g","large":"https://i5.peapod.com/c/HH/HHI8O.jpg","xlarge":"https://i5.peapod.com/c/45/457
Action.c(1360):     SP.jpg"},"nutrition":{"nutritionShow":true,"servingSize":"3 OZ","servingsPerContainer":"VA
Action.c(1360):     RIES","totalCalories":177.0,"totalCaloriesShow":true,"fatCalories":102.66,"fatCaloriesShow
Action.c(1360):     ":true,"totalFat":11.41,"totalFatShow":true,"totalFatPct":17.55,"totalFatPctShow":true,"to
Action.c(1360):     talFatUnit":"g","saturatedFat":2.59,"saturatedFatShow":true,"saturatedFatPct":12.96,"satur
Action.c(1360):     atedFatPctShow":true,"saturatedFatUnit":"g","transFat":0.0,"transFatUnit":"g","transFatSho
Action.c(1360):     w":true,"polyunsaturatedFat":3.3,"polyunsaturatedFatUnit":"g","polyunsaturatedFatShow":tru
Action.c(1360):     e,"monounsaturatedFat":3.2,"monounsaturatedFatUnit":"g","monounsaturatedFatShow":true,"cho
Action.c(1360):     lesterol":46.75,"cholesterolShow":true,"cholesterolPct":15.58,"cholesterolPctShow":true,"c
Action.c(1360):     holesterolUnit":"mg","sodium":50.15,"sodiumShow":true,"sodiumPct":2.09,"sodiumPctShow":tru
Action.c(1360):     e,"sodiumUnit":"mg","potassium":308.55,"potassiumShow":true,"potassiumPct":6.56,"potassium
Action.c(1360):     PctShow":true,"potassiumUnit":"mg","totalCarbs":0.0,"totalCarbsShow":true,"totalCarbsPct":
Action.c(1360):     0.0,"totalCarbsPctShow":true,"totalCarbsUnit":"g","dietaryFiber":0.0,"dietaryFiberShow":tr
Action.c(1360):     ue,"dietaryFiberPct":0.0,"dietaryFiberPctShow":true,"dietaryFiberUnit":"g","sugar":0.0,"su
Action.c(1360):     garUnit":"g","sugarShow":true,"sugarAlcoholUnit":"g","sugarAlcoholShow":false,"otherCarbs"
Action.c(1360):     :0.0,"otherCarbsUnit":"g","otherCarbsShow":true,"protein":17.36,"proteinUnit":"g","protein
Action.c(1360):     Show":true,"vitaminAPct":0.85,"vitaminAShow":true,"vitaminCPct":4.42,"vitaminCShow":true,"
Action.c(1360):     ironPct":0.01,"ironShow":true,"calciumPct":0.77,"calciumShow":true,"ww":5,"wwShow":true},"
Action.c(1360):     bmsm":false,"bmsmTiers":[],"guidingStars":3,"options":[],"suppressSwapAndSave":false,"prod
Action.c(1360):     uctCategoryId":3733,"hasPriceAdjustment":false,"hasPickStoreLocation":false,"hasCoupon":fa
Action.c(1360):     lse}],"removedItems":[],"subTotalPrice":38.26,"tax":0.0,"driverTip":0.0,"fees":{"deliveryF
Action.c(1360):     ee":9.95,"electPmtDiscount":0.0,"promotionSavings":0.0,"giftCardDiscount":0.0,"fuelSurchar
Action.c(1360):     ge":0.05},"total":48.26,"savings":{"couponSavings":0.0,"coupons":[],"inStoreCouponSavings"
Action.c(1360):     :0.0,"inStoreCoupons":[],"weeklySavingsTotal":0.0,"weeklySavingsItems":[],"buyMoreSaveMore
Action.c(1360):     SavingsTotal":0.0,"buyMoreSaveMoreSavingsItems":[],"promotionSavingsTotal":0.0,"promotionS
Action.c(1360):     avings":[],"pepDiscount":0.0,"delivDiscount":0.0,"hasPersonalCoupons":false,"totalSavingsA
Action.c(1360):     mt":0.0},"orderId":"d135967125","orderStatusCode":"WORKING","orderLocationConfirmed":true}
Action.c(1360):     },"sessionId":"IIFRJAZ4OWS4UCWWM4JCF3Q"}
Action.c(1360): web_custom_request("cart") was successful, 1672 body bytes, 752 header bytes  	[MsgId: MMSG-26386]
Action.c(1379): Notify: Transaction "S01_PRISM_Peapod_SIT_SignIn_Checkout_T06_Add_to_Cart" ended with a "Pass" status (Duration: 14.8522).
Action.c(1383): Notify: Transaction "S01_PRISM_Peapod_SIT_SignIn_Checkout_T07_Increase_Prod_Qty" started.
Action.c(1385): web_add_header("Content-Type") started  	[MsgId: MMSG-26355]
Action.c(1385): Warning -26594: The header being added may cause unpredictable results if applied to ALL the URLs generated on behalf of the next script function. It will apply to the primary URL only.  	[MsgId: MWAR-26594]
Action.c(1385): web_add_header("Content-Type") highest severity level was "warning"  	[MsgId: MMSG-26391]
Action.c(1418): web_custom_request("cart") started  	[MsgId: MMSG-26355]
Action.c(1418): Warning: The string '"sample":false,"suppressed":false,"active":true,"outOfStock":false,"specialCode":" ","upromise":false,"newArrival":false,"privateLabel":true,"preferredItem":false,"bogo":false,"sale":false,"lowPriceEveryday":false,"organic":false,"dairy":false,"egg":false,"gluten":false,"kosher":false,"peanut":false,"nonGMO":false,"vegan":false,"vegeterian":false,"lactoseFree":false,"antibioticFree":false,"wheatFree":false,"hormoneFree":false,"nitrateFree":false,"nitriteFree":false,"natural":false' with parameter delimiters is not a parameter.
Action.c(1418): Warning: The string '"small":"https://i5.peapod.com/c/2I/2IXGC.jpg","medium":"https://i5.peapod.com/c/GU/GUG7B.jpg","large":"https://i5.peapod.com/c/EK/EK3FL.jpg","xlarge":"https://i5.peapod.com/c/KP/KP5KW.jpg"' with parameter delimiters is not a parameter.
Action.c(1418): Warning: The string '"nutritionShow":true,"servingSize":"4.0 OZ","servingsPerContainer":"3","totalCalories":80,"totalCaloriesShow":true,"fatCalories":0,"fatCaloriesShow":true,"totalFat":0,"totalFatShow":true,"totalFatPct":0,"totalFatPctShow":true,"totalFatUnit":"g","saturatedFat":0,"saturatedFatShow":true,"saturatedFatPct":0,"saturatedFatPctShow":true,"saturatedFatUnit":"g","transFat":0,"transFatUnit":"g","transFatShow":true,"polyunsaturatedFat":0,"polyunsaturatedFatUnit":"g","polyunsaturatedFatShow":true,"monounsaturatedFat":0,"monounsaturatedFatUnit":"g","monounsaturatedFatShow":true,"cholesterol":55,"cholesterolShow":true,"cholesterolPct":18,"cholesterolPctShow":true,"cholesterolUnit":"mg","sodium":65,"sodiumShow":true,"sodiumPct":3,"sodiumPctShow":true,"sodiumUnit":"mg","potassium":260,"potassiumShow":true,"potassiumPct":6,"potassiumPctShow":true,"potassiumUnit":"mg","totalCarbs":0,"totalCarbsShow":true,"totalCarbsPct":0,"totalCarbsPctShow":true,"totalCarbsUnit":"g","dietaryFiber":0,"dietaryFiberShow":true,"dietaryFiberPct":0,"dietaryFiberPctShow":true,"dietaryFiberUnit":"g","sugar":0,"sugarUnit":"g","sugarShow":true,"sugarAlcoholUnit":"g","sugarAlcoholShow":false,"otherCarbsUnit":"g","otherCarbsShow":false,"protein":17,"proteinUnit":"g","proteinShow":true,"vitaminAShow":false,"vitaminCShow":false,"ironPct":0,"ironShow":true,"calciumPct":0,"calciumShow":true,"ww":2,"wwShow":true' with parameter delimiters is not a parameter.
Action.c(1418): Warning: The string '"productId":215832,"quantity":2,"coupon":null' with parameter delimiters is not a parameter.
Action.c(1418): t=290124ms: 752-byte response headers for "https://stage.peapod.com/api/v3.0/user/cart" (RelFrameId=1, Internal ID=111)
Action.c(1418):     HTTP/1.1 200 OK\r\n
Action.c(1418):     Date: Sun, 24 Nov 2019 16:44:07 GMT\r\n
Action.c(1418):     Content-Type: application/json;charset=utf-8\r\n
Action.c(1418):     Transfer-Encoding: chunked\r\n
Action.c(1418):     Connection: keep-alive\r\n
Action.c(1418):     Strict-Transport-Security: max-age=63072000; includeSubdomains;\r\n
Action.c(1418):     access-control-allow-credentials: true\r\n
Action.c(1418):     access-control-allow-origin:\r\n
Action.c(1418):     expires: 0\r\n
Action.c(1418):     Vary: Accept-Encoding,User-Agent\r\n
Action.c(1418):     Content-Encoding: gzip\r\n
Action.c(1418):     Cache-Control: no-store\r\n
Action.c(1418):     X-XSS-Protection: 1; mode=block\r\n
Action.c(1418):     X-Content-Type-Options: nosniff\r\n
Action.c(1418):     Strict-Transport-Security: max-age=86400; includeSubDomains\r\n
Action.c(1418):     Content-Security-Policy: frame-ancestors 'self' *.giantfood.com\r\n
Action.c(1418):     CF-Cache-Status: DYNAMIC\r\n
Action.c(1418):     Expect-CT: max-age=604800, report-uri="https://report-uri.cloudflare.com/cdn-cgi/beacon/ex
Action.c(1418):     pect-ct"\r\n
Action.c(1418):     Server: cloudflare\r\n
Action.c(1418):     CF-RAY: 53acd881db2d576f-IAD\r\n
Action.c(1418):     \r\n
Action.c(1418): t=290129ms: 611-byte ENCODED response body received for "https://stage.peapod.com/api/v3.0/user/cart" (RelFrameId=1, Internal ID=111)
Action.c(1418): t=290129ms: 1146-byte DECODED response body for "https://stage.peapod.com/api/v3.0/user/cart" (RelFrameId=1, Internal ID=111)
Action.c(1418):     {"response":{"successes":[{"productId":215832,"code":"SUCCESS"}],"errors":[],"cart":{"item
Action.c(1418):     s":[{"prodId":215832,"name":"Nature's Promise Free from Alaskan Cod Fillets - 4 ct Frozen"
Action.c(1418):     ,"size":"12 OZ PKG","unitPrice":11.05,"unitMeasure":"LB","price":8.29,"regularPrice":8.29,
Action.c(1418):     "rootCatId":2541,"rootCatSeq":4,"rootCatName":"Seafood","upc":"68826715461","hasSubstitute
Action.c(1418):     ":false,"rating":0.0,"ratingReviewsSuppressed":false,"marketSpecificReviews":false,"review
Action.c(1418):     Id":"215832-PPDALL","brandId":128,"brand":"Nature's Promise","qty":3,"subcatId":2544,"subc
Action.c(1418):     atName":"Cod","flags":{"sample":false,"suppressed":false,"active":true,"outOfStock":false,
Action.c(1418):     "specialCode":" ","upromise":false,"newArrival":false,"privateLabel":true,"preferredItem":
Action.c(1418):     false,"bogo":false,"sale":false,"lowPriceEveryday":false,"organic":false,"dairy":false,"eg
Action.c(1418):     g":false,"gluten":false,"kosher":false,"peanut":false,"nonGMO":false,"vegan":false,"vegete
Action.c(1418):     rian":false,"lactoseFree":false,"antibioticFree":false,"wheatFree":false,"hormoneFree":fal
Action.c(1418):     se,"nitrateFree":false,"nitriteFree":false,"natural":false},"image":{"small":"https://i5.p
Action.c(1418):     eapod.com/c/2I/2IXGC.jpg","medium":"https://i5.peapod.com/c/GU/GUG
Action.c(1418): t=290132ms: 1066-byte ENCODED response body received for "https://stage.peapod.com/api/v3.0/user/cart" (RelFrameId=1, Internal ID=111)
Action.c(1418): t=290132ms: 5266-byte DECODED response body for "https://stage.peapod.com/api/v3.0/user/cart" (RelFrameId=1, Internal ID=111)
Action.c(1418):     7B.jpg","large":"https://i5.peapod.com/c/EK/EK3FL.jpg","xlarge":"https://i5.peapod.com/c/K
Action.c(1418):     P/KP5KW.jpg"},"nutrition":{"nutritionShow":true,"servingSize":"4.0 OZ","servingsPerContain
Action.c(1418):     er":"3","totalCalories":80.0,"totalCaloriesShow":true,"fatCalories":0.0,"fatCaloriesShow":
Action.c(1418):     true,"totalFat":0.0,"totalFatShow":true,"totalFatPct":0.0,"totalFatPctShow":true,"totalFat
Action.c(1418):     Unit":"g","saturatedFat":0.0,"saturatedFatShow":true,"saturatedFatPct":0.0,"saturatedFatPc
Action.c(1418):     tShow":true,"saturatedFatUnit":"g","transFat":0.0,"transFatUnit":"g","transFatShow":true,"
Action.c(1418):     polyunsaturatedFat":0.0,"polyunsaturatedFatUnit":"g","polyunsaturatedFatShow":true,"monoun
Action.c(1418):     saturatedFat":0.0,"monounsaturatedFatUnit":"g","monounsaturatedFatShow":true,"cholesterol"
Action.c(1418):     :55.0,"cholesterolShow":true,"cholesterolPct":18.0,"cholesterolPctShow":true,"cholesterolU
Action.c(1418):     nit":"mg","sodium":65.0,"sodiumShow":true,"sodiumPct":3.0,"sodiumPctShow":true,"sodiumUnit
Action.c(1418):     ":"mg","potassium":260.0,"potassiumShow":true,"potassiumPct":6.0,"potassiumPctShow":true,"
Action.c(1418):     potassiumUnit":"mg","totalCarbs":0.0,"totalCarbsShow":true,"totalCarbsPct":0.0,"totalCarbs
Action.c(1418):     PctShow":true,"totalCarbsUnit":"g","dietaryFiber":0.0,"dietaryFiberShow":true,"dietaryFibe
Action.c(1418):     rPct":0.0,"dietaryFiberPctShow":true,"dietaryFiberUnit":"g","sugar":0.0,"sugarUnit":"g","s
Action.c(1418):     ugarShow":true,"sugarAlcoholUnit":"g","sugarAlcoholShow":false,"otherCarbsUnit":"g","other
Action.c(1418):     CarbsShow":false,"protein":17.0,"proteinUnit":"g","proteinShow":true,"vitaminAShow":false,
Action.c(1418):     "vitaminCShow":false,"ironPct":0.0,"ironShow":true,"calciumPct":0.0,"calciumShow":true,"ww
Action.c(1418):     ":2,"wwShow":true},"bmsm":false,"bmsmTiers":[],"guidingStars":3,"options":[],"suppressSwap
Action.c(1418):     AndSave":false,"productCategoryId":3724,"hasPriceAdjustment":false,"hasPickStoreLocation":
Action.c(1418):     false,"hasCoupon":false},{"prodId":140290,"name":"Salmon Fillets Skin-On Farm-Raised Fresh
Action.c(1418):     ","size":"APX 1 LB","unitPrice":9.99,"unitMeasure":"LB","price":9.99,"regularPrice":9.99,"
Action.c(1418):     rootCatId":2541,"rootCatSeq":4,"rootCatName":"Seafood","upc":"25442300000","hasSubstitute"
Action.c(1418):     :true,"substituteId":219448,"rating":0.0,"ratingReviewsSuppressed":false,"marketSpecificRe
Action.c(1418):     views":false,"reviewId":"140290-PPDALL","brandId":557,"brand":"Fresh Seafood","qty":3,"sub
Action.c(1418):     catId":2547,"subcatName":"Salmon","flags":{"sample":false,"suppressed":false,"active":true
Action.c(1418):     ,"outOfStock":false,"specialCode":" ","upromise":false,"newArrival":false,"privateLabel":f
Action.c(1418):     alse,"preferredItem":false,"bogo":false,"sale":false,"lowPriceEveryday":false,"organic":fa
Action.c(1418):     lse,"dairy":false,"egg":false,"gluten":false,"kosher":false,"peanut":false,"nonGMO":false,
Action.c(1418):     "vegan":false,"vegeterian":false,"lactoseFree":false,"antibioticFree":false,"wheatFree":fa
Action.c(1418):     lse,"hormoneFree":false,"nitrateFree":false,"nitriteFree":false,"natural":false},"image":{
Action.c(1418):     "small":"https://i5.peapod.com/c/2F/2FWXO.jpg","medium":"https://i5.peapod.com/c/O6/O6JCB.
Action.c(1418):     jpg","large":"https://i5.peapod.com/c/HH/HHI8O.jpg","xlarge":"https://i5.peapod.com/c/45/4
Action.c(1418):     57SP.jpg"},"nutrition":{"nutritionShow":true,"servingSize":"3 OZ","servingsPerContainer":"
Action.c(1418):     VARIES","totalCalories":177.0,"totalCaloriesShow":true,"fatCalories":102.66,"fatCaloriesSh
Action.c(1418):     ow":true,"totalFat":11.41,"totalFatShow":true,"totalFatPct":17.55,"totalFatPctShow":true,"
Action.c(1418):     totalFatUnit":"g","saturatedFat":2.59,"saturatedFatShow":true,"saturatedFatPct":12.96,"sat
Action.c(1418):     uratedFatPctShow":true,"saturatedFatUnit":"g","transFat":0.0,"transFatUnit":"g","transFatS
Action.c(1418):     how":true,"polyunsaturatedFat":3.3,"polyunsaturatedFatUnit":"g","polyunsaturatedFatShow":t
Action.c(1418):     rue,"monounsaturatedFat":3.2,"monounsaturatedFatUnit":"g","monounsaturatedFatShow":true,"c
Action.c(1418):     holesterol":46.75,"cholesterolShow":true,"cholesterolPct":15.58,"cholesterolPctShow":true,
Action.c(1418):     "cholesterolUnit":"mg","sodium":50.15,"sodiumShow":true,"sodiumPct":2.09,"sodiumPctShow":t
Action.c(1418):     rue,"sodiumUnit":"mg","potassium":308.55,"potassiumShow":true,"potassiumPct":6.56,"potassi
Action.c(1418):     umPctShow":true,"potassiumUnit":"mg","totalCarbs":0.0,"totalCarbsShow":true,"totalCarbsPct
Action.c(1418):     ":0.0,"totalCarbsPctShow":true,"totalCarbsUnit":"g","dietaryFiber":0.0,"dietaryFiberShow":
Action.c(1418):     true,"dietaryFiberPct":0.0,"dietaryFiberPctShow":true,"dietaryFiberUnit":"g","sugar":0.0,"
Action.c(1418):     sugarUnit":"g","sugarShow":true,"sugarAlcoholUnit":"g","sugarAlcoholShow":false,"otherCarb
Action.c(1418):     s":0.0,"otherCarbsUnit":"g","otherCarbsShow":true,"protein":17.36,"proteinUnit":"g","prote
Action.c(1418):     inShow":true,"vitaminAPct":0.85,"vitaminAShow":true,"vitaminCPct":4.42,"vitaminCShow":true
Action.c(1418):     ,"ironPct":0.01,"ironShow":true,"calciumPct":0.77,"calciumShow":true,"ww":5,"wwShow":true}
Action.c(1418):     ,"bmsm":false,"bmsmTiers":[],"guidingStars":3,"options":[],"suppressSwapAndSave":false,"pr
Action.c(1418):     oductCategoryId":3733,"hasPriceAdjustment":false,"hasPickStoreLocation":false,"hasCoupon":
Action.c(1418):     false}],"removedItems":[],"subTotalPrice":54.839996,"tax":0.0,"driverTip":0.0,"fees":{"del
Action.c(1418):     iveryFee":9.95,"electPmtDiscount":0.0,"promotionSavings":0.0,"giftCardDiscount":0.0,"fuelS
Action.c(1418):     urcharge":0.05},"total":64.84,"savings":{"couponSavings":0.0,"coupons":[],"inStoreCouponSa
Action.c(1418):     vings":0.0,"inStoreCoupons":[],"weeklySavingsTotal":0.0,"weeklySavingsItems":[],"buyMoreSa
Action.c(1418):     veMoreSavingsTotal":0.0,"buyMoreSaveMoreSavingsItems":[],"promotionSavingsTotal":0.0,"prom
Action.c(1418):     otionSavings":[],"pepDiscount":0.0,"delivDiscount":0.0,"hasPersonalCoupons":false,"totalSa
Action.c(1418):     vingsAmt":0.0},"orderId":"d135967125","orderStatusCode":"WORKING","orderLocationConfirmed"
Action.c(1418):     :true}},"sessionId":"IIFRJAZ4OWS4UCWWM4JCF3Q"}
Action.c(1418): web_custom_request("cart") was successful, 1677 body bytes, 752 header bytes  	[MsgId: MMSG-26386]
Action.c(1436): Notify: Transaction "S01_PRISM_Peapod_SIT_SignIn_Checkout_T07_Increase_Prod_Qty" ended with a "Pass" status (Duration: 3.4805).
Action.c(1440): Notify: Transaction "S01_PRISM_Peapod_SIT_SignIn_Checkout_T06_Add_to_Cart" started.
Action.c(1473): web_custom_request("cart") started  	[MsgId: MMSG-26355]
Action.c(1473): Warning: The string '"sample":false,"suppressed":false,"active":true,"outOfStock":false,"specialCode":" ","upromise":false,"newArrival":false,"privateLabel":false,"preferredItem":false,"bogo":false,"sale":false,"lowPriceEveryday":false,"organic":false,"dairy":false,"egg":false,"gluten":false,"kosher":false,"peanut":false,"nonGMO":false,"vegan":false,"vegeterian":false,"lactoseFree":false,"antibioticFree":false,"wheatFree":false,"hormoneFree":false,"nitrateFree":false,"nitriteFree":false,"natural":false' with parameter delimiters is not a parameter.
Action.c(1473): Warning: The string '"small":"https://i5.peapod.com/c/EO/EOENR.jpg","medium":"https://i5.peapod.com/c/2O/2OR7F.jpg","large":"https://i5.peapod.com/c/G7/G7NJS.jpg","xlarge":"https://i5.peapod.com/c/BB/BBF47.jpg"' with parameter delimiters is not a parameter.
Action.c(1473): Warning: The string '"nutritionShow":true,"servingSize":"3 OZ","servingsPerContainer":"VARIES","totalCalories":92.7,"totalCaloriesShow":true,"fatCalories":3.75,"fatCaloriesShow":true,"totalFat":0.41,"totalFatShow":true,"totalFatPct":0.64,"totalFatPctShow":true,"totalFatUnit":"g","saturatedFat":0.14,"saturatedFatShow":true,"saturatedFatPct":0.73,"saturatedFatPctShow":true,"saturatedFatUnit":"g","transFat":0.01,"transFatUnit":"g","transFatShow":true,"polyunsaturatedFat":0.12,"polyunsaturatedFatUnit":"g","polyunsaturatedFatShow":true,"monounsaturatedFat":0.09,"monounsaturatedFatUnit":"g","monounsaturatedFatShow":true,"cholesterol":33.16,"cholesterolShow":true,"cholesterolPct":11.05,"cholesterolPctShow":true,"cholesterolUnit":"mg","sodium":38.27,"sodiumShow":true,"sodiumPct":1.59,"sodiumPctShow":true,"sodiumUnit":"mg","potassium":375.07,"potassiumShow":true,"potassiumPct":7.98,"potassiumPctShow":true,"potassiumUnit":"mg","totalCarbs":0,"totalCarbsShow":true,"totalCarbsPct":0,"totalCarbsPctShow":true,"totalCarbsUnit":"g","dietaryFiber":0,"dietaryFiberShow":true,"dietaryFiberPct":0,"dietaryFiberPctShow":true,"dietaryFiberUnit":"g","sugar":0,"sugarUnit":"g","sugarShow":true,"sugarAlcoholUnit":"g","sugarAlcoholShow":false,"otherCarbs":0,"otherCarbsUnit":"g","otherCarbsShow":true,"protein":20.75,"proteinUnit":"g","proteinShow":true,"vitaminAPct":1.02,"vitaminAShow":true,"vitaminCPct":0,"vitaminCShow":true,"ironPct":0.03,"ironShow":true,"calciumPct":0.34,"calciumShow":true,"ww":2,"wwShow":true' with parameter delimiters is not a parameter.
Action.c(1473): Warning: The string '"productId":124943,"quantity":1,"coupon":null' with parameter delimiters is not a parameter.
Action.c(1473): t=294786ms: 752-byte response headers for "https://stage.peapod.com/api/v3.0/user/cart" (RelFrameId=1, Internal ID=112)
Action.c(1473):     HTTP/1.1 200 OK\r\n
Action.c(1473):     Date: Sun, 24 Nov 2019 16:44:12 GMT\r\n
Action.c(1473):     Content-Type: application/json;charset=utf-8\r\n
Action.c(1473):     Transfer-Encoding: chunked\r\n
Action.c(1473):     Connection: keep-alive\r\n
Action.c(1473):     Strict-Transport-Security: max-age=63072000; includeSubdomains;\r\n
Action.c(1473):     access-control-allow-credentials: true\r\n
Action.c(1473):     access-control-allow-origin:\r\n
Action.c(1473):     expires: 0\r\n
Action.c(1473):     Vary: Accept-Encoding,User-Agent\r\n
Action.c(1473):     Content-Encoding: gzip\r\n
Action.c(1473):     Cache-Control: no-store\r\n
Action.c(1473):     X-XSS-Protection: 1; mode=block\r\n
Action.c(1473):     X-Content-Type-Options: nosniff\r\n
Action.c(1473):     Strict-Transport-Security: max-age=86400; includeSubDomains\r\n
Action.c(1473):     Content-Security-Policy: frame-ancestors 'self' *.giantfood.com\r\n
Action.c(1473):     CF-Cache-Status: DYNAMIC\r\n
Action.c(1473):     Expect-CT: max-age=604800, report-uri="https://report-uri.cloudflare.com/cdn-cgi/beacon/ex
Action.c(1473):     pect-ct"\r\n
Action.c(1473):     Server: cloudflare\r\n
Action.c(1473):     CF-RAY: 53acd89d7af256c1-IAD\r\n
Action.c(1473):     \r\n
Action.c(1473): t=294790ms: 611-byte ENCODED response body received for "https://stage.peapod.com/api/v3.0/user/cart" (RelFrameId=1, Internal ID=112)
Action.c(1473): t=294790ms: 1100-byte DECODED response body for "https://stage.peapod.com/api/v3.0/user/cart" (RelFrameId=1, Internal ID=112)
Action.c(1473):     {"response":{"successes":[{"productId":124943,"code":"SUCCESS"}],"errors":[],"cart":{"item
Action.c(1473):     s":[{"prodId":215832,"name":"Nature's Promise Free from Alaskan Cod Fillets - 4 ct Frozen"
Action.c(1473):     ,"size":"12 OZ PKG","unitPrice":11.05,"unitMeasure":"LB","price":8.29,"regularPrice":8.29,
Action.c(1473):     "rootCatId":2541,"rootCatSeq":4,"rootCatName":"Seafood","upc":"68826715461","hasSubstitute
Action.c(1473):     ":false,"rating":0.0,"ratingReviewsSuppressed":false,"marketSpecificReviews":false,"review
Action.c(1473):     Id":"215832-PPDALL","brandId":128,"brand":"Nature's Promise","qty":3,"subcatId":2544,"subc
Action.c(1473):     atName":"Cod","flags":{"sample":false,"suppressed":false,"active":true,"outOfStock":false,
Action.c(1473):     "specialCode":" ","upromise":false,"newArrival":false,"privateLabel":true,"preferredItem":
Action.c(1473):     false,"bogo":false,"sale":false,"lowPriceEveryday":false,"organic":false,"dairy":false,"eg
Action.c(1473):     g":false,"gluten":false,"kosher":false,"peanut":false,"nonGMO":false,"vegan":false,"vegete
Action.c(1473):     rian":false,"lactoseFree":false,"antibioticFree":false,"wheatFree":false,"hormoneFree":fal
Action.c(1473):     se,"nitrateFree":false,"nitriteFree":false,"natural":false},"image":{"small":"https://i5.p
Action.c(1473):     eapod.com/c/2I/2IXGC
Action.c(1473): t=294792ms: 1304-byte ENCODED response body received for "https://stage.peapod.com/api/v3.0/user/cart" (RelFrameId=1, Internal ID=112)
Action.c(1473): t=294793ms: 8138-byte DECODED response body for "https://stage.peapod.com/api/v3.0/user/cart" (RelFrameId=1, Internal ID=112)
Action.c(1473):     .jpg","medium":"https://i5.peapod.com/c/GU/GUG7B.jpg","large":"https://i5.peapod.com/c/EK/
Action.c(1473):     EK3FL.jpg","xlarge":"https://i5.peapod.com/c/KP/KP5KW.jpg"},"nutrition":{"nutritionShow":t
Action.c(1473):     rue,"servingSize":"4.0 OZ","servingsPerContainer":"3","totalCalories":80.0,"totalCaloriesS
Action.c(1473):     how":true,"fatCalories":0.0,"fatCaloriesShow":true,"totalFat":0.0,"totalFatShow":true,"tot
Action.c(1473):     alFatPct":0.0,"totalFatPctShow":true,"totalFatUnit":"g","saturatedFat":0.0,"saturatedFatSh
Action.c(1473):     ow":true,"saturatedFatPct":0.0,"saturatedFatPctShow":true,"saturatedFatUnit":"g","transFat
Action.c(1473):     ":0.0,"transFatUnit":"g","transFatShow":true,"polyunsaturatedFat":0.0,"polyunsaturatedFatU
Action.c(1473):     nit":"g","polyunsaturatedFatShow":true,"monounsaturatedFat":0.0,"monounsaturatedFatUnit":"
Action.c(1473):     g","monounsaturatedFatShow":true,"cholesterol":55.0,"cholesterolShow":true,"cholesterolPct
Action.c(1473):     ":18.0,"cholesterolPctShow":true,"cholesterolUnit":"mg","sodium":65.0,"sodiumShow":true,"s
Action.c(1473):     odiumPct":3.0,"sodiumPctShow":true,"sodiumUnit":"mg","potassium":260.0,"potassiumShow":tru
Action.c(1473):     e,"potassiumPct":6.0,"potassiumPctShow":true,"potassiumUnit":"mg","totalCarbs":0.0,"totalC
Action.c(1473):     arbsShow":true,"totalCarbsPct":0.0,"totalCarbsPctShow":true,"totalCarbsUnit":"g","dietaryF
Action.c(1473):     iber":0.0,"dietaryFiberShow":true,"dietaryFiberPct":0.0,"dietaryFiberPctShow":true,"dietar
Action.c(1473):     yFiberUnit":"g","sugar":0.0,"sugarUnit":"g","sugarShow":true,"sugarAlcoholUnit":"g","sugar
Action.c(1473):     AlcoholShow":false,"otherCarbsUnit":"g","otherCarbsShow":false,"protein":17.0,"proteinUnit
Action.c(1473):     ":"g","proteinShow":true,"vitaminAShow":false,"vitaminCShow":false,"ironPct":0.0,"ironShow
Action.c(1473):     ":true,"calciumPct":0.0,"calciumShow":true,"ww":2,"wwShow":true},"bmsm":false,"bmsmTiers":
Action.c(1473):     [],"guidingStars":3,"options":[],"suppressSwapAndSave":false,"productCategoryId":3724,"has
Action.c(1473):     PriceAdjustment":false,"hasPickStoreLocation":false,"hasCoupon":false},{"prodId":140290,"n
Action.c(1473):     ame":"Salmon Fillets Skin-On Farm-Raised Fresh","size":"APX 1 LB","unitPrice":9.99,"unitMe
Action.c(1473):     asure":"LB","price":9.99,"regularPrice":9.99,"rootCatId":2541,"rootCatSeq":4,"rootCatName"
Action.c(1473):     :"Seafood","upc":"25442300000","hasSubstitute":true,"substituteId":219448,"rating":0.0,"ra
Action.c(1473):     tingReviewsSuppressed":false,"marketSpecificReviews":false,"reviewId":"140290-PPDALL","bra
Action.c(1473):     ndId":557,"brand":"Fresh Seafood","qty":3,"subcatId":2547,"subcatName":"Salmon","flags":{"
Action.c(1473):     sample":false,"suppressed":false,"active":true,"outOfStock":false,"specialCode":" ","uprom
Action.c(1473):     ise":false,"newArrival":false,"privateLabel":false,"preferredItem":false,"bogo":false,"sal
Action.c(1473):     e":false,"lowPriceEveryday":false,"organic":false,"dairy":false,"egg":false,"gluten":false
Action.c(1473):     ,"kosher":false,"peanut":false,"nonGMO":false,"vegan":false,"vegeterian":false,"lactoseFre
Action.c(1473):     e":false,"antibioticFree":false,"wheatFree":false,"hormoneFree":false,"nitrateFree":false,
Action.c(1473):     "nitriteFree":false,"natural":false},"image":{"small":"https://i5.peapod.com/c/2F/2FWXO.jp
Action.c(1473):     g","medium":"https://i5.peapod.com/c/O6/O6JCB.jpg","large":"https://i5.peapod.com/c/HH/HHI
Action.c(1473):     8O.jpg","xlarge":"https://i5.peapod.com/c/45/457SP.jpg"},"nutrition":{"nutritionShow":true
Action.c(1473):     ,"servingSize":"3 OZ","servingsPerContainer":"VARIES","totalCalories":177.0,"totalCalories
Action.c(1473):     Show":true,"fatCalories":102.66,"fatCaloriesShow":true,"totalFat":11.41,"totalFatShow":tru
Action.c(1473):     e,"totalFatPct":17.55,"totalFatPctShow":true,"totalFatUnit":"g","saturatedFat":2.59,"satur
Action.c(1473):     atedFatShow":true,"saturatedFatPct":12.96,"saturatedFatPctShow":true,"saturatedFatUnit":"g
Action.c(1473):     ","transFat":0.0,"transFatUnit":"g","transFatShow":true,"polyunsaturatedFat":3.3,"polyunsa
Action.c(1473):     turatedFatUnit":"g","polyunsaturatedFatShow":true,"monounsaturatedFat":3.2,"monounsaturate
Action.c(1473):     dFatUnit":"g","monounsaturatedFatShow":true,"cholesterol":46.75,"cholesterolShow":true,"ch
Action.c(1473):     olesterolPct":15.58,"cholesterolPctShow":true,"cholesterolUnit":"mg","sodium":50.15,"sodiu
Action.c(1473):     mShow":true,"sodiumPct":2.09,"sodiumPctShow":true,"sodiumUnit":"mg","potassium":308.55,"po
Action.c(1473):     tassiumShow":true,"potassiumPct":6.56,"potassiumPctShow":true,"potassiumUnit":"mg","totalC
Action.c(1473):     arbs":0.0,"totalCarbsShow":true,"totalCarbsPct":0.0,"totalCarbsPctShow":true,"totalCarbsUn
Action.c(1473):     it":"g","dietaryFiber":0.0,"dietaryFiberShow":true,"dietaryFiberPct":0.0,"dietaryFiberPctS
Action.c(1473):     how":true,"dietaryFiberUnit":"g","sugar":0.0,"sugarUnit":"g","sugarShow":true,"sugarAlcoho
Action.c(1473):     lUnit":"g","sugarAlcoholShow":false,"otherCarbs":0.0,"otherCarbsUnit":"g","otherCarbsShow"
Action.c(1473):     :true,"protein":17.36,"proteinUnit":"g","proteinShow":true,"vitaminAPct":0.85,"vitaminASho
Action.c(1473):     w":true,"vitaminCPct":4.42,"vitaminCShow":true,"ironPct":0.01,"ironShow":true,"calciumPct"
Action.c(1473):     :0.77,"calciumShow":true,"ww":5,"wwShow":true},"bmsm":false,"bmsmTiers":[],"guidingStars":
Action.c(1473):     3,"options":[],"suppressSwapAndSave":false,"productCategoryId":3733,"hasPriceAdjustment":f
Action.c(1473):     alse,"hasPickStoreLocation":false,"hasCoupon":false},{"prodId":124943,"name":"Tuna Steaks 
Action.c(1473):     Previously Frozen","size":"APX 3/4 LB","unitPrice":9.99,"unitMeasure":"LB","price":7.49,"r
Action.c(1473):     egularPrice":7.49,"rootCatId":2541,"rootCatSeq":4,"rootCatName":"Seafood","upc":"208609700
Action.c(1473):     00","hasSubstitute":false,"rating":0.0,"ratingReviewsSuppressed":false,"marketSpecificRevi
Action.c(1473):     ews":false,"reviewId":"124943-PPDALL","brandId":557,"brand":"Fresh Seafood","qty":1,"subca
Action.c(1473):     tId":2551,"subcatName":"Tuna","flags":{"sample":false,"suppressed":false,"active":true,"ou
Action.c(1473):     tOfStock":false,"specialCode":" ","upromise":false,"newArrival":false,"privateLabel":false
Action.c(1473):     ,"preferredItem":false,"bogo":false,"sale":false,"lowPriceEveryday":false,"organic":false,
Action.c(1473):     "dairy":false,"egg":false,"gluten":false,"kosher":false,"peanut":false,"nonGMO":false,"veg
Action.c(1473):     an":false,"vegeterian":false,"lactoseFree":false,"antibioticFree":false,"wheatFree":false,
Action.c(1473):     "hormoneFree":false,"nitrateFree":false,"nitriteFree":false,"natural":false},"image":{"sma
Action.c(1473):     ll":"https://i5.peapod.com/c/EO/EOENR.jpg","medium":"https://i5.peapod.com/c/2O/2OR7F.jpg"
Action.c(1473):     ,"large":"https://i5.peapod.com/c/G7/G7NJS.jpg","xlarge":"https://i5.peapod.com/c/BB/BBF47
Action.c(1473):     .jpg"},"nutrition":{"nutritionShow":true,"servingSize":"3 OZ","servingsPerContainer":"VARI
Action.c(1473):     ES","totalCalories":92.7,"totalCaloriesShow":true,"fatCalories":3.75,"fatCaloriesShow":tru
Action.c(1473):     e,"totalFat":0.41,"totalFatShow":true,"totalFatPct":0.64,"totalFatPctShow":true,"totalFatU
Action.c(1473):     nit":"g","saturatedFat":0.14,"saturatedFatShow":true,"saturatedFatPct":0.73,"saturatedFatP
Action.c(1473):     ctShow":true,"saturatedFatUnit":"g","transFat":0.01,"transFatUnit":"g","transFatShow":true
Action.c(1473):     ,"polyunsaturatedFat":0.12,"polyunsaturatedFatUnit":"g","polyunsaturatedFatShow":true,"mon
Action.c(1473):     ounsaturatedFat":0.09,"monounsaturatedFatUnit":"g","monounsaturatedFatShow":true,"choleste
Action.c(1473):     rol":33.16,"cholesterolShow":true,"cholesterolPct":11.05,"cholesterolPctShow":true,"choles
Action.c(1473):     terolUnit":"mg","sodium":38.27,"sodiumShow":true,"sodiumPct":1.59,"sodiumPctShow":true,"so
Action.c(1473):     diumUnit":"mg","potassium":375.07,"potassiumShow":true,"potassiumPct":7.98,"potassiumPctSh
Action.c(1473):     ow":true,"potassiumUnit":"mg","totalCarbs":0.0,"totalCarbsShow":true,"totalCarbsPct":0.0,"
Action.c(1473):     totalCarbsPctShow":true,"totalCarbsUnit":"g","dietaryFiber":0.0,"dietaryFiberShow":true,"d
Action.c(1473):     ietaryFiberPct":0.0,"dietaryFiberPctShow":true,"dietaryFiberUnit":"g","sugar":0.0,"sugarUn
Action.c(1473):     it":"g","sugarShow":true,"sugarAlcoholUnit":"g","sugarAlcoholShow":false,"otherCarbs":0.0,
Action.c(1473):     "otherCarbsUnit":"g","otherCarbsShow":true,"protein":20.75,"proteinUnit":"g","proteinShow"
Action.c(1473):     :true,"vitaminAPct":1.02,"vitaminAShow":true,"vitaminCPct":0.0,"vitaminCShow":true,"ironPc
Action.c(1473):     t":0.03,"ironShow":true,"calciumPct":0.34,"calciumShow":true,"ww":2,"wwShow":true},"bmsm":
Action.c(1473):     false,"bmsmTiers":[],"guidingStars":3,"options":[],"suppressSwapAndSave":false,"productCat
Action.c(1473):     egoryId":3742,"hasPriceAdjustment":false,"hasPickStoreLocation":false,"hasCoupon":false}],
Action.c(1473):     "removedItems":[],"subTotalPrice":62.329998,"tax":0.0,"driverTip":0.0,"fees":{"deliveryFee
Action.c(1473):     ":9.95,"electPmtDiscount":0.0,"promotionSavings":0.0,"giftCardDiscount":0.0,"fuelSurcharge
Action.c(1473):     ":0.05},"total":72.33,"savings":{"couponSavings":0.0,"coupons":[],"inStoreCouponSavings":0
Action.c(1473):     .0,"inStoreCoupons":[],"weeklySavingsTotal":0.0,"weeklySavingsItems":[],"buyMoreSaveMoreSa
Action.c(1473):     vingsTotal":0.0,"buyMoreSaveMoreSavingsItems":[],"promotionSavingsTotal":0.0,"promotionSav
Action.c(1473):     ings":[],"pepDiscount":0.0,"delivDiscount":0.0,"hasPersonalCoupons":false,"totalSavingsAmt
Action.c(1473):     ":0.0},"orderId":"d135967125","orderStatusCode":"WORKING","orderLocationConfirmed":true}},
Action.c(1473):     "sessionId":"IIFRJAZ4OWS4UCWWM4JCF3Q"}
Action.c(1473): web_custom_request("cart") was successful, 1915 body bytes, 752 header bytes  	[MsgId: MMSG-26386]
Action.c(1504): Notify: Transaction "S01_PRISM_Peapod_SIT_SignIn_Checkout_T06_Add_to_Cart" ended with a "Pass" status (Duration: 3.6029).
Action.c(1508): Notify: Transaction "S01_PRISM_Peapod_SIT_SignIn_Checkout_T07_Increase_Prod_Qty" started.
Action.c(1510): web_add_header("Content-Type") started  	[MsgId: MMSG-26355]
Action.c(1510): Warning -26594: The header being added may cause unpredictable results if applied to ALL the URLs generated on behalf of the next script function. It will apply to the primary URL only.  	[MsgId: MWAR-26594]
Action.c(1510): web_add_header("Content-Type") highest severity level was "warning"  	[MsgId: MMSG-26391]
Action.c(1542): web_custom_request("cart") started  	[MsgId: MMSG-26355]
Action.c(1542): Warning: The string '"sample":false,"suppressed":false,"active":true,"outOfStock":false,"specialCode":" ","upromise":false,"newArrival":false,"privateLabel":false,"preferredItem":false,"bogo":false,"sale":false,"lowPriceEveryday":false,"organic":false,"dairy":false,"egg":false,"gluten":false,"kosher":false,"peanut":false,"nonGMO":false,"vegan":false,"vegeterian":false,"lactoseFree":false,"antibioticFree":false,"wheatFree":false,"hormoneFree":false,"nitrateFree":false,"nitriteFree":false,"natural":false' with parameter delimiters is not a parameter.
Action.c(1542): Warning: The string '"small":"https://i5.peapod.com/c/EO/EOENR.jpg","medium":"https://i5.peapod.com/c/2O/2OR7F.jpg","large":"https://i5.peapod.com/c/G7/G7NJS.jpg","xlarge":"https://i5.peapod.com/c/BB/BBF47.jpg"' with parameter delimiters is not a parameter.
Action.c(1542): Warning: The string '"nutritionShow":true,"servingSize":"3 OZ","servingsPerContainer":"VARIES","totalCalories":92.7,"totalCaloriesShow":true,"fatCalories":3.75,"fatCaloriesShow":true,"totalFat":0.41,"totalFatShow":true,"totalFatPct":0.64,"totalFatPctShow":true,"totalFatUnit":"g","saturatedFat":0.14,"saturatedFatShow":true,"saturatedFatPct":0.73,"saturatedFatPctShow":true,"saturatedFatUnit":"g","transFat":0.01,"transFatUnit":"g","transFatShow":true,"polyunsaturatedFat":0.12,"polyunsaturatedFatUnit":"g","polyunsaturatedFatShow":true,"monounsaturatedFat":0.09,"monounsaturatedFatUnit":"g","monounsaturatedFatShow":true,"cholesterol":33.16,"cholesterolShow":true,"cholesterolPct":11.05,"cholesterolPctShow":true,"cholesterolUnit":"mg","sodium":38.27,"sodiumShow":true,"sodiumPct":1.59,"sodiumPctShow":true,"sodiumUnit":"mg","potassium":375.07,"potassiumShow":true,"potassiumPct":7.98,"potassiumPctShow":true,"potassiumUnit":"mg","totalCarbs":0,"totalCarbsShow":true,"totalCarbsPct":0,"totalCarbsPctShow":true,"totalCarbsUnit":"g","dietaryFiber":0,"dietaryFiberShow":true,"dietaryFiberPct":0,"dietaryFiberPctShow":true,"dietaryFiberUnit":"g","sugar":0,"sugarUnit":"g","sugarShow":true,"sugarAlcoholUnit":"g","sugarAlcoholShow":false,"otherCarbs":0,"otherCarbsUnit":"g","otherCarbsShow":true,"protein":20.75,"proteinUnit":"g","proteinShow":true,"vitaminAPct":1.02,"vitaminAShow":true,"vitaminCPct":0,"vitaminCShow":true,"ironPct":0.03,"ironShow":true,"calciumPct":0.34,"calciumShow":true,"ww":2,"wwShow":true' with parameter delimiters is not a parameter.
Action.c(1542): Warning: The string '"productId":124943,"quantity":2,"coupon":null' with parameter delimiters is not a parameter.
Action.c(1542): t=302185ms: 752-byte response headers for "https://stage.peapod.com/api/v3.0/user/cart" (RelFrameId=1, Internal ID=113)
Action.c(1542):     HTTP/1.1 200 OK\r\n
Action.c(1542):     Date: Sun, 24 Nov 2019 16:44:19 GMT\r\n
Action.c(1542):     Content-Type: application/json;charset=utf-8\r\n
Action.c(1542):     Transfer-Encoding: chunked\r\n
Action.c(1542):     Connection: keep-alive\r\n
Action.c(1542):     Strict-Transport-Security: max-age=63072000; includeSubdomains;\r\n
Action.c(1542):     access-control-allow-credentials: true\r\n
Action.c(1542):     access-control-allow-origin:\r\n
Action.c(1542):     expires: 0\r\n
Action.c(1542):     Vary: Accept-Encoding,User-Agent\r\n
Action.c(1542):     Content-Encoding: gzip\r\n
Action.c(1542):     Cache-Control: no-store\r\n
Action.c(1542):     X-XSS-Protection: 1; mode=block\r\n
Action.c(1542):     X-Content-Type-Options: nosniff\r\n
Action.c(1542):     Strict-Transport-Security: max-age=86400; includeSubDomains\r\n
Action.c(1542):     Content-Security-Policy: frame-ancestors 'self' *.giantfood.com\r\n
Action.c(1542):     CF-Cache-Status: DYNAMIC\r\n
Action.c(1542):     Expect-CT: max-age=604800, report-uri="https://report-uri.cloudflare.com/cdn-cgi/beacon/ex
Action.c(1542):     pect-ct"\r\n
Action.c(1542):     Server: cloudflare\r\n
Action.c(1542):     CF-RAY: 53acd8cd480ccf6c-IAD\r\n
Action.c(1542):     \r\n
Action.c(1542): t=302189ms: 611-byte ENCODED response body received for "https://stage.peapod.com/api/v3.0/user/cart" (RelFrameId=1, Internal ID=113)
Action.c(1542): t=302189ms: 1100-byte DECODED response body for "https://stage.peapod.com/api/v3.0/user/cart" (RelFrameId=1, Internal ID=113)
Action.c(1542):     {"response":{"successes":[{"productId":124943,"code":"SUCCESS"}],"errors":[],"cart":{"item
Action.c(1542):     s":[{"prodId":215832,"name":"Nature's Promise Free from Alaskan Cod Fillets - 4 ct Frozen"
Action.c(1542):     ,"size":"12 OZ PKG","unitPrice":11.05,"unitMeasure":"LB","price":8.29,"regularPrice":8.29,
Action.c(1542):     "rootCatId":2541,"rootCatSeq":4,"rootCatName":"Seafood","upc":"68826715461","hasSubstitute
Action.c(1542):     ":false,"rating":0.0,"ratingReviewsSuppressed":false,"marketSpecificReviews":false,"review
Action.c(1542):     Id":"215832-PPDALL","brandId":128,"brand":"Nature's Promise","qty":3,"subcatId":2544,"subc
Action.c(1542):     atName":"Cod","flags":{"sample":false,"suppressed":false,"active":true,"outOfStock":false,
Action.c(1542):     "specialCode":" ","upromise":false,"newArrival":false,"privateLabel":true,"preferredItem":
Action.c(1542):     false,"bogo":false,"sale":false,"lowPriceEveryday":false,"organic":false,"dairy":false,"eg
Action.c(1542):     g":false,"gluten":false,"kosher":false,"peanut":false,"nonGMO":false,"vegan":false,"vegete
Action.c(1542):     rian":false,"lactoseFree":false,"antibioticFree":false,"wheatFree":false,"hormoneFree":fal
Action.c(1542):     se,"nitrateFree":false,"nitriteFree":false,"natural":false},"image":{"small":"https://i5.p
Action.c(1542):     eapod.com/c/2I/2IXGC
Action.c(1542): t=302191ms: 1297-byte ENCODED response body received for "https://stage.peapod.com/api/v3.0/user/cart" (RelFrameId=1, Internal ID=113)
Action.c(1542): t=302192ms: 8134-byte DECODED response body for "https://stage.peapod.com/api/v3.0/user/cart" (RelFrameId=1, Internal ID=113)
Action.c(1542):     .jpg","medium":"https://i5.peapod.com/c/GU/GUG7B.jpg","large":"https://i5.peapod.com/c/EK/
Action.c(1542):     EK3FL.jpg","xlarge":"https://i5.peapod.com/c/KP/KP5KW.jpg"},"nutrition":{"nutritionShow":t
Action.c(1542):     rue,"servingSize":"4.0 OZ","servingsPerContainer":"3","totalCalories":80.0,"totalCaloriesS
Action.c(1542):     how":true,"fatCalories":0.0,"fatCaloriesShow":true,"totalFat":0.0,"totalFatShow":true,"tot
Action.c(1542):     alFatPct":0.0,"totalFatPctShow":true,"totalFatUnit":"g","saturatedFat":0.0,"saturatedFatSh
Action.c(1542):     ow":true,"saturatedFatPct":0.0,"saturatedFatPctShow":true,"saturatedFatUnit":"g","transFat
Action.c(1542):     ":0.0,"transFatUnit":"g","transFatShow":true,"polyunsaturatedFat":0.0,"polyunsaturatedFatU
Action.c(1542):     nit":"g","polyunsaturatedFatShow":true,"monounsaturatedFat":0.0,"monounsaturatedFatUnit":"
Action.c(1542):     g","monounsaturatedFatShow":true,"cholesterol":55.0,"cholesterolShow":true,"cholesterolPct
Action.c(1542):     ":18.0,"cholesterolPctShow":true,"cholesterolUnit":"mg","sodium":65.0,"sodiumShow":true,"s
Action.c(1542):     odiumPct":3.0,"sodiumPctShow":true,"sodiumUnit":"mg","potassium":260.0,"potassiumShow":tru
Action.c(1542):     e,"potassiumPct":6.0,"potassiumPctShow":true,"potassiumUnit":"mg","totalCarbs":0.0,"totalC
Action.c(1542):     arbsShow":true,"totalCarbsPct":0.0,"totalCarbsPctShow":true,"totalCarbsUnit":"g","dietaryF
Action.c(1542):     iber":0.0,"dietaryFiberShow":true,"dietaryFiberPct":0.0,"dietaryFiberPctShow":true,"dietar
Action.c(1542):     yFiberUnit":"g","sugar":0.0,"sugarUnit":"g","sugarShow":true,"sugarAlcoholUnit":"g","sugar
Action.c(1542):     AlcoholShow":false,"otherCarbsUnit":"g","otherCarbsShow":false,"protein":17.0,"proteinUnit
Action.c(1542):     ":"g","proteinShow":true,"vitaminAShow":false,"vitaminCShow":false,"ironPct":0.0,"ironShow
Action.c(1542):     ":true,"calciumPct":0.0,"calciumShow":true,"ww":2,"wwShow":true},"bmsm":false,"bmsmTiers":
Action.c(1542):     [],"guidingStars":3,"options":[],"suppressSwapAndSave":false,"productCategoryId":3724,"has
Action.c(1542):     PriceAdjustment":false,"hasPickStoreLocation":false,"hasCoupon":false},{"prodId":140290,"n
Action.c(1542):     ame":"Salmon Fillets Skin-On Farm-Raised Fresh","size":"APX 1 LB","unitPrice":9.99,"unitMe
Action.c(1542):     asure":"LB","price":9.99,"regularPrice":9.99,"rootCatId":2541,"rootCatSeq":4,"rootCatName"
Action.c(1542):     :"Seafood","upc":"25442300000","hasSubstitute":true,"substituteId":219448,"rating":0.0,"ra
Action.c(1542):     tingReviewsSuppressed":false,"marketSpecificReviews":false,"reviewId":"140290-PPDALL","bra
Action.c(1542):     ndId":557,"brand":"Fresh Seafood","qty":3,"subcatId":2547,"subcatName":"Salmon","flags":{"
Action.c(1542):     sample":false,"suppressed":false,"active":true,"outOfStock":false,"specialCode":" ","uprom
Action.c(1542):     ise":false,"newArrival":false,"privateLabel":false,"preferredItem":false,"bogo":false,"sal
Action.c(1542):     e":false,"lowPriceEveryday":false,"organic":false,"dairy":false,"egg":false,"gluten":false
Action.c(1542):     ,"kosher":false,"peanut":false,"nonGMO":false,"vegan":false,"vegeterian":false,"lactoseFre
Action.c(1542):     e":false,"antibioticFree":false,"wheatFree":false,"hormoneFree":false,"nitrateFree":false,
Action.c(1542):     "nitriteFree":false,"natural":false},"image":{"small":"https://i5.peapod.com/c/2F/2FWXO.jp
Action.c(1542):     g","medium":"https://i5.peapod.com/c/O6/O6JCB.jpg","large":"https://i5.peapod.com/c/HH/HHI
Action.c(1542):     8O.jpg","xlarge":"https://i5.peapod.com/c/45/457SP.jpg"},"nutrition":{"nutritionShow":true
Action.c(1542):     ,"servingSize":"3 OZ","servingsPerContainer":"VARIES","totalCalories":177.0,"totalCalories
Action.c(1542):     Show":true,"fatCalories":102.66,"fatCaloriesShow":true,"totalFat":11.41,"totalFatShow":tru
Action.c(1542):     e,"totalFatPct":17.55,"totalFatPctShow":true,"totalFatUnit":"g","saturatedFat":2.59,"satur
Action.c(1542):     atedFatShow":true,"saturatedFatPct":12.96,"saturatedFatPctShow":true,"saturatedFatUnit":"g
Action.c(1542):     ","transFat":0.0,"transFatUnit":"g","transFatShow":true,"polyunsaturatedFat":3.3,"polyunsa
Action.c(1542):     turatedFatUnit":"g","polyunsaturatedFatShow":true,"monounsaturatedFat":3.2,"monounsaturate
Action.c(1542):     dFatUnit":"g","monounsaturatedFatShow":true,"cholesterol":46.75,"cholesterolShow":true,"ch
Action.c(1542):     olesterolPct":15.58,"cholesterolPctShow":true,"cholesterolUnit":"mg","sodium":50.15,"sodiu
Action.c(1542):     mShow":true,"sodiumPct":2.09,"sodiumPctShow":true,"sodiumUnit":"mg","potassium":308.55,"po
Action.c(1542):     tassiumShow":true,"potassiumPct":6.56,"potassiumPctShow":true,"potassiumUnit":"mg","totalC
Action.c(1542):     arbs":0.0,"totalCarbsShow":true,"totalCarbsPct":0.0,"totalCarbsPctShow":true,"totalCarbsUn
Action.c(1542):     it":"g","dietaryFiber":0.0,"dietaryFiberShow":true,"dietaryFiberPct":0.0,"dietaryFiberPctS
Action.c(1542):     how":true,"dietaryFiberUnit":"g","sugar":0.0,"sugarUnit":"g","sugarShow":true,"sugarAlcoho
Action.c(1542):     lUnit":"g","sugarAlcoholShow":false,"otherCarbs":0.0,"otherCarbsUnit":"g","otherCarbsShow"
Action.c(1542):     :true,"protein":17.36,"proteinUnit":"g","proteinShow":true,"vitaminAPct":0.85,"vitaminASho
Action.c(1542):     w":true,"vitaminCPct":4.42,"vitaminCShow":true,"ironPct":0.01,"ironShow":true,"calciumPct"
Action.c(1542):     :0.77,"calciumShow":true,"ww":5,"wwShow":true},"bmsm":false,"bmsmTiers":[],"guidingStars":
Action.c(1542):     3,"options":[],"suppressSwapAndSave":false,"productCategoryId":3733,"hasPriceAdjustment":f
Action.c(1542):     alse,"hasPickStoreLocation":false,"hasCoupon":false},{"prodId":124943,"name":"Tuna Steaks 
Action.c(1542):     Previously Frozen","size":"APX 3/4 LB","unitPrice":9.99,"unitMeasure":"LB","price":7.49,"r
Action.c(1542):     egularPrice":7.49,"rootCatId":2541,"rootCatSeq":4,"rootCatName":"Seafood","upc":"208609700
Action.c(1542):     00","hasSubstitute":false,"rating":0.0,"ratingReviewsSuppressed":false,"marketSpecificRevi
Action.c(1542):     ews":false,"reviewId":"124943-PPDALL","brandId":557,"brand":"Fresh Seafood","qty":3,"subca
Action.c(1542):     tId":2551,"subcatName":"Tuna","flags":{"sample":false,"suppressed":false,"active":true,"ou
Action.c(1542):     tOfStock":false,"specialCode":" ","upromise":false,"newArrival":false,"privateLabel":false
Action.c(1542):     ,"preferredItem":false,"bogo":false,"sale":false,"lowPriceEveryday":false,"organic":false,
Action.c(1542):     "dairy":false,"egg":false,"gluten":false,"kosher":false,"peanut":false,"nonGMO":false,"veg
Action.c(1542):     an":false,"vegeterian":false,"lactoseFree":false,"antibioticFree":false,"wheatFree":false,
Action.c(1542):     "hormoneFree":false,"nitrateFree":false,"nitriteFree":false,"natural":false},"image":{"sma
Action.c(1542):     ll":"https://i5.peapod.com/c/EO/EOENR.jpg","medium":"https://i5.peapod.com/c/2O/2OR7F.jpg"
Action.c(1542):     ,"large":"https://i5.peapod.com/c/G7/G7NJS.jpg","xlarge":"https://i5.peapod.com/c/BB/BBF47
Action.c(1542):     .jpg"},"nutrition":{"nutritionShow":true,"servingSize":"3 OZ","servingsPerContainer":"VARI
Action.c(1542):     ES","totalCalories":92.7,"totalCaloriesShow":true,"fatCalories":3.75,"fatCaloriesShow":tru
Action.c(1542):     e,"totalFat":0.41,"totalFatShow":true,"totalFatPct":0.64,"totalFatPctShow":true,"totalFatU
Action.c(1542):     nit":"g","saturatedFat":0.14,"saturatedFatShow":true,"saturatedFatPct":0.73,"saturatedFatP
Action.c(1542):     ctShow":true,"saturatedFatUnit":"g","transFat":0.01,"transFatUnit":"g","transFatShow":true
Action.c(1542):     ,"polyunsaturatedFat":0.12,"polyunsaturatedFatUnit":"g","polyunsaturatedFatShow":true,"mon
Action.c(1542):     ounsaturatedFat":0.09,"monounsaturatedFatUnit":"g","monounsaturatedFatShow":true,"choleste
Action.c(1542):     rol":33.16,"cholesterolShow":true,"cholesterolPct":11.05,"cholesterolPctShow":true,"choles
Action.c(1542):     terolUnit":"mg","sodium":38.27,"sodiumShow":true,"sodiumPct":1.59,"sodiumPctShow":true,"so
Action.c(1542):     diumUnit":"mg","potassium":375.07,"potassiumShow":true,"potassiumPct":7.98,"potassiumPctSh
Action.c(1542):     ow":true,"potassiumUnit":"mg","totalCarbs":0.0,"totalCarbsShow":true,"totalCarbsPct":0.0,"
Action.c(1542):     totalCarbsPctShow":true,"totalCarbsUnit":"g","dietaryFiber":0.0,"dietaryFiberShow":true,"d
Action.c(1542):     ietaryFiberPct":0.0,"dietaryFiberPctShow":true,"dietaryFiberUnit":"g","sugar":0.0,"sugarUn
Action.c(1542):     it":"g","sugarShow":true,"sugarAlcoholUnit":"g","sugarAlcoholShow":false,"otherCarbs":0.0,
Action.c(1542):     "otherCarbsUnit":"g","otherCarbsShow":true,"protein":20.75,"proteinUnit":"g","proteinShow"
Action.c(1542):     :true,"vitaminAPct":1.02,"vitaminAShow":true,"vitaminCPct":0.0,"vitaminCShow":true,"ironPc
Action.c(1542):     t":0.03,"ironShow":true,"calciumPct":0.34,"calciumShow":true,"ww":2,"wwShow":true},"bmsm":
Action.c(1542):     false,"bmsmTiers":[],"guidingStars":3,"options":[],"suppressSwapAndSave":false,"productCat
Action.c(1542):     egoryId":3742,"hasPriceAdjustment":false,"hasPickStoreLocation":false,"hasCoupon":false}],
Action.c(1542):     "removedItems":[],"subTotalPrice":77.31,"tax":0.0,"driverTip":0.0,"fees":{"deliveryFee":9.
Action.c(1542):     95,"electPmtDiscount":0.0,"promotionSavings":0.0,"giftCardDiscount":0.0,"fuelSurcharge":0.
Action.c(1542):     05},"total":87.31,"savings":{"couponSavings":0.0,"coupons":[],"inStoreCouponSavings":0.0,"
Action.c(1542):     inStoreCoupons":[],"weeklySavingsTotal":0.0,"weeklySavingsItems":[],"buyMoreSaveMoreSaving
Action.c(1542):     sTotal":0.0,"buyMoreSaveMoreSavingsItems":[],"promotionSavingsTotal":0.0,"promotionSavings
Action.c(1542):     ":[],"pepDiscount":0.0,"delivDiscount":0.0,"hasPersonalCoupons":false,"totalSavingsAmt":0.
Action.c(1542):     0},"orderId":"d135967125","orderStatusCode":"WORKING","orderLocationConfirmed":true}},"ses
Action.c(1542):     sionId":"IIFRJAZ4OWS4UCWWM4JCF3Q"}
Action.c(1542): web_custom_request("cart") was successful, 1908 body bytes, 752 header bytes  	[MsgId: MMSG-26386]
Action.c(1573): Notify: Transaction "S01_PRISM_Peapod_SIT_SignIn_Checkout_T07_Increase_Prod_Qty" ended with a "Pass" status (Duration: 6.3242).
Action.c(1575): Notify: Transaction "S01_PRISM_Peapod_SIT_SignIn_Checkout_T08_Click_On_Cart" started.
Action.c(1577): web_custom_request("savings") started  	[MsgId: MMSG-26355]
Action.c(1577): t=305226ms: 770-byte response headers for "https://stage.peapod.com/api/v2.0/order/adjustments/savings" (RelFrameId=1, Internal ID=114)
Action.c(1577):     HTTP/1.1 200 OK\r\n
Action.c(1577):     Date: Sun, 24 Nov 2019 16:44:22 GMT\r\n
Action.c(1577):     Content-Type: application/json;charset=utf-8\r\n
Action.c(1577):     Transfer-Encoding: chunked\r\n
Action.c(1577):     Connection: keep-alive\r\n
Action.c(1577):     Strict-Transport-Security: max-age=63072000; includeSubdomains;\r\n
Action.c(1577):     access-control-allow-credentials: true\r\n
Action.c(1577):     access-control-allow-origin:\r\n
Action.c(1577):     Pragma: no-cache\r\n
Action.c(1577):     Cache-Control: no-store\r\n
Action.c(1577):     Expires: 0\r\n
Action.c(1577):     Vary: Accept-Encoding,User-Agent\r\n
Action.c(1577):     Content-Encoding: gzip\r\n
Action.c(1577):     X-XSS-Protection: 1; mode=block\r\n
Action.c(1577):     X-Content-Type-Options: nosniff\r\n
Action.c(1577):     Strict-Transport-Security: max-age=86400; includeSubDomains\r\n
Action.c(1577):     Content-Security-Policy: frame-ancestors 'self' *.giantfood.com\r\n
Action.c(1577):     CF-Cache-Status: DYNAMIC\r\n
Action.c(1577):     Expect-CT: max-age=604800, report-uri="https://report-uri.cloudflare.com/cdn-cgi/beacon/ex
Action.c(1577):     pect-ct"\r\n
Action.c(1577):     Server: cloudflare\r\n
Action.c(1577):     CF-RAY: 53acd8e1af90c193-IAD\r\n
Action.c(1577):     \r\n
Action.c(1577): t=305229ms: 260-byte ENCODED response body received for "https://stage.peapod.com/api/v2.0/order/adjustments/savings" (RelFrameId=1, Internal ID=114)
Action.c(1577): t=305230ms: 473-byte DECODED response body for "https://stage.peapod.com/api/v2.0/order/adjustments/savings" (RelFrameId=1, Internal ID=114)
Action.c(1577):     \n
Action.c(1577):     \n
Action.c(1577):     \n
Action.c(1577):     \n
Action.c(1577):             {"response":{"savings":{"couponSavings":0.0,"coupons":[],"inStoreCouponSavings":0.
Action.c(1577):     0,"inStoreCoupons":[],"weeklySavingsTotal":0.0,"weeklySavingsItems":[],"buyMoreSaveMoreSav
Action.c(1577):     ingsTotal":0.0,"buyMoreSaveMoreSavingsItems":[],"promotionSavingsTotal":0.0,"promotionSavi
Action.c(1577):     ngs":[],"pepDiscount":0.0,"delivDiscount":0.0,"hasPersonalCoupons":false,"totalSavingsAmt"
Action.c(1577):     :0.0},"result":{"result":"SUCCESS","code":"SAVINGS_GET_SUCCESS"}},"sessionId":"IIFRJAZ4OWS
Action.c(1577):     4UCWWM4JCF3Q"}\n
Action.c(1577):         
Action.c(1577): web_custom_request("savings") was successful, 260 body bytes, 770 header bytes  	[MsgId: MMSG-26386]
Action.c(1587): web_custom_request("summary") started  	[MsgId: MMSG-26355]
Action.c(1587): t=307582ms: 770-byte response headers for "https://stage.peapod.com/api/v2.0/order/summary" (RelFrameId=1, Internal ID=115)
Action.c(1587):     HTTP/1.1 200 OK\r\n
Action.c(1587):     Date: Sun, 24 Nov 2019 16:44:25 GMT\r\n
Action.c(1587):     Content-Type: application/json;charset=utf-8\r\n
Action.c(1587):     Transfer-Encoding: chunked\r\n
Action.c(1587):     Connection: keep-alive\r\n
Action.c(1587):     Strict-Transport-Security: max-age=63072000; includeSubdomains;\r\n
Action.c(1587):     access-control-allow-credentials: true\r\n
Action.c(1587):     access-control-allow-origin:\r\n
Action.c(1587):     Pragma: no-cache\r\n
Action.c(1587):     Cache-Control: no-store\r\n
Action.c(1587):     Expires: 0\r\n
Action.c(1587):     Vary: Accept-Encoding,User-Agent\r\n
Action.c(1587):     Content-Encoding: gzip\r\n
Action.c(1587):     X-XSS-Protection: 1; mode=block\r\n
Action.c(1587):     X-Content-Type-Options: nosniff\r\n
Action.c(1587):     Strict-Transport-Security: max-age=86400; includeSubDomains\r\n
Action.c(1587):     Content-Security-Policy: frame-ancestors 'self' *.giantfood.com\r\n
Action.c(1587):     CF-Cache-Status: DYNAMIC\r\n
Action.c(1587):     Expect-CT: max-age=604800, report-uri="https://report-uri.cloudflare.com/cdn-cgi/beacon/ex
Action.c(1587):     pect-ct"\r\n
Action.c(1587):     Server: cloudflare\r\n
Action.c(1587):     CF-RAY: 53acd8f04eeef106-IAD\r\n
Action.c(1587):     \r\n
Action.c(1587): t=307586ms: 394-byte ENCODED response body received for "https://stage.peapod.com/api/v2.0/order/summary" (RelFrameId=1, Internal ID=115)
Action.c(1587): t=307586ms: 777-byte DECODED response body for "https://stage.peapod.com/api/v2.0/order/summary" (RelFrameId=1, Internal ID=115)
Action.c(1587):     \n
Action.c(1587):     \n
Action.c(1587):     \n
Action.c(1587):     \n
Action.c(1587):             {"response":{"lineItems":[{"lineItemNo":0,"description":"Subtotal","amount":77.31,
Action.c(1587):     "debitCreditFlag":"DB","type":1},{"lineItemNo":1,"description":"Tax","amount":0.0,"debitCr
Action.c(1587):     editFlag":"DB","type":2},{"lineItemNo":2,"description":"Delivery Fee","amount":9.95,"debit
Action.c(1587):     CreditFlag":"DB","type":2},{"lineItemNo":3,"description":"Fuel Surcharge","amount":0.05,"d
Action.c(1587):     ebitCreditFlag":"DB","type":2},{"lineItemNo":4,"description":"Total","amount":87.31,"debit
Action.c(1587):     CreditFlag":"DB","type":3}],"totalSavings":0.0,"result":{"result":"SUCCESS","code":"ORDER_
Action.c(1587):     SUMMARY_GET_SUCCESS","msg":"The Order Summary got got"},"vendorTotalsAndTax":[{"vendor":{"
Action.c(1587):     id":0,"separateBilling":false,"name":"Peapod","messages":{}},"total":77.30999755859375,"ta
Action.c(1587):     x":0.0}]},"sessionId":"IIFRJAZ4OWS4UCWWM4JCF3Q"}\n
Action.c(1587):         
Action.c(1587): web_custom_request("summary") was successful, 394 body bytes, 770 header bytes  	[MsgId: MMSG-26386]
Action.c(1596): web_custom_request("cms_19") started  	[MsgId: MMSG-26355]
Action.c(1596): Notify: Parameter Substitution: parameter "P_Date" =  "2019-11-24"
Action.c(1596): t=313181ms: 752-byte response headers for "https://stage.peapod.com/api/v2.0/cms?dt=2019-11-24&regions=%7B%22cart_view%22:%7B%7D%7D" (RelFrameId=1, Internal ID=116)
Action.c(1596):     HTTP/1.1 200 OK\r\n
Action.c(1596):     Date: Sun, 24 Nov 2019 16:44:30 GMT\r\n
Action.c(1596):     Content-Type: application/json;charset=utf-8\r\n
Action.c(1596):     Transfer-Encoding: chunked\r\n
Action.c(1596):     Connection: keep-alive\r\n
Action.c(1596):     Strict-Transport-Security: max-age=63072000; includeSubdomains;\r\n
Action.c(1596):     access-control-allow-credentials: true\r\n
Action.c(1596):     access-control-allow-origin:\r\n
Action.c(1596):     expires: 0\r\n
Action.c(1596):     Vary: Accept-Encoding,User-Agent\r\n
Action.c(1596):     Content-Encoding: gzip\r\n
Action.c(1596):     Cache-Control: no-store\r\n
Action.c(1596):     X-XSS-Protection: 1; mode=block\r\n
Action.c(1596):     X-Content-Type-Options: nosniff\r\n
Action.c(1596):     Strict-Transport-Security: max-age=86400; includeSubDomains\r\n
Action.c(1596):     Content-Security-Policy: frame-ancestors 'self' *.giantfood.com\r\n
Action.c(1596):     CF-Cache-Status: DYNAMIC\r\n
Action.c(1596):     Expect-CT: max-age=604800, report-uri="https://report-uri.cloudflare.com/cdn-cgi/beacon/ex
Action.c(1596):     pect-ct"\r\n
Action.c(1596):     Server: cloudflare\r\n
Action.c(1596):     CF-RAY: 53acd9127af8ceec-IAD\r\n
Action.c(1596):     \r\n
Action.c(1596): t=313184ms: 611-byte ENCODED response body received for "https://stage.peapod.com/api/v2.0/cms?dt=2019-11-24&regions=%7B%22cart_view%22:%7B%7D%7D" (RelFrameId=1, Internal ID=116)
Action.c(1596): t=313184ms: 1118-byte DECODED response body for "https://stage.peapod.com/api/v2.0/cms?dt=2019-11-24&regions=%7B%22cart_view%22:%7B%7D%7D" (RelFrameId=1, Internal ID=116)
Action.c(1596):     {"response":{"regionContents":[{"region":"cart_view","contents":[{"map":{"Friendly Trackin
Action.c(1596):     g Description":"Cart View Tile - Kraft Heinz Buy 5, Save $5\\t","moduleType":"Content: Til
Action.c(1596):     e","SEO Excluded":"No","Customer Status":{"myArrayList":["New Customer","Existing Customer
Action.c(1596):     "]},"Rejected":"2019-11-08T15:01:03.167-0600","Create Multipanel":{"myArrayList":["Left Pa
Action.c(1596):     nel","Right Panel"]},"Test script field (migration)":"CS-89890","Site_Location":"cart_view
Action.c(1596):     ","Customer Type":{"myArrayList":["Consumer","Merchant"]},"scheduledContentData":{"map":{"
Action.c(1596):     Body Copy":"Happy Turkey Day!","Button Link":"/product-eci/coupon/377240","Create Multipan
Action.c(1596):     el":{"myArrayList":["Left Panel","Right Panel"]},"Test script field (migration)":"CS-89888
Action.c(1596):     ","Headline Copy":"Buy 5, Save $5","Alt Text":"Ore0 Ida steam n mash, planters mixed nuts,
Action.c(1596):      kraft parmesean cheese","Color Scheme: Product":"Light Gray","Content ID":"2734848:6GWSX.
Action.c(1596):     jpg","Products Targeted":"No","parts":{"myArrayList":[]},"Sent to QA":"2019-11-08T13:50:00
Action.c(1596):     .000-0600","id":"377242","Button Type Tiles":"Internal Link","key":"CS-89888"}},"Scheduled
Action.c(1596):     _Priority":"3","Start Date":"2019-11-21
Action.c(1596): t=313186ms: 372-byte ENCODED response body received for "https://stage.peapod.com/api/v2.0/cms?dt=2019-11-24&regions=%7B%22cart_view%22:%7B%7D%7D" (RelFrameId=1, Internal ID=116)
Action.c(1596): t=313186ms: 1360-byte DECODED response body for "https://stage.peapod.com/api/v2.0/cms?dt=2019-11-24&regions=%7B%22cart_view%22:%7B%7D%7D" (RelFrameId=1, Internal ID=116)
Action.c(1596):     ","Content_Active":"Yes","End Date":"2019-11-27","Products Targeted":"No","Sent to QA":"20
Action.c(1596):     19-11-08T15:01:08.654-0600","id":"377244","StoreCodes":{"myArrayList":[]},"key":"CS-89890"
Action.c(1596):     }},{"map":{"Friendly Tracking Description":"Midweek Deal","moduleType":"Content: Tile","SE
Action.c(1596):     O Excluded":"No","Customer Status":{"myArrayList":["New Customer","Existing Customer"]},"A
Action.c(1596):     pproved":"2019-10-29T16:31:13.760-0500","Rejected":"2019-04-10T14:08:00.000-0500","Opcos":
Action.c(1596):     {"myArrayList":["GNTC","GNTL","STSH"]},"Test script field (migration)":"CS-87512","Site_Lo
Action.c(1596):     cation":"cart_view","Qualification_Code":"CONTENT_CLKCLLT_OUT","Customer Type":{"myArrayLi
Action.c(1596):     st":["Consumer"]},"scheduledContentData":{"map":{"Body Copy":"midweek deal","Approved":"20
Action.c(1596):     19-05-30T14:01:11.013-0500","Button Link":"/pages/midweekDeal","Test script field (migrati
Action.c(1596):     on)":"CS-67807","Headline Copy":"Delivery discounts!","Alt Text":"Dollar sign made out of 
Action.c(1596):     produce.","Color Scheme: Product":"Light Gray","Content ID":"2554382:YTDXO.png","parts":{"
Action.c(1596):     myArrayList":[]},"Sent to QA":"2019-05-10T12:26:25.367-0500","id":"347154","Button Type Ti
Action.c(1596):     les":"Internal Link","key":"CS-67807"}},"Start Date":"2019-11-01","Content_Active":"Yes","
Action.c(1596):     End Date":"2019-11-30","Sent to QA":"2019-11-21T15:39:20.377-0600","id":"374044","StoreCod
Action.c(1596):     es":{"myArrayList":[]},"key":"CS-87512"}}]}],"resultCount":2},"sessionId":"IIFRJAZ4OWS4UCW
Action.c(1596):     WM4JCF3Q"}
Action.c(1596): web_custom_request("cms_19") was successful, 983 body bytes, 752 header bytes  	[MsgId: MMSG-26386]
Action.c(1605): web_custom_request("log_18") started  	[MsgId: MMSG-26355]
Action.c(1605): Warning: The string '"messages":["Mozilla/5.0 (Windows NT 10.0; Win64; x64) AppleWebKit/537.36 (KHTML, like Gecko) Chrome/78.0.3904.97 Safari/537.36||M|modal_change|<viewName:\"cart-modal\"><resolution:\"1536x754\"><screenSize:\"desktop\"><mobileapp:\"0\">"]' with parameter delimiters is not a parameter.
Action.c(1605): t=315306ms: 770-byte response headers for "https://stage.peapod.com/api/v2.0/client/log" (RelFrameId=1, Internal ID=117)
Action.c(1605):     HTTP/1.1 200 OK\r\n
Action.c(1605):     Date: Sun, 24 Nov 2019 16:44:32 GMT\r\n
Action.c(1605):     Content-Type: application/json;charset=utf-8\r\n
Action.c(1605):     Transfer-Encoding: chunked\r\n
Action.c(1605):     Connection: keep-alive\r\n
Action.c(1605):     Strict-Transport-Security: max-age=63072000; includeSubdomains;\r\n
Action.c(1605):     access-control-allow-credentials: true\r\n
Action.c(1605):     access-control-allow-origin:\r\n
Action.c(1605):     Pragma: no-cache\r\n
Action.c(1605):     Cache-Control: no-store\r\n
Action.c(1605):     Expires: 0\r\n
Action.c(1605):     Vary: Accept-Encoding,User-Agent\r\n
Action.c(1605):     Content-Encoding: gzip\r\n
Action.c(1605):     X-XSS-Protection: 1; mode=block\r\n
Action.c(1605):     X-Content-Type-Options: nosniff\r\n
Action.c(1605):     Strict-Transport-Security: max-age=86400; includeSubDomains\r\n
Action.c(1605):     Content-Security-Policy: frame-ancestors 'self' *.giantfood.com\r\n
Action.c(1605):     CF-Cache-Status: DYNAMIC\r\n
Action.c(1605):     Expect-CT: max-age=604800, report-uri="https://report-uri.cloudflare.com/cdn-cgi/beacon/ex
Action.c(1605):     pect-ct"\r\n
Action.c(1605):     Server: cloudflare\r\n
Action.c(1605):     CF-RAY: 53acd920c911c170-IAD\r\n
Action.c(1605):     \r\n
Action.c(1605): t=315311ms: 125-byte ENCODED response body received for "https://stage.peapod.com/api/v2.0/client/log" (RelFrameId=1, Internal ID=117)
Action.c(1605): t=315312ms: 114-byte DECODED response body for "https://stage.peapod.com/api/v2.0/client/log" (RelFrameId=1, Internal ID=117)
Action.c(1605):     \n
Action.c(1605):     \n
Action.c(1605):     \n
Action.c(1605):     \n
Action.c(1605):             {"response":{"result":"SUCCESS","code":"MESSAGE_RECEIVED"},"sessionId":"IIFRJAZ4OW
Action.c(1605):     S4UCWWM4JCF3Q"}\n
Action.c(1605):         
Action.c(1605): web_custom_request("log_18") was successful, 125 body bytes, 770 header bytes  	[MsgId: MMSG-26386]
Action.c(1617): web_custom_request("savings_2") started  	[MsgId: MMSG-26355]
Action.c(1617): t=316851ms: 770-byte response headers for "https://stage.peapod.com/api/v2.0/order/adjustments/savings" (RelFrameId=1, Internal ID=118)
Action.c(1617):     HTTP/1.1 200 OK\r\n
Action.c(1617):     Date: Sun, 24 Nov 2019 16:44:34 GMT\r\n
Action.c(1617):     Content-Type: application/json;charset=utf-8\r\n
Action.c(1617):     Transfer-Encoding: chunked\r\n
Action.c(1617):     Connection: keep-alive\r\n
Action.c(1617):     Strict-Transport-Security: max-age=63072000; includeSubdomains;\r\n
Action.c(1617):     access-control-allow-credentials: true\r\n
Action.c(1617):     access-control-allow-origin:\r\n
Action.c(1617):     Pragma: no-cache\r\n
Action.c(1617):     Cache-Control: no-store\r\n
Action.c(1617):     Expires: 0\r\n
Action.c(1617):     Vary: Accept-Encoding,User-Agent\r\n
Action.c(1617):     Content-Encoding: gzip\r\n
Action.c(1617):     X-XSS-Protection: 1; mode=block\r\n
Action.c(1617):     X-Content-Type-Options: nosniff\r\n
Action.c(1617):     Strict-Transport-Security: max-age=86400; includeSubDomains\r\n
Action.c(1617):     Content-Security-Policy: frame-ancestors 'self' *.giantfood.com\r\n
Action.c(1617):     CF-Cache-Status: DYNAMIC\r\n
Action.c(1617):     Expect-CT: max-age=604800, report-uri="https://report-uri.cloudflare.com/cdn-cgi/beacon/ex
Action.c(1617):     pect-ct"\r\n
Action.c(1617):     Server: cloudflare\r\n
Action.c(1617):     CF-RAY: 53acd92a4b7ccec8-IAD\r\n
Action.c(1617):     \r\n
Action.c(1617): t=316855ms: 260-byte ENCODED response body received for "https://stage.peapod.com/api/v2.0/order/adjustments/savings" (RelFrameId=1, Internal ID=118)
Action.c(1617): t=316855ms: 473-byte DECODED response body for "https://stage.peapod.com/api/v2.0/order/adjustments/savings" (RelFrameId=1, Internal ID=118)
Action.c(1617):     \n
Action.c(1617):     \n
Action.c(1617):     \n
Action.c(1617):     \n
Action.c(1617):             {"response":{"savings":{"couponSavings":0.0,"coupons":[],"inStoreCouponSavings":0.
Action.c(1617):     0,"inStoreCoupons":[],"weeklySavingsTotal":0.0,"weeklySavingsItems":[],"buyMoreSaveMoreSav
Action.c(1617):     ingsTotal":0.0,"buyMoreSaveMoreSavingsItems":[],"promotionSavingsTotal":0.0,"promotionSavi
Action.c(1617):     ngs":[],"pepDiscount":0.0,"delivDiscount":0.0,"hasPersonalCoupons":false,"totalSavingsAmt"
Action.c(1617):     :0.0},"result":{"result":"SUCCESS","code":"SAVINGS_GET_SUCCESS"}},"sessionId":"IIFRJAZ4OWS
Action.c(1617):     4UCWWM4JCF3Q"}\n
Action.c(1617):         
Action.c(1617): web_custom_request("savings_2") was successful, 260 body bytes, 770 header bytes  	[MsgId: MMSG-26386]
Action.c(1626): web_custom_request("summary_2") started  	[MsgId: MMSG-26355]
Action.c(1626): t=321506ms: 770-byte response headers for "https://stage.peapod.com/api/v2.0/order/summary" (RelFrameId=1, Internal ID=119)
Action.c(1626):     HTTP/1.1 200 OK\r\n
Action.c(1626):     Date: Sun, 24 Nov 2019 16:44:39 GMT\r\n
Action.c(1626):     Content-Type: application/json;charset=utf-8\r\n
Action.c(1626):     Transfer-Encoding: chunked\r\n
Action.c(1626):     Connection: keep-alive\r\n
Action.c(1626):     Strict-Transport-Security: max-age=63072000; includeSubdomains;\r\n
Action.c(1626):     access-control-allow-credentials: true\r\n
Action.c(1626):     access-control-allow-origin:\r\n
Action.c(1626):     Pragma: no-cache\r\n
Action.c(1626):     Cache-Control: no-store\r\n
Action.c(1626):     Expires: 0\r\n
Action.c(1626):     Vary: Accept-Encoding,User-Agent\r\n
Action.c(1626):     Content-Encoding: gzip\r\n
Action.c(1626):     X-XSS-Protection: 1; mode=block\r\n
Action.c(1626):     X-Content-Type-Options: nosniff\r\n
Action.c(1626):     Strict-Transport-Security: max-age=86400; includeSubDomains\r\n
Action.c(1626):     Content-Security-Policy: frame-ancestors 'self' *.giantfood.com\r\n
Action.c(1626):     CF-Cache-Status: DYNAMIC\r\n
Action.c(1626):     Expect-CT: max-age=604800, report-uri="https://report-uri.cloudflare.com/cdn-cgi/beacon/ex
Action.c(1626):     pect-ct"\r\n
Action.c(1626):     Server: cloudflare\r\n
Action.c(1626):     CF-RAY: 53acd9474c38c18e-IAD\r\n
Action.c(1626):     \r\n
Action.c(1626): t=321511ms: 394-byte ENCODED response body received for "https://stage.peapod.com/api/v2.0/order/summary" (RelFrameId=1, Internal ID=119)
Action.c(1626): t=321511ms: 777-byte DECODED response body for "https://stage.peapod.com/api/v2.0/order/summary" (RelFrameId=1, Internal ID=119)
Action.c(1626):     \n
Action.c(1626):     \n
Action.c(1626):     \n
Action.c(1626):     \n
Action.c(1626):             {"response":{"lineItems":[{"lineItemNo":0,"description":"Subtotal","amount":77.31,
Action.c(1626):     "debitCreditFlag":"DB","type":1},{"lineItemNo":1,"description":"Tax","amount":0.0,"debitCr
Action.c(1626):     editFlag":"DB","type":2},{"lineItemNo":2,"description":"Delivery Fee","amount":9.95,"debit
Action.c(1626):     CreditFlag":"DB","type":2},{"lineItemNo":3,"description":"Fuel Surcharge","amount":0.05,"d
Action.c(1626):     ebitCreditFlag":"DB","type":2},{"lineItemNo":4,"description":"Total","amount":87.31,"debit
Action.c(1626):     CreditFlag":"DB","type":3}],"totalSavings":0.0,"result":{"result":"SUCCESS","code":"ORDER_
Action.c(1626):     SUMMARY_GET_SUCCESS","msg":"The Order Summary got got"},"vendorTotalsAndTax":[{"vendor":{"
Action.c(1626):     id":0,"separateBilling":false,"name":"Peapod","messages":{}},"total":77.30999755859375,"ta
Action.c(1626):     x":0.0}]},"sessionId":"IIFRJAZ4OWS4UCWWM4JCF3Q"}\n
Action.c(1626):         
Action.c(1626): web_custom_request("summary_2") was successful, 394 body bytes, 770 header bytes  	[MsgId: MMSG-26386]
Action.c(1635): web_custom_request("slots_10") started  	[MsgId: MMSG-26355]
Action.c(1635): t=333596ms: 752-byte response headers for "https://stage.peapod.com/api/v2.0/user/slots?headers=true&serviceType=D" (RelFrameId=1, Internal ID=120)
Action.c(1635):     HTTP/1.1 200 OK\r\n
Action.c(1635):     Date: Sun, 24 Nov 2019 16:44:51 GMT\r\n
Action.c(1635):     Content-Type: application/json;charset=utf-8\r\n
Action.c(1635):     Transfer-Encoding: chunked\r\n
Action.c(1635):     Connection: keep-alive\r\n
Action.c(1635):     Strict-Transport-Security: max-age=63072000; includeSubdomains;\r\n
Action.c(1635):     access-control-allow-credentials: true\r\n
Action.c(1635):     access-control-allow-origin:\r\n
Action.c(1635):     expires: 0\r\n
Action.c(1635):     Vary: Accept-Encoding,User-Agent\r\n
Action.c(1635):     Content-Encoding: gzip\r\n
Action.c(1635):     Cache-Control: no-store\r\n
Action.c(1635):     X-XSS-Protection: 1; mode=block\r\n
Action.c(1635):     X-Content-Type-Options: nosniff\r\n
Action.c(1635):     Strict-Transport-Security: max-age=86400; includeSubDomains\r\n
Action.c(1635):     Content-Security-Policy: frame-ancestors 'self' *.giantfood.com\r\n
Action.c(1635):     CF-Cache-Status: DYNAMIC\r\n
Action.c(1635):     Expect-CT: max-age=604800, report-uri="https://report-uri.cloudflare.com/cdn-cgi/beacon/ex
Action.c(1635):     pect-ct"\r\n
Action.c(1635):     Server: cloudflare\r\n
Action.c(1635):     CF-RAY: 53acd992ed9cced8-IAD\r\n
Action.c(1635):     \r\n
Action.c(1635): t=333600ms: 283-byte ENCODED response body received for "https://stage.peapod.com/api/v2.0/user/slots?headers=true&serviceType=D" (RelFrameId=1, Internal ID=120)
Action.c(1635): t=333600ms: 925-byte DECODED response body for "https://stage.peapod.com/api/v2.0/user/slots?headers=true&serviceType=D" (RelFrameId=1, Internal ID=120)
Action.c(1635):     {"response":{"serviceType":"D","selectedSlotId":0,"headers":[{"id":988309,"date":"2019-11-
Action.c(1635):     24","maxDiscount":2.00},{"id":988312,"date":"2019-11-25","maxDiscount":2.00},{"id":988315,
Action.c(1635):     "date":"2019-11-26","maxDiscount":2.00},{"id":988318,"date":"2019-11-27","statusCode":"V",
Action.c(1635):     "statusMsg":"Value Day","maxDiscount":2.00},{"id":994700,"date":"2019-11-28","maxDiscount"
Action.c(1635):     :2.00},{"id":994703,"date":"2019-11-29","maxDiscount":2.00},{"id":994705,"date":"2019-11-3
Action.c(1635):     0","maxDiscount":1.00},{"id":994720,"date":"2019-12-01","maxDiscount":2.00},{"id":994723,"
Action.c(1635):     date":"2019-12-02","maxDiscount":2.00},{"id":994726,"date":"2019-12-03","maxDiscount":2.00
Action.c(1635):     },{"id":994729,"date":"2019-12-04","statusCode":"V","statusMsg":"Value Day","maxDiscount":
Action.c(1635):     2.00},{"id":994731,"date":"2019-12-05","maxDiscount":2.00},{"id":994734,"date":"2019-12-06
Action.c(1635):     ","maxDiscount":2.00},{"id":994736,"date":"2019-12-07","maxDiscount":1.00}]},"sessionId":"
Action.c(1635):     IIFRJAZ4OWS4UCWWM4JCF3Q"}
Action.c(1635): web_custom_request("slots_10") was successful, 283 body bytes, 752 header bytes  	[MsgId: MMSG-26386]
Action.c(1644): Notify: Transaction "S01_PRISM_Peapod_SIT_SignIn_Checkout_T08_Click_On_Cart" ended with a "Pass" status (Duration: 31.2159).
Action.c(1648): Notify: Transaction "S01_PRISM_Peapod_SIT_SignIn_Checkout_T09_Click_On_Checkout" started.
Action.c(1650): web_custom_request("delivery-subscriptions") started  	[MsgId: MMSG-26355]
Action.c(1650): t=338935ms: 770-byte response headers for "https://stage.peapod.com/api/v3.0/delivery-subscriptions" (RelFrameId=1, Internal ID=121)
Action.c(1650):     HTTP/1.1 200 OK\r\n
Action.c(1650):     Date: Sun, 24 Nov 2019 16:44:56 GMT\r\n
Action.c(1650):     Content-Type: application/json;charset=utf-8\r\n
Action.c(1650):     Transfer-Encoding: chunked\r\n
Action.c(1650):     Connection: keep-alive\r\n
Action.c(1650):     Strict-Transport-Security: max-age=63072000; includeSubdomains;\r\n
Action.c(1650):     access-control-allow-credentials: true\r\n
Action.c(1650):     access-control-allow-origin:\r\n
Action.c(1650):     Pragma: no-cache\r\n
Action.c(1650):     Cache-Control: no-store\r\n
Action.c(1650):     Expires: 0\r\n
Action.c(1650):     Vary: Accept-Encoding,User-Agent\r\n
Action.c(1650):     Content-Encoding: gzip\r\n
Action.c(1650):     X-XSS-Protection: 1; mode=block\r\n
Action.c(1650):     X-Content-Type-Options: nosniff\r\n
Action.c(1650):     Strict-Transport-Security: max-age=86400; includeSubDomains\r\n
Action.c(1650):     Content-Security-Policy: frame-ancestors 'self' *.giantfood.com\r\n
Action.c(1650):     CF-Cache-Status: DYNAMIC\r\n
Action.c(1650):     Expect-CT: max-age=604800, report-uri="https://report-uri.cloudflare.com/cdn-cgi/beacon/ex
Action.c(1650):     pect-ct"\r\n
Action.c(1650):     Server: cloudflare\r\n
Action.c(1650):     CF-RAY: 53acd9b0ac0fea0c-IAD\r\n
Action.c(1650):     \r\n
Action.c(1650): t=338940ms: 413-byte ENCODED response body received for "https://stage.peapod.com/api/v3.0/delivery-subscriptions" (RelFrameId=1, Internal ID=121)
Action.c(1650): t=338940ms: 1799-byte DECODED response body for "https://stage.peapod.com/api/v3.0/delivery-subscriptions" (RelFrameId=1, Internal ID=121)
Action.c(1650):     \n
Action.c(1650):     \n
Action.c(1650):     \n
Action.c(1650):             {"response":{"customerEligibleForFreeSubscription":false,"availableSubscriptions":
Action.c(1650):     [{"autoRenewFlag":"Y","description":"3-Month PodPass","freeTrialDaysQty":0,"name":"3-Month
Action.c(1650):      PodPass","price":49.0,"subscriptionId":"pass3","termQty":3,"freeTrialFlag":false,"startDa
Action.c(1650):     te":"2019-11-24","endDate":"2020-02-24"},{"autoRenewFlag":"Y","description":"6-Month PodPa
Action.c(1650):     ss","freeTrialDaysQty":0,"name":"6-Month PodPass","price":69.0,"subscriptionId":"pass6","t
Action.c(1650):     ermQty":6,"freeTrialFlag":false,"startDate":"2019-11-24","endDate":"2020-05-24"},{"autoRen
Action.c(1650):     ewFlag":"Y","description":"12-Month PodPass","freeTrialDaysQty":0,"name":"12-Month PodPass
Action.c(1650):     ","price":119.0,"subscriptionId":"pass12","termQty":12,"freeTrialFlag":false,"startDate":"
Action.c(1650):     2019-11-24","endDate":"2020-11-24"},{"autoRenewFlag":"Y","description":"3-Month PodPass Mi
Action.c(1650):     dWeek - Valid for Tue Wed Thurs Deliveries Only","freeTrialDaysQty":0,"name":"3-Month PodP
Action.c(1650):     ass MidWeek - Valid for Tue Wed Thurs Deliveries Only","price":25.0,"subscriptionId":"midw
Action.c(1650):     eekpass3_MW","termQty":3,"freeTrialFlag":false,"startDate":"2019-11-24","endDate":"2020-02
Action.c(1650):     -24"},{"autoRenewFlag":"Y","description":"6-Month PodPass MidWeek - Valid for Tue Wed Thur
Action.c(1650):     s Deliveries Only","freeTrialDaysQty":0,"name":"6-Month PodPass MidWeek - Valid for Tue We
Action.c(1650):     d Thurs Deliveries Only","price":35.0,"subscriptionId":"midweekpass6_MW","termQty":6,"free
Action.c(1650):     TrialFlag":false,"startDate":"2019-11-24","endDate":"2020-05-24"},{"autoRenewFlag":"Y","de
Action.c(1650):     scription":"12-Month PodPass MidWeek - Valid for Tue Wed Thurs Deliveries Only","freeTrial
Action.c(1650):     DaysQty":0,"name":"12-Month PodPass MidWeek - Valid for Tue Wed Thurs Deliveries Only","pr
Action.c(1650):     ice":55.0,"subscriptionId":"midweekpass12_MW","termQty":12,"freeTrialFlag":false,"startDat
Action.c(1650):     e":"2019-11-24","endDate":"2020-11-24"}]},"sessionId":"IIFRJAZ4OWS4UCWWM4JCF3Q"}\n
Action.c(1650):         \n
Action.c(1650): web_custom_request("delivery-subscriptions") was successful, 413 body bytes, 770 header bytes  	[MsgId: MMSG-26386]
Action.c(1659): web_custom_request("cms_20") started  	[MsgId: MMSG-26355]
Action.c(1659): Notify: Parameter Substitution: parameter "P_Date" =  "2019-11-24"
Action.c(1659): t=341584ms: 752-byte response headers for "https://stage.peapod.com/api/v2.0/cms?dt=2019-11-24&regions=%7B%22service_selection%22:%7B%7D%7D" (RelFrameId=1, Internal ID=122)
Action.c(1659):     HTTP/1.1 200 OK\r\n
Action.c(1659):     Date: Sun, 24 Nov 2019 16:44:59 GMT\r\n
Action.c(1659):     Content-Type: application/json;charset=utf-8\r\n
Action.c(1659):     Transfer-Encoding: chunked\r\n
Action.c(1659):     Connection: keep-alive\r\n
Action.c(1659):     Strict-Transport-Security: max-age=63072000; includeSubdomains;\r\n
Action.c(1659):     access-control-allow-credentials: true\r\n
Action.c(1659):     access-control-allow-origin:\r\n
Action.c(1659):     expires: 0\r\n
Action.c(1659):     Vary: Accept-Encoding,User-Agent\r\n
Action.c(1659):     Content-Encoding: gzip\r\n
Action.c(1659):     Cache-Control: no-store\r\n
Action.c(1659):     X-XSS-Protection: 1; mode=block\r\n
Action.c(1659):     X-Content-Type-Options: nosniff\r\n
Action.c(1659):     Strict-Transport-Security: max-age=86400; includeSubDomains\r\n
Action.c(1659):     Content-Security-Policy: frame-ancestors 'self' *.giantfood.com\r\n
Action.c(1659):     CF-Cache-Status: DYNAMIC\r\n
Action.c(1659):     Expect-CT: max-age=604800, report-uri="https://report-uri.cloudflare.com/cdn-cgi/beacon/ex
Action.c(1659):     pect-ct"\r\n
Action.c(1659):     Server: cloudflare\r\n
Action.c(1659):     CF-RAY: 53acd9c44cf5f0c5-IAD\r\n
Action.c(1659):     \r\n
Action.c(1659): t=341588ms: 611-byte ENCODED response body received for "https://stage.peapod.com/api/v2.0/cms?dt=2019-11-24&regions=%7B%22service_selection%22:%7B%7D%7D" (RelFrameId=1, Internal ID=122)
Action.c(1659): t=341588ms: 1100-byte DECODED response body for "https://stage.peapod.com/api/v2.0/cms?dt=2019-11-24&regions=%7B%22service_selection%22:%7B%7D%7D" (RelFrameId=1, Internal ID=122)
Action.c(1659):     {"response":{"regionContents":[{"region":"service_selection","contents":[{"map":{"Friendly
Action.c(1659):      Tracking Description":"Tile_Value Days","moduleType":"Content: Tile","Customer Status":{"
Action.c(1659):     myArrayList":["New Customer","Existing Customer"]},"Approved":"2018-11-02T16:26:48.112-050
Action.c(1659):     0","Business Days":"3363 business days","Test Scripted Field":"<h2>new value</h2>","Test s
Action.c(1659):     cript field (migration)":"CS-31386","Site_Location":"service_selection","Qualification_Cod
Action.c(1659):     e":"CONTENT_NOPODPASS","Customer Type":{"myArrayList":["Consumer"]},"scheduledContentData"
Action.c(1659):     :{"map":{"Body Copy":"learn about delivery discounts","Color Scheme: Product":"Light Gray"
Action.c(1659):     ,"Content ID":"2030437:R4YOU.jpg","parts":{"myArrayList":[]},"Button Link":"/pages/valueDa
Action.c(1659):     ys","Test Scripted Field":"<h2>new value</h2>","id":"219085","Test script field (migration
Action.c(1659):     )":"CS-11897","Headline Copy":"Plan ahead.","Button Type Tiles":"Internal Link","Alt Text"
Action.c(1659):     :"Value Days","key":"CS-11897"}},"Scheduled_Priority":"1","Start Date":"2018-01-26","Conte
Action.c(1659):     nt_Active":"Yes","Store Codes":{"myArrayList":["GAN","GDA","GDB","GDF","GDL","GDM","GDN","
Action.c(1659):     GDO","GDP","GIE","GI
Action.c(1659): t=341591ms: 719-byte ENCODED response body received for "https://stage.peapod.com/api/v2.0/cms?dt=2019-11-24&regions=%7B%22service_selection%22:%7B%7D%7D" (RelFrameId=1, Internal ID=122)
Action.c(1659): t=341591ms: 2621-byte DECODED response body for "https://stage.peapod.com/api/v2.0/cms?dt=2019-11-24&regions=%7B%22service_selection%22:%7B%7D%7D" (RelFrameId=1, Internal ID=122)
Action.c(1659):     F","GIH","GII","GIJ","GIK","GJA","GJB","GJC","GJE","GJF","GJH","GJJ","GKB","GKE","GKF","GK
Action.c(1659):     G","GKH","GKI"]},"End Date":"2029-12-31","Sent to QA":"2019-02-14T12:40:21.283-0600","id":
Action.c(1659):     "295439","StoreCodes":{"myArrayList":[]},"key":"CS-31386"}},{"map":{"summary":"Service_Sel
Action.c(1659):     ection Shop, Schedule & Deliver Info","moduleType":"Content: Tile","Customer Status":{"myA
Action.c(1659):     rrayList":["New Customer","Existing Customer"]},"Rank":"2|i04abn:","Rank (Obsolete)":"9223
Action.c(1659):     372036854775807","Site_Location":"service_selection","scheduledContentData":{"map":{"summa
Action.c(1659):     ry":"Service_Selection Shop, Schedule & Deliver Info","Body Copy":"find your answers here"
Action.c(1659):     ,"Button Link":"/modal/help/service-fees-tipping","Rank":"2|i04abf:","Rank (Obsolete)":"92
Action.c(1659):     23372036854775807","Headline Copy":"Questions?","Alt Text":"Icon with two computer monitor
Action.c(1659):     s and a truck","Color Scheme: Product":"Light Gray","Content ID":"1960801:CBY2P.jpg","part
Action.c(1659):     s":{"myArrayList":[]},"Testing status":"Not started","id":"218187","Button Type Tiles":"In
Action.c(1659):     ternal Link","key":"CS-11699"}},"Scheduled_Priority":"1","Customer Type":{"myArrayList":["
Action.c(1659):     Consumer","Merchant"]},"Content_Active":"Yes","Start Date":"2016-11-29","End Date":"2029-1
Action.c(1659):     2-31","Testing status":"Not started","id":"218189","StoreCodes":{"myArrayList":[]},"key":"
Action.c(1659):     CS-11700"}},{"map":{"Friendly Tracking Description":"Service Selection Tile - Smithfield R
Action.c(1659):     ecipe WK47-50","moduleType":"Content: Tile","SEO Excluded":"No","Customer Status":{"myArra
Action.c(1659):     yList":["New Customer","Existing Customer"]},"Rejected":"2019-11-13T08:08:09.829-0600","Op
Action.c(1659):     cos":{"myArrayList":["STSH"]},"Create Multipanel":{"myArrayList":["Left Panel","Right Pane
Action.c(1659):     l"]},"Test script field (migration)":"CS-89672","Site_Location":"service_selection","Custo
Action.c(1659):     mer Type":{"myArrayList":["Consumer"]},"scheduledContentData":{"map":{"Body Copy":"With a 
Action.c(1659):     digital coupon!","Approved":"2019-11-11T08:28:45.115-0600","Button Link":"/pages/smithfiel
Action.c(1659):     d-eggnog-french-toast-muffins","Create Multipanel":{"myArrayList":["Left Panel","Right Pan
Action.c(1659):     el"]},"Test script field (migration)":"CS-89669","Headline Copy":"Save $4","Alt Text":"egg
Action.c(1659):     nog french toast muffins","Color Scheme: Product":"Light Gray","Content ID":"2739121:4MENW
Action.c(1659):     .jpg","Products Targeted":"No","parts":{"myArrayList":[]},"Sent to QA":"2019-11-11T08:28:0
Action.c(1659):     9.152-0600","id":"376949","Button Type Tiles":"Internal Link","key":"CS-89669"}},"Schedule
Action.c(1659):     d_Priority":"3","Start Date":"2019-11-21","Content_Active":"Yes","End Date":"2019-11-27","
Action.c(1659):     Products Targeted":"No","Sent to QA":"2019-11-13T08:08:13.057-0600","id":"376953","StoreCo
Action.c(1659):     des":{"myArrayList":[]},"key":"CS-89672"}}]}],"resultCount":3},"sessionId":"IIFRJAZ4OWS4UC
Action.c(1659):     WWM4JCF3Q"}
Action.c(1659): web_custom_request("cms_20") was successful, 1330 body bytes, 752 header bytes  	[MsgId: MMSG-26386]
Action.c(1668): web_custom_request("browsing-service-location") started  	[MsgId: MMSG-26355]
Action.c(1668): t=343914ms: 770-byte response headers for "https://stage.peapod.com/api/v2.0/user/preferences/browsing-service-location" (RelFrameId=1, Internal ID=123)
Action.c(1668):     HTTP/1.1 200 OK\r\n
Action.c(1668):     Date: Sun, 24 Nov 2019 16:45:01 GMT\r\n
Action.c(1668):     Content-Type: application/json;charset=utf-8\r\n
Action.c(1668):     Transfer-Encoding: chunked\r\n
Action.c(1668):     Connection: keep-alive\r\n
Action.c(1668):     Strict-Transport-Security: max-age=63072000; includeSubdomains;\r\n
Action.c(1668):     access-control-allow-credentials: true\r\n
Action.c(1668):     access-control-allow-origin:\r\n
Action.c(1668):     Pragma: no-cache\r\n
Action.c(1668):     Cache-Control: no-store\r\n
Action.c(1668):     Expires: 0\r\n
Action.c(1668):     Vary: Accept-Encoding,User-Agent\r\n
Action.c(1668):     Content-Encoding: gzip\r\n
Action.c(1668):     X-XSS-Protection: 1; mode=block\r\n
Action.c(1668):     X-Content-Type-Options: nosniff\r\n
Action.c(1668):     Strict-Transport-Security: max-age=86400; includeSubDomains\r\n
Action.c(1668):     Content-Security-Policy: frame-ancestors 'self' *.giantfood.com\r\n
Action.c(1668):     CF-Cache-Status: DYNAMIC\r\n
Action.c(1668):     Expect-CT: max-age=604800, report-uri="https://report-uri.cloudflare.com/cdn-cgi/beacon/ex
Action.c(1668):     pect-ct"\r\n
Action.c(1668):     Server: cloudflare\r\n
Action.c(1668):     CF-RAY: 53acd9d37cc6245a-IAD\r\n
Action.c(1668):     \r\n
Action.c(1668): t=343918ms: 142-byte ENCODED response body received for "https://stage.peapod.com/api/v2.0/user/preferences/browsing-service-location" (RelFrameId=1, Internal ID=123)
Action.c(1668): t=343918ms: 134-byte DECODED response body for "https://stage.peapod.com/api/v2.0/user/preferences/browsing-service-location" (RelFrameId=1, Internal ID=123)
Action.c(1668):     \n
Action.c(1668):     \n
Action.c(1668):     \n
Action.c(1668):     \n
Action.c(1668):             {"response":{"preference":{"name":"browsing-service-location","value":""}},"sessio
Action.c(1668):     nId":"IIFRJAZ4OWS4UCWWM4JCF3Q"}\n
Action.c(1668):         \n
Action.c(1668):     \n
Action.c(1668):     \n
Action.c(1668):     \n
Action.c(1668): web_custom_request("browsing-service-location") was successful, 142 body bytes, 770 header bytes  	[MsgId: MMSG-26386]
Action.c(1677): web_custom_request("search-zip") started  	[MsgId: MMSG-26355]
Action.c(1677): t=346773ms: 770-byte response headers for "https://stage.peapod.com/api/v2.0/user/preferences/search-zip" (RelFrameId=1, Internal ID=124)
Action.c(1677):     HTTP/1.1 200 OK\r\n
Action.c(1677):     Date: Sun, 24 Nov 2019 16:45:04 GMT\r\n
Action.c(1677):     Content-Type: application/json;charset=utf-8\r\n
Action.c(1677):     Transfer-Encoding: chunked\r\n
Action.c(1677):     Connection: keep-alive\r\n
Action.c(1677):     Strict-Transport-Security: max-age=63072000; includeSubdomains;\r\n
Action.c(1677):     access-control-allow-credentials: true\r\n
Action.c(1677):     access-control-allow-origin:\r\n
Action.c(1677):     Pragma: no-cache\r\n
Action.c(1677):     Cache-Control: no-store\r\n
Action.c(1677):     Expires: 0\r\n
Action.c(1677):     Vary: Accept-Encoding,User-Agent\r\n
Action.c(1677):     Content-Encoding: gzip\r\n
Action.c(1677):     X-XSS-Protection: 1; mode=block\r\n
Action.c(1677):     X-Content-Type-Options: nosniff\r\n
Action.c(1677):     Strict-Transport-Security: max-age=86400; includeSubDomains\r\n
Action.c(1677):     Content-Security-Policy: frame-ancestors 'self' *.giantfood.com\r\n
Action.c(1677):     CF-Cache-Status: DYNAMIC\r\n
Action.c(1677):     Expect-CT: max-age=604800, report-uri="https://report-uri.cloudflare.com/cdn-cgi/beacon/ex
Action.c(1677):     pect-ct"\r\n
Action.c(1677):     Server: cloudflare\r\n
Action.c(1677):     CF-RAY: 53acd9e55c38e11e-IAD\r\n
Action.c(1677):     \r\n
Action.c(1677): t=346777ms: 132-byte ENCODED response body received for "https://stage.peapod.com/api/v2.0/user/preferences/search-zip" (RelFrameId=1, Internal ID=124)
Action.c(1677): t=346778ms: 124-byte DECODED response body for "https://stage.peapod.com/api/v2.0/user/preferences/search-zip" (RelFrameId=1, Internal ID=124)
Action.c(1677):     \n
Action.c(1677):     \n
Action.c(1677):     \n
Action.c(1677):     \n
Action.c(1677):             {"response":{"preference":{"name":"search-zip","value":"02134"}},"sessionId":"IIFR
Action.c(1677):     JAZ4OWS4UCWWM4JCF3Q"}\n
Action.c(1677):         \n
Action.c(1677):     \n
Action.c(1677):     \n
Action.c(1677):     \n
Action.c(1677): web_custom_request("search-zip") was successful, 132 body bytes, 770 header bytes  	[MsgId: MMSG-26386]
Action.c(1686): web_custom_request("delivery-service-location") started  	[MsgId: MMSG-26355]
Action.c(1686): t=352559ms: 770-byte response headers for "https://stage.peapod.com/api/v2.0/user/preferences/delivery-service-location" (RelFrameId=1, Internal ID=125)
Action.c(1686):     HTTP/1.1 200 OK\r\n
Action.c(1686):     Date: Sun, 24 Nov 2019 16:45:10 GMT\r\n
Action.c(1686):     Content-Type: application/json;charset=utf-8\r\n
Action.c(1686):     Transfer-Encoding: chunked\r\n
Action.c(1686):     Connection: keep-alive\r\n
Action.c(1686):     Strict-Transport-Security: max-age=63072000; includeSubdomains;\r\n
Action.c(1686):     access-control-allow-credentials: true\r\n
Action.c(1686):     access-control-allow-origin:\r\n
Action.c(1686):     Pragma: no-cache\r\n
Action.c(1686):     Cache-Control: no-store\r\n
Action.c(1686):     Expires: 0\r\n
Action.c(1686):     Vary: Accept-Encoding,User-Agent\r\n
Action.c(1686):     Content-Encoding: gzip\r\n
Action.c(1686):     X-XSS-Protection: 1; mode=block\r\n
Action.c(1686):     X-Content-Type-Options: nosniff\r\n
Action.c(1686):     Strict-Transport-Security: max-age=86400; includeSubDomains\r\n
Action.c(1686):     Content-Security-Policy: frame-ancestors 'self' *.giantfood.com\r\n
Action.c(1686):     CF-Cache-Status: DYNAMIC\r\n
Action.c(1686):     Expect-CT: max-age=604800, report-uri="https://report-uri.cloudflare.com/cdn-cgi/beacon/ex
Action.c(1686):     pect-ct"\r\n
Action.c(1686):     Server: cloudflare\r\n
Action.c(1686):     CF-RAY: 53acda098eaff11a-IAD\r\n
Action.c(1686):     \r\n
Action.c(1686): t=352565ms: 142-byte ENCODED response body received for "https://stage.peapod.com/api/v2.0/user/preferences/delivery-service-location" (RelFrameId=1, Internal ID=125)
Action.c(1686): t=352565ms: 134-byte DECODED response body for "https://stage.peapod.com/api/v2.0/user/preferences/delivery-service-location" (RelFrameId=1, Internal ID=125)
Action.c(1686):     \n
Action.c(1686):     \n
Action.c(1686):     \n
Action.c(1686):     \n
Action.c(1686):             {"response":{"preference":{"name":"delivery-service-location","value":""}},"sessio
Action.c(1686):     nId":"IIFRJAZ4OWS4UCWWM4JCF3Q"}\n
Action.c(1686):         \n
Action.c(1686):     \n
Action.c(1686):     \n
Action.c(1686):     \n
Action.c(1686): web_custom_request("delivery-service-location") was successful, 142 body bytes, 770 header bytes  	[MsgId: MMSG-26386]
Action.c(1695): web_custom_request("cms_21") started  	[MsgId: MMSG-26355]
Action.c(1695): t=355181ms: 752-byte response headers for "https://stage.peapod.com/api/v2.0/cms?regions=%7B%22resource_bundle%22:%7B%7D%7D" (RelFrameId=1, Internal ID=126)
Action.c(1695):     HTTP/1.1 200 OK\r\n
Action.c(1695):     Date: Sun, 24 Nov 2019 16:45:12 GMT\r\n
Action.c(1695):     Content-Type: application/json;charset=utf-8\r\n
Action.c(1695):     Transfer-Encoding: chunked\r\n
Action.c(1695):     Connection: keep-alive\r\n
Action.c(1695):     Strict-Transport-Security: max-age=63072000; includeSubdomains;\r\n
Action.c(1695):     access-control-allow-credentials: true\r\n
Action.c(1695):     access-control-allow-origin:\r\n
Action.c(1695):     expires: 0\r\n
Action.c(1695):     Vary: Accept-Encoding,User-Agent\r\n
Action.c(1695):     Content-Encoding: gzip\r\n
Action.c(1695):     Cache-Control: no-store\r\n
Action.c(1695):     X-XSS-Protection: 1; mode=block\r\n
Action.c(1695):     X-Content-Type-Options: nosniff\r\n
Action.c(1695):     Strict-Transport-Security: max-age=86400; includeSubDomains\r\n
Action.c(1695):     Content-Security-Policy: frame-ancestors 'self' *.giantfood.com\r\n
Action.c(1695):     CF-Cache-Status: DYNAMIC\r\n
Action.c(1695):     Expect-CT: max-age=604800, report-uri="https://report-uri.cloudflare.com/cdn-cgi/beacon/ex
Action.c(1695):     pect-ct"\r\n
Action.c(1695):     Server: cloudflare\r\n
Action.c(1695):     CF-RAY: 53acda19df4dcec4-IAD\r\n
Action.c(1695):     \r\n
Action.c(1695): t=355184ms: 611-byte ENCODED response body received for "https://stage.peapod.com/api/v2.0/cms?regions=%7B%22resource_bundle%22:%7B%7D%7D" (RelFrameId=1, Internal ID=126)
Action.c(1695): t=355185ms: 1417-byte DECODED response body for "https://stage.peapod.com/api/v2.0/cms?regions=%7B%22resource_bundle%22:%7B%7D%7D" (RelFrameId=1, Internal ID=126)
Action.c(1695):     {"response":{"regionContents":[{"region":"resource_bundle","contents":[{"map":{"Friendly T
Action.c(1695):     racking Description":"Resource Bundle for STSH","moduleType":"Content: Resource Bundle","S
Action.c(1695):     EO Excluded":"No","Customer Status":{"myArrayList":["New Customer","Existing Customer"]},"
Action.c(1695):     Approved":"2019-11-12T12:27:34.583-0600","Opcos":{"myArrayList":["STSH"]},"Create Multipan
Action.c(1695):     el":{"myArrayList":["Left Panel","Right Panel"]},"Test script field (migration)":"CS-78977
Action.c(1695):     ","Site_Location":"resource_bundle","Customer Type":{"myArrayList":["Consumer","Merchant"]
Action.c(1695):     },"scheduledContentData":{"map":{"parts":{"myArrayList":[{"map":{"Message Key":"SERVICE_TY
Action.c(1695):     PE_IN_STORE_HEADLINE","moduleType":"Resource: Message","Products Targeted":"No","Message T
Action.c(1695):     ext":"View the weekly ad and clip coupons at your local store.","id":"371051","Create Mult
Action.c(1695):     ipanel":{"myArrayList":["Left Panel","Right Panel"]},"Test script field (migration)":"CS-8
Action.c(1695):     5121","key":"CS-85121"}},{"map":{"Message Key":"SERVICE_TYPE_PICK_UP_HEADLINE","moduleType
Action.c(1695):     ":"Resource: Message","Products Targeted":"No","Message Text":"Same day pick-up. Same stor
Action.c(1695):     e selection. Same store pricing.","id":"371052","Create Multipanel":{"myArrayList":["Left 
Action.c(1695):     Panel","Right Panel"]},"Test script field (migration)":"CS-85122","key":"CS-85122"}},{"map
Action.c(1695):     ":{"Message Key":"SERVICE_TYPE_DELIVERY_HEADLINE","moduleType":"Resource: Message","Produc
Action.c(1695):     ts Targeted":"No","Message Text":"Order online, get groceries deliv
Action.c(1695): t=355188ms: 1926-byte ENCODED response body received for "https://stage.peapod.com/api/v2.0/cms?regions=%7B%22resource_bundle%22:%7B%7D%7D" (RelFrameId=1, Internal ID=126)
Action.c(1695): t=355188ms: 10877-byte DECODED response body for "https://stage.peapod.com/api/v2.0/cms?regions=%7B%22resource_bundle%22:%7B%7D%7D" (RelFrameId=1, Internal ID=126)
Action.c(1695):     ered right to your door.","id":"371053","Create Multipanel":{"myArrayList":["Left Panel","
Action.c(1695):     Right Panel"]},"Test script field (migration)":"CS-85123","key":"CS-85123"}},{"map":{"Mess
Action.c(1695):     age Key":"REWARDS_REDEEM_HEADLINE","moduleType":"Resource: Message","Products Targeted":"N
Action.c(1695):     o","Message Text":"You can redeem points for rewards, like grocery dollars, gas savings, a
Action.c(1695):     nd special offers!","id":"371054","Create Multipanel":{"myArrayList":["Left Panel","Right 
Action.c(1695):     Panel"]},"Test script field (migration)":"CS-85124","key":"CS-85124"}},{"map":{"Message Ke
Action.c(1695):     y":"REWARDS_REDEEM_MOBILE_HEADLINE","moduleType":"Resource: Message","Products Targeted":"
Action.c(1695):     No","Message Text":"Your rewards, your way: even more ways to save.","id":"371055","Create
Action.c(1695):      Multipanel":{"myArrayList":["Left Panel","Right Panel"]},"Test script field (migration)":
Action.c(1695):     "CS-85125","key":"CS-85125"}},{"map":{"Message Key":"REWARDS_REDEEM_GROCERY_DESCRIPTION","
Action.c(1695):     moduleType":"Resource: Message","Products Targeted":"No","Message Text":"Use these points 
Action.c(1695):     as dollars off at the register.","id":"371056","Create Multipanel":{"myArrayList":["Left P
Action.c(1695):     anel","Right Panel"]},"Test script field (migration)":"CS-85126","key":"CS-85126"}},{"map"
Action.c(1695):     :{"Message Key":"REWARDS_REDEEM_GROCERY_DETAILS","moduleType":"Resource: Message","Product
Action.c(1695):     s Targeted":"No","Message Text":"Earn 1 points for every dollar you spend online or in sto
Action.c(1695):     re to be redeemed on your next qualifying purchase with your Stop & Shop card. A minimum a
Action.c(1695):     mount of 500 points and maximum of 2,000 points can be redeemed in a single transaction. A
Action.c(1695):     ny remaining points can be applied to a future discount or used towards qualifying special
Action.c(1695):      offers. Points are valid for 30 days and can be redeemed up until midnight on the expirat
Action.c(1695):     ion date.","id":"371057","Create Multipanel":{"myArrayList":["Left Panel","Right Panel"]},
Action.c(1695):     "Test script field (migration)":"CS-85127","key":"CS-85127"}},{"map":{"Message Key":"REWAR
Action.c(1695):     DS_REDEEM_GAS_DESCRIPTION","moduleType":"Resource: Message","Products Targeted":"No","Mess
Action.c(1695):     age Text":"Redeem your points for cents off at the gas pump. Every 100 points earns you 10
Action.c(1695):     \xC2\xA2 off per gallon.","id":"371058","Create Multipanel":{"myArrayList":["Left Panel","
Action.c(1695):     Right Panel"]},"Test script field (migration)":"CS-85128","key":"CS-85128"}},{"map":{"Mess
Action.c(1695):     age Key":"REWARDS_REDEEM_GAS_DETAILS","moduleType":"Resource: Message","Products Targeted"
Action.c(1695):     :"No","Message Text":"For every dollar spent on eligible purchases in stores (after coupon
Action.c(1695):     s, savings and exclusions) you'll receive on point when you use your Stop & Shop loyalty c
Action.c(1695):     ard. For every 100 points you receive, you'll save 10\xC2\xA2 per gallon up to a maximum o
Action.c(1695):     f 20 gallons of fuel per vehicle per purchase. There's no limit to the amount of gas savin
Action.c(1695):     gs you can receive. Redeem your points as you get them or let them add up for more savings
Action.c(1695):      (within applicable expiration dates). Points are valid for 30 days and can be redeemed up
Action.c(1695):      until midnight on the expiration date.","id":"371059","Create Multipanel":{"myArrayList":
Action.c(1695):     ["Left Panel","Right Panel"]},"Test script field (migration)":"CS-85129","key":"CS-85129"}
Action.c(1695):     },{"map":{"Message Key":"REWARDS_REDEEM_SPECIAL_OFFERS_DESCRIPTION","moduleType":"Resource
Action.c(1695):     : Message","Products Targeted":"No","Message Text":"Redeem your points on a variety of spe
Action.c(1695):     cial, limited time offers.","id":"371060","Create Multipanel":{"myArrayList":["Left Panel"
Action.c(1695):     ,"Right Panel"]},"Test script field (migration)":"CS-85130","key":"CS-85130"}},{"map":{"Me
Action.c(1695):     ssage Key":"REWARDS_REDEEM_MOBILE_TAB_GROCERY_DESCRIPTION","moduleType":"Resource: Message
Action.c(1695):     ","Products Targeted":"No","Message Text":"Convert points to dollars off your purchases at
Action.c(1695):      checkout.","id":"371061","Create Multipanel":{"myArrayList":["Left Panel","Right Panel"]}
Action.c(1695):     ,"Test script field (migration)":"CS-85131","key":"CS-85131"}},{"map":{"Message Key":"REWA
Action.c(1695):     RDS_REDEEM_MOBILE_TAB_GAS_DESCRIPTION","moduleType":"Resource: Message","Products Targeted
Action.c(1695):     ":"No","Message Text":"Earn points for cents off per gallon at the pump.\xE2\x80\x8B","id"
Action.c(1695):     :"371062","Create Multipanel":{"myArrayList":["Left Panel","Right Panel"]},"Test script fi
Action.c(1695):     eld (migration)":"CS-85132","key":"CS-85132"}},{"map":{"Message Key":"REWARDS_REDEEM_MOBIL
Action.c(1695):     E_TAB_SPECIAL_OFFERS_DESCRIPTION","moduleType":"Resource: Message","Products Targeted":"No
Action.c(1695):     ","Message Text":"Cash in your points for exclusive, limited time offers.","id":"371063","
Action.c(1695):     Create Multipanel":{"myArrayList":["Left Panel","Right Panel"]},"Test script field (migrat
Action.c(1695):     ion)":"CS-85133","key":"CS-85133"}},{"map":{"Message Key":"GROCERY_DOLLARS_MODAL_CONTENT",
Action.c(1695):     "moduleType":"Resource: Message","Products Targeted":"No","Message Text":"Every 100 points
Action.c(1695):      earns you $1 off at the register when you use your Stop & Shop loyalty card. Maximum amou
Action.c(1695):     nt of points that can be redeemed per transaction is 2,000. Any remaining points can be ap
Action.c(1695):     plied to a future discount. Points expire the last day of the month following the one in w
Action.c(1695):     hich they were received. Points can be redeemed up until midnight on the expiration date."
Action.c(1695):     ,"id":"371064","Create Multipanel":{"myArrayList":["Left Panel","Right Panel"]},"Test scri
Action.c(1695):     pt field (migration)":"CS-85134","key":"CS-85134"}},{"map":{"Message Key":"GIFTCARDS_HERO_
Action.c(1695):     IMG","moduleType":"Resource: Message","Products Targeted":"No","Message Text":"http://i5.p
Action.c(1695):     eapod.com/c/SS/SSGTC.jpg","id":"371065","Create Multipanel":{"myArrayList":["Left Panel","
Action.c(1695):     Right Panel"]},"Test script field (migration)":"CS-85135","key":"CS-85135"}},{"map":{"Mess
Action.c(1695):     age Key":"REWARDS_WALLET_GAS_DETAILS","moduleType":"Resource: Message","Products Targeted"
Action.c(1695):     :"No","Message Text":"For every dollar spent on eligible purchases in stores (after coupon
Action.c(1695):     s, savings and exclusions) you\xE2\x80\x99ll receive one point when you use your Stop & Sh
Action.c(1695):     op loyalty card. For every 100 points you receive, you\xE2\x80\x99ll save 10\xC2\xA2 per g
Action.c(1695):     allon up to a maximum of 20 gallons of fuel per vehicle per purchase. There\xE2\x80\x99s n
Action.c(1695):     o limit to the amount of gas savings you can receive. Redeem your points as you get them o
Action.c(1695):     r let them add up for more savings. Points are valid for 30 days and can be redeemed up un
Action.c(1695):     til midnight on the expiration date.","id":"371066","Create Multipanel":{"myArrayList":["L
Action.c(1695):     eft Panel","Right Panel"]},"Test script field (migration)":"CS-85136","key":"CS-85136"}},{
Action.c(1695):     "map":{"Message Key":"REWARDS_PROGRAM_ACTIVATION_CONTENT","moduleType":"Resource: Message"
Action.c(1695):     ,"Products Targeted":"No","Message Text":"Activate today to take full advantage of this ne
Action.c(1695):     w reward program. Once activated you\xE2\x80\x99ll start earning bonus points and other re
Action.c(1695):     ward benefits.","id":"371067","Create Multipanel":{"myArrayList":["Left Panel","Right Pane
Action.c(1695):     l"]},"Test script field (migration)":"CS-85137","key":"CS-85137"}},{"map":{"Message Key":"
Action.c(1695):     REWARDS_WALLET_OFFER_ERROR_TITLE","moduleType":"Resource: Message","Products Targeted":"No
Action.c(1695):     ","Message Text":"We're Sorry!","id":"371068","Create Multipanel":{"myArrayList":["Left Pa
Action.c(1695):     nel","Right Panel"]},"Test script field (migration)":"CS-85138","key":"CS-85138"}},{"map":
Action.c(1695):     {"Message Key":"REWARDS_WALLET_OFFER_ERROR_BODY","moduleType":"Resource: Message","Product
Action.c(1695):     s Targeted":"No","Message Text":"We were unable to retrieve your loaded Special Offers! Pl
Action.c(1695):     ease check back later to try again.","id":"371069","Create Multipanel":{"myArrayList":["Le
Action.c(1695):     ft Panel","Right Panel"]},"Test script field (migration)":"CS-85139","key":"CS-85139"}},{"
Action.c(1695):     map":{"Message Key":"REWARDS_WALLET_OFFER_EMPTY_TITLE","moduleType":"Resource: Message","P
Action.c(1695):     roducts Targeted":"No","Message Text":"No Special Offers","id":"371070","Create Multipanel
Action.c(1695):     ":{"myArrayList":["Left Panel","Right Panel"]},"Test script field (migration)":"CS-85140",
Action.c(1695):     "key":"CS-85140"}},{"map":{"Message Key":"REWARDS_WALLET_OFFER_EMPTY_BODY","moduleType":"R
Action.c(1695):     esource: Message","Products Targeted":"No","Message Text":"You haven\xE2\x80\x99t loaded a
Action.c(1695):     ny offers yet. Visit the the Rewards gallery to spend your {{ brand.rewardsPointsType }}!"
Action.c(1695):     ,"id":"371071","Create Multipanel":{"myArrayList":["Left Panel","Right Panel"]},"Test scri
Action.c(1695):     pt field (migration)":"CS-85141","key":"CS-85141"}},{"map":{"Message Key":"REWARDS_REDEEM_
Action.c(1695):     OFFER_ERROR_TITLE","moduleType":"Resource: Message","Products Targeted":"No","Message Text
Action.c(1695):     ":"We're Sorry!","id":"371072","Create Multipanel":{"myArrayList":["Left Panel","Right Pan
Action.c(1695):     el"]},"Test script field (migration)":"CS-85142","key":"CS-85142"}},{"map":{"Message Key":
Action.c(1695):     "REWARDS_REDEEM_OFFER_ERROR_BODY","moduleType":"Resource: Message","Products Targeted":"No
Action.c(1695):     ","Message Text":"We're unable to retrieve your Special Offers! Please check back later to
Action.c(1695):      try again.","id":"371073","Create Multipanel":{"myArrayList":["Left Panel","Right Panel"]
Action.c(1695):     },"Test script field (migration)":"CS-85143","key":"CS-85143"}},{"map":{"Message Key":"REW
Action.c(1695):     ARDS_REDEEM_OFFER_EMPTY_TITLE","moduleType":"Resource: Message","Products Targeted":"No","
Action.c(1695):     id":"371074","Create Multipanel":{"myArrayList":["Left Panel","Right Panel"]},"Test script
Action.c(1695):      field (migration)":"CS-85144","key":"CS-85144"}},{"map":{"Message Key":"REWARDS_REDEEM_OF
Action.c(1695):     FER_EMPTY_BODY","moduleType":"Resource: Message","Products Targeted":"No","Message Text":"
Action.c(1695):     You have redeemed all available offers. Please check back later for any new offers or rede
Action.c(1695):     em your points for other rewards.","id":"371075","Create Multipanel":{"myArrayList":["Left
Action.c(1695):      Panel","Right Panel"]},"Test script field (migration)":"CS-85145","key":"CS-85145"}},{"ma
Action.c(1695):     p":{"Message Key":"HOW_IT_WORKS_REDEEM","moduleType":"Resource: Message","Products Targete
Action.c(1695):     d":"No","Message Text":"Choose your rewards! Convert your points for limited time Special 
Action.c(1695):     Offers, save on gas, or take $$ right off the top of your grocery purchase.\\r\\n<br><br>\\
Action.c(1695):     r\\nTap your wallet to see your loaded rewards. It's that simple!","id":"374901","Create M
Action.c(1695):     ultipanel":{"myArrayList":["Left Panel","Right Panel"]},"Test script field (migration)":"C
Action.c(1695):     S-88118","key":"CS-88118"}},{"map":{"Message Key":"HOW_IT_WORKS_EARN","moduleType":"Resour
Action.c(1695):     ce: Message","Products Targeted":"No","Message Text":"Earn 1 point for every dollar you sp
Action.c(1695):     end. Plus you'll find more ways to earn points than ever before.\\r\\n<br><br>\\r\\nEarnin
Action.c(1695):     g is easy. Just scan your card or enter your phone number at checkout.","id":"374902","Cre
Action.c(1695):     ate Multipanel":{"myArrayList":["Left Panel","Right Panel"]},"Test script field (migration
Action.c(1695):     )":"CS-88119","key":"CS-88119"}},{"map":{"Message Key":"PHARMACY_HERO_IMG","moduleType":"R
Action.c(1695):     esource: Message","Products Targeted":"No","Message Text":"https://i5.peapod.com/c/7B/7BRA
Action.c(1695):     T.jpg","id":"379019","Create Multipanel":{"myArrayList":["Left Panel","Right Panel"]},"Tes
Action.c(1695):     t script field (migration)":"CS-91329","key":"CS-91329"}}]},"Products Targeted":"No","id":
Action.c(1695):     "371050","Create Multipanel":{"myArrayList":["Left Panel","Right Panel"]},"Test script fie
Action.c(1695):     ld (migration)":"CS-85120","key":"CS-85120"}},"Scheduled_Priority":"1","Start Date":"2019-
Action.c(1695):     09-15","Content_Active":"Yes","End Date":"2028-06-26","Products Targeted":"No","Sent to QA
Action.c(1695):     ":"2019-11-12T15:35:13.437-0600","id":"362014","StoreCodes":{"myArrayList":[]},"key":"CS-7
Action.c(1695):     8977"}}]}],"resultCount":1},"sessionId":"IIFRJAZ4OWS4UCWWM4JCF3Q"}
Action.c(1695): web_custom_request("cms_21") was successful, 2537 body bytes, 752 header bytes  	[MsgId: MMSG-26386]
Action.c(1704): web_custom_request("log_19") started  	[MsgId: MMSG-26355]
Action.c(1704): Warning: The string '"messages":["Mozilla/5.0 (Windows NT 10.0; Win64; x64) AppleWebKit/537.36 (KHTML, like Gecko) Chrome/78.0.3904.97 Safari/537.36||M|modal_change|<viewName:\"slot-selection-modal\"><resolution:\"1536x754\"><screenSize:\"desktop\"><mobileapp:\"0\">","Mozilla/5.0 (Windows NT 10.0; Win64; x64) AppleWebKit/537.36 (KHTML, like Gecko) Chrome/78.0.3904.97 Safari/537.36||E|content_view|<scheduledContentId:\"CSDEV-2357\"><contentId:\"CSDEV-2358\"><region:\"service_selection\"><resolution:\"1536x754\"><screenSize:\"desktop\"><mobileapp:\"0\">","Mozilla/5.0 (Windows NT 10.0; Win64; x64) AppleWebKit/537.36 (KHTML, like Gecko) Chrome/78.0.3904.97 Safari/537.36||E|content_view|<scheduledContentId:\"CSDEV-2382\"><contentId:\"CSDEV-2384\"><region:\"service_selection\"><resolution:\"1536x754\"><screenSize:\"desktop\"><mobileapp:\"0\">","Mozilla/5.0 (Windows NT 10.0; Win64; x64) AppleWebKit/537.36 (KHTML, like Gecko) Chrome/78.0.3904.97 Safari/537.36||E|content_view|<scheduledContentId:\"CSDEV-2355\"><contentId:\"CSDEV-2356\"><region:\"service_selection\"><resolution:\"1536x754\"><screenSize:\"desktop\"><mobileapp:\"0\">"]' with parameter delimiters is not a parameter.
Action.c(1704): t=357731ms: 770-byte response headers for "https://stage.peapod.com/api/v2.0/client/log" (RelFrameId=1, Internal ID=127)
Action.c(1704):     HTTP/1.1 200 OK\r\n
Action.c(1704):     Date: Sun, 24 Nov 2019 16:45:15 GMT\r\n
Action.c(1704):     Content-Type: application/json;charset=utf-8\r\n
Action.c(1704):     Transfer-Encoding: chunked\r\n
Action.c(1704):     Connection: keep-alive\r\n
Action.c(1704):     Strict-Transport-Security: max-age=63072000; includeSubdomains;\r\n
Action.c(1704):     access-control-allow-credentials: true\r\n
Action.c(1704):     access-control-allow-origin:\r\n
Action.c(1704):     Pragma: no-cache\r\n
Action.c(1704):     Cache-Control: no-store\r\n
Action.c(1704):     Expires: 0\r\n
Action.c(1704):     Vary: Accept-Encoding,User-Agent\r\n
Action.c(1704):     Content-Encoding: gzip\r\n
Action.c(1704):     X-XSS-Protection: 1; mode=block\r\n
Action.c(1704):     X-Content-Type-Options: nosniff\r\n
Action.c(1704):     Strict-Transport-Security: max-age=86400; includeSubDomains\r\n
Action.c(1704):     Content-Security-Policy: frame-ancestors 'self' *.giantfood.com\r\n
Action.c(1704):     CF-Cache-Status: DYNAMIC\r\n
Action.c(1704):     Expect-CT: max-age=604800, report-uri="https://report-uri.cloudflare.com/cdn-cgi/beacon/ex
Action.c(1704):     pect-ct"\r\n
Action.c(1704):     Server: cloudflare\r\n
Action.c(1704):     CF-RAY: 53acda29f9e69fe2-IAD\r\n
Action.c(1704):     \r\n
Action.c(1704): t=357734ms: 125-byte ENCODED response body received for "https://stage.peapod.com/api/v2.0/client/log" (RelFrameId=1, Internal ID=127)
Action.c(1704): t=357734ms: 114-byte DECODED response body for "https://stage.peapod.com/api/v2.0/client/log" (RelFrameId=1, Internal ID=127)
Action.c(1704):     \n
Action.c(1704):     \n
Action.c(1704):     \n
Action.c(1704):     \n
Action.c(1704):             {"response":{"result":"SUCCESS","code":"MESSAGE_RECEIVED"},"sessionId":"IIFRJAZ4OW
Action.c(1704):     S4UCWWM4JCF3Q"}\n
Action.c(1704):         
Action.c(1704): web_custom_request("log_19") was successful, 125 body bytes, 770 header bytes  	[MsgId: MMSG-26386]
Action.c(1718): Notify: Transaction "S01_PRISM_Peapod_SIT_SignIn_Checkout_T09_Click_On_Checkout" ended with a "Pass" status (Duration: 23.3052).
Action.c(1722): Notify: Transaction "S01_PRISM_Peapod_SIT_SignIn_Checkout_T10_Select_Delivery" started.
Action.c(1724): web_custom_request("slots_11") started  	[MsgId: MMSG-26355]
Action.c(1724): t=362853ms: 752-byte response headers for "https://stage.peapod.com/api/v2.0/user/slots?delivAvail=true&headers=true&pupAvail=true&selected=true&serviceType=D" (RelFrameId=1, Internal ID=128)
Action.c(1724):     HTTP/1.1 200 OK\r\n
Action.c(1724):     Date: Sun, 24 Nov 2019 16:45:20 GMT\r\n
Action.c(1724):     Content-Type: application/json;charset=utf-8\r\n
Action.c(1724):     Transfer-Encoding: chunked\r\n
Action.c(1724):     Connection: keep-alive\r\n
Action.c(1724):     Strict-Transport-Security: max-age=63072000; includeSubdomains;\r\n
Action.c(1724):     access-control-allow-credentials: true\r\n
Action.c(1724):     access-control-allow-origin:\r\n
Action.c(1724):     expires: 0\r\n
Action.c(1724):     Vary: Accept-Encoding,User-Agent\r\n
Action.c(1724):     Content-Encoding: gzip\r\n
Action.c(1724):     Cache-Control: no-store\r\n
Action.c(1724):     X-XSS-Protection: 1; mode=block\r\n
Action.c(1724):     X-Content-Type-Options: nosniff\r\n
Action.c(1724):     Strict-Transport-Security: max-age=86400; includeSubDomains\r\n
Action.c(1724):     Content-Security-Policy: frame-ancestors 'self' *.giantfood.com\r\n
Action.c(1724):     CF-Cache-Status: DYNAMIC\r\n
Action.c(1724):     Expect-CT: max-age=604800, report-uri="https://report-uri.cloudflare.com/cdn-cgi/beacon/ex
Action.c(1724):     pect-ct"\r\n
Action.c(1724):     Server: cloudflare\r\n
Action.c(1724):     CF-RAY: 53acda492ae2f12a-IAD\r\n
Action.c(1724):     \r\n
Action.c(1724): t=362856ms: 301-byte ENCODED response body received for "https://stage.peapod.com/api/v2.0/user/slots?delivAvail=true&headers=true&pupAvail=true&selected=true&serviceType=D" (RelFrameId=1, Internal ID=128)
Action.c(1724): t=362856ms: 959-byte DECODED response body for "https://stage.peapod.com/api/v2.0/user/slots?delivAvail=true&headers=true&pupAvail=true&selected=true&serviceType=D" (RelFrameId=1, Internal ID=128)
Action.c(1724):     {"response":{"serviceType":"D","delivAvail":true,"pupAvail":true,"selectedSlotId":0,"heade
Action.c(1724):     rs":[{"id":988309,"date":"2019-11-24","maxDiscount":2.00},{"id":988312,"date":"2019-11-25"
Action.c(1724):     ,"maxDiscount":2.00},{"id":988315,"date":"2019-11-26","maxDiscount":2.00},{"id":988318,"da
Action.c(1724):     te":"2019-11-27","statusCode":"V","statusMsg":"Value Day","maxDiscount":2.00},{"id":994700
Action.c(1724):     ,"date":"2019-11-28","maxDiscount":2.00},{"id":994703,"date":"2019-11-29","maxDiscount":2.
Action.c(1724):     00},{"id":994705,"date":"2019-11-30","maxDiscount":1.00},{"id":994720,"date":"2019-12-01",
Action.c(1724):     "maxDiscount":2.00},{"id":994723,"date":"2019-12-02","maxDiscount":2.00},{"id":994726,"dat
Action.c(1724):     e":"2019-12-03","maxDiscount":2.00},{"id":994729,"date":"2019-12-04","statusCode":"V","sta
Action.c(1724):     tusMsg":"Value Day","maxDiscount":2.00},{"id":994731,"date":"2019-12-05","maxDiscount":2.0
Action.c(1724):     0},{"id":994734,"date":"2019-12-06","maxDiscount":2.00},{"id":994736,"date":"2019-12-07","
Action.c(1724):     maxDiscount":1.00}]},"sessionId":"IIFRJAZ4OWS4UCWWM4JCF3Q"}
Action.c(1724): web_custom_request("slots_11") was successful, 301 body bytes, 752 header bytes  	[MsgId: MMSG-26386]
Action.c(1733): web_custom_request("slots_12") started  	[MsgId: MMSG-26355]
Action.c(1733): t=374141ms: 752-byte response headers for "https://stage.peapod.com/api/v2.0/user/slots?delivAvail=true&headers=true&selected=true&serviceType=D&viewDate=2019-11-15" (RelFrameId=1, Internal ID=129)
Action.c(1733):     HTTP/1.1 200 OK\r\n
Action.c(1733):     Date: Sun, 24 Nov 2019 16:45:31 GMT\r\n
Action.c(1733):     Content-Type: application/json;charset=utf-8\r\n
Action.c(1733):     Transfer-Encoding: chunked\r\n
Action.c(1733):     Connection: keep-alive\r\n
Action.c(1733):     Strict-Transport-Security: max-age=63072000; includeSubdomains;\r\n
Action.c(1733):     access-control-allow-credentials: true\r\n
Action.c(1733):     access-control-allow-origin:\r\n
Action.c(1733):     expires: 0\r\n
Action.c(1733):     Vary: Accept-Encoding,User-Agent\r\n
Action.c(1733):     Content-Encoding: gzip\r\n
Action.c(1733):     Cache-Control: no-store\r\n
Action.c(1733):     X-XSS-Protection: 1; mode=block\r\n
Action.c(1733):     X-Content-Type-Options: nosniff\r\n
Action.c(1733):     Strict-Transport-Security: max-age=86400; includeSubDomains\r\n
Action.c(1733):     Content-Security-Policy: frame-ancestors 'self' *.giantfood.com\r\n
Action.c(1733):     CF-Cache-Status: DYNAMIC\r\n
Action.c(1733):     Expect-CT: max-age=604800, report-uri="https://report-uri.cloudflare.com/cdn-cgi/beacon/ex
Action.c(1733):     pect-ct"\r\n
Action.c(1733):     Server: cloudflare\r\n
Action.c(1733):     CF-RAY: 53acda901f74cedc-IAD\r\n
Action.c(1733):     \r\n
Action.c(1733): t=374145ms: 313-byte ENCODED response body received for "https://stage.peapod.com/api/v2.0/user/slots?delivAvail=true&headers=true&selected=true&serviceType=D&viewDate=2019-11-15" (RelFrameId=1, Internal ID=129)
Action.c(1733): t=374145ms: 978-byte DECODED response body for "https://stage.peapod.com/api/v2.0/user/slots?delivAvail=true&headers=true&selected=true&serviceType=D&viewDate=2019-11-15" (RelFrameId=1, Internal ID=129)
Action.c(1733):     {"response":{"serviceType":"D","delivAvail":true,"viewDate":"2019-11-15","selectedSlotId":
Action.c(1733):     0,"headers":[{"id":988309,"date":"2019-11-24","maxDiscount":2.00},{"id":988312,"date":"201
Action.c(1733):     9-11-25","maxDiscount":2.00},{"id":988315,"date":"2019-11-26","maxDiscount":2.00},{"id":98
Action.c(1733):     8318,"date":"2019-11-27","statusCode":"V","statusMsg":"Value Day","maxDiscount":2.00},{"id
Action.c(1733):     ":994700,"date":"2019-11-28","maxDiscount":2.00},{"id":994703,"date":"2019-11-29","maxDisc
Action.c(1733):     ount":2.00},{"id":994705,"date":"2019-11-30","maxDiscount":1.00},{"id":994720,"date":"2019
Action.c(1733):     -12-01","maxDiscount":2.00},{"id":994723,"date":"2019-12-02","maxDiscount":2.00},{"id":994
Action.c(1733):     726,"date":"2019-12-03","maxDiscount":2.00},{"id":994729,"date":"2019-12-04","statusCode":
Action.c(1733):     "V","statusMsg":"Value Day","maxDiscount":2.00},{"id":994731,"date":"2019-12-05","maxDisco
Action.c(1733):     unt":2.00},{"id":994734,"date":"2019-12-06","maxDiscount":2.00},{"id":994736,"date":"2019-
Action.c(1733):     12-07","maxDiscount":1.00}],"slots":[]},"sessionId":"IIFRJAZ4OWS4UCWWM4JCF3Q"}
Action.c(1733): web_custom_request("slots_12") was successful, 313 body bytes, 752 header bytes  	[MsgId: MMSG-26386]
Action.c(1742): web_custom_request("log_20") started  	[MsgId: MMSG-26355]
Action.c(1742): Warning: The string '"messages":["Mozilla/5.0 (Windows NT 10.0; Win64; x64) AppleWebKit/537.36 (KHTML, like Gecko) Chrome/78.0.3904.97 Safari/537.36||E|slots_select_service_type|<serviceType:\"D\"><resolution:\"1536x754\"><screenSize:\"desktop\"><mobileapp:\"0\">","Mozilla/5.0 (Windows NT 10.0; Win64; x64) AppleWebKit/537.36 (KHTML, like Gecko) Chrome/78.0.3904.97 Safari/537.36||E|slot_availability|<service_date:\"2019-11-15\"><slot_type:\"D\"><available:\"14\"><sold_out:\"2\"><resolution:\"1536x754\"><screenSize:\"desktop\"><mobileapp:\"0\">"]' with parameter delimiters is not a parameter.
Action.c(1742): t=399222ms: 770-byte response headers for "https://stage.peapod.com/api/v2.0/client/log" (RelFrameId=1, Internal ID=130)
Action.c(1742):     HTTP/1.1 200 OK\r\n
Action.c(1742):     Date: Sun, 24 Nov 2019 16:45:56 GMT\r\n
Action.c(1742):     Content-Type: application/json;charset=utf-8\r\n
Action.c(1742):     Transfer-Encoding: chunked\r\n
Action.c(1742):     Connection: keep-alive\r\n
Action.c(1742):     Strict-Transport-Security: max-age=63072000; includeSubdomains;\r\n
Action.c(1742):     access-control-allow-credentials: true\r\n
Action.c(1742):     access-control-allow-origin:\r\n
Action.c(1742):     Pragma: no-cache\r\n
Action.c(1742):     Cache-Control: no-store\r\n
Action.c(1742):     Expires: 0\r\n
Action.c(1742):     Vary: Accept-Encoding,User-Agent\r\n
Action.c(1742):     Content-Encoding: gzip\r\n
Action.c(1742):     X-XSS-Protection: 1; mode=block\r\n
Action.c(1742):     X-Content-Type-Options: nosniff\r\n
Action.c(1742):     Strict-Transport-Security: max-age=86400; includeSubDomains\r\n
Action.c(1742):     Content-Security-Policy: frame-ancestors 'self' *.giantfood.com\r\n
Action.c(1742):     CF-Cache-Status: DYNAMIC\r\n
Action.c(1742):     Expect-CT: max-age=604800, report-uri="https://report-uri.cloudflare.com/cdn-cgi/beacon/ex
Action.c(1742):     pect-ct"\r\n
Action.c(1742):     Server: cloudflare\r\n
Action.c(1742):     CF-RAY: 53acdb2ccc5fe11a-IAD\r\n
Action.c(1742):     \r\n
Action.c(1742): t=399228ms: 125-byte ENCODED response body received for "https://stage.peapod.com/api/v2.0/client/log" (RelFrameId=1, Internal ID=130)
Action.c(1742): t=399228ms: 114-byte DECODED response body for "https://stage.peapod.com/api/v2.0/client/log" (RelFrameId=1, Internal ID=130)
Action.c(1742):     \n
Action.c(1742):     \n
Action.c(1742):     \n
Action.c(1742):     \n
Action.c(1742):             {"response":{"result":"SUCCESS","code":"MESSAGE_RECEIVED"},"sessionId":"IIFRJAZ4OW
Action.c(1742):     S4UCWWM4JCF3Q"}\n
Action.c(1742):         
Action.c(1742): web_custom_request("log_20") was successful, 125 body bytes, 770 header bytes  	[MsgId: MMSG-26386]
Action.c(1755): web_custom_request("has-pod-bag") started  	[MsgId: MMSG-26355]
Action.c(1755): t=401674ms: 770-byte response headers for "https://stage.peapod.com/api/v2.0/user/preferences/has-pod-bag" (RelFrameId=1, Internal ID=131)
Action.c(1755):     HTTP/1.1 200 OK\r\n
Action.c(1755):     Date: Sun, 24 Nov 2019 16:45:59 GMT\r\n
Action.c(1755):     Content-Type: application/json;charset=utf-8\r\n
Action.c(1755):     Transfer-Encoding: chunked\r\n
Action.c(1755):     Connection: keep-alive\r\n
Action.c(1755):     Strict-Transport-Security: max-age=63072000; includeSubdomains;\r\n
Action.c(1755):     access-control-allow-credentials: true\r\n
Action.c(1755):     access-control-allow-origin:\r\n
Action.c(1755):     Pragma: no-cache\r\n
Action.c(1755):     Cache-Control: no-store\r\n
Action.c(1755):     Expires: 0\r\n
Action.c(1755):     Vary: Accept-Encoding,User-Agent\r\n
Action.c(1755):     Content-Encoding: gzip\r\n
Action.c(1755):     X-XSS-Protection: 1; mode=block\r\n
Action.c(1755):     X-Content-Type-Options: nosniff\r\n
Action.c(1755):     Strict-Transport-Security: max-age=86400; includeSubDomains\r\n
Action.c(1755):     Content-Security-Policy: frame-ancestors 'self' *.giantfood.com\r\n
Action.c(1755):     CF-Cache-Status: DYNAMIC\r\n
Action.c(1755):     Expect-CT: max-age=604800, report-uri="https://report-uri.cloudflare.com/cdn-cgi/beacon/ex
Action.c(1755):     pect-ct"\r\n
Action.c(1755):     Server: cloudflare\r\n
Action.c(1755):     CF-RAY: 53acdb3c8859f0c9-IAD\r\n
Action.c(1755):     \r\n
Action.c(1755): t=401679ms: 133-byte ENCODED response body received for "https://stage.peapod.com/api/v2.0/user/preferences/has-pod-bag" (RelFrameId=1, Internal ID=131)
Action.c(1755): t=401680ms: 123-byte DECODED response body for "https://stage.peapod.com/api/v2.0/user/preferences/has-pod-bag" (RelFrameId=1, Internal ID=131)
Action.c(1755):     \n
Action.c(1755):     \n
Action.c(1755):     \n
Action.c(1755):     \n
Action.c(1755):             {"response":{"preference":{"name":"has-pod-bag","value":false}},"sessionId":"IIFRJ
Action.c(1755):     AZ4OWS4UCWWM4JCF3Q"}\n
Action.c(1755):         \n
Action.c(1755):     \n
Action.c(1755):     \n
Action.c(1755):     \n
Action.c(1755): web_custom_request("has-pod-bag") was successful, 133 body bytes, 770 header bytes  	[MsgId: MMSG-26386]
Action.c(1764): Notify: Transaction "S01_PRISM_Peapod_SIT_SignIn_Checkout_T10_Select_Delivery" ended with a "Pass" status (Duration: 42.1661).
Action.c(1768): Notify: Transaction "S01_PRISM_Peapod_SIT_SignIn_Checkout_T11_Select_Checkout_Date" started.
Action.c(1772): web_reg_save_param started  	[MsgId: MMSG-26355]
Action.c(1772): Registering web_reg_save_param was successful  	[MsgId: MMSG-26390]
Action.c(1774): web_custom_request("slots_13") started  	[MsgId: MMSG-26355]
Action.c(1774): Notify: Parameter Substitution: parameter "P_CheckoutDate" =  "2019-11-25"
Action.c(1774): t=408029ms: 752-byte response headers for "https://stage.peapod.com/api/v2.0/user/slots?delivAvail=true&headers=true&pupAvail=true&selected=true&serviceType=D&viewDate=2019-11-25" (RelFrameId=1, Internal ID=132)
Action.c(1774):     HTTP/1.1 200 OK\r\n
Action.c(1774):     Date: Sun, 24 Nov 2019 16:46:05 GMT\r\n
Action.c(1774):     Content-Type: application/json;charset=utf-8\r\n
Action.c(1774):     Transfer-Encoding: chunked\r\n
Action.c(1774):     Connection: keep-alive\r\n
Action.c(1774):     Strict-Transport-Security: max-age=63072000; includeSubdomains;\r\n
Action.c(1774):     access-control-allow-credentials: true\r\n
Action.c(1774):     access-control-allow-origin:\r\n
Action.c(1774):     expires: 0\r\n
Action.c(1774):     Vary: Accept-Encoding,User-Agent\r\n
Action.c(1774):     Content-Encoding: gzip\r\n
Action.c(1774):     Cache-Control: no-store\r\n
Action.c(1774):     X-XSS-Protection: 1; mode=block\r\n
Action.c(1774):     X-Content-Type-Options: nosniff\r\n
Action.c(1774):     Strict-Transport-Security: max-age=86400; includeSubDomains\r\n
Action.c(1774):     Content-Security-Policy: frame-ancestors 'self' *.giantfood.com\r\n
Action.c(1774):     CF-Cache-Status: DYNAMIC\r\n
Action.c(1774):     Expect-CT: max-age=604800, report-uri="https://report-uri.cloudflare.com/cdn-cgi/beacon/ex
Action.c(1774):     pect-ct"\r\n
Action.c(1774):     Server: cloudflare\r\n
Action.c(1774):     CF-RAY: 53acdb635af7ea04-IAD\r\n
Action.c(1774):     \r\n
Action.c(1774): t=408032ms: 604-byte ENCODED response body received for "https://stage.peapod.com/api/v2.0/user/slots?delivAvail=true&headers=true&pupAvail=true&selected=true&serviceType=D&viewDate=2019-11-25" (RelFrameId=1, Internal ID=132)
Action.c(1774): t=408032ms: 4015-byte DECODED response body for "https://stage.peapod.com/api/v2.0/user/slots?delivAvail=true&headers=true&pupAvail=true&selected=true&serviceType=D&viewDate=2019-11-25" (RelFrameId=1, Internal ID=132)
Action.c(1774):     {"response":{"serviceType":"D","delivAvail":true,"pupAvail":true,"viewDate":"2019-11-25","
Action.c(1774):     selectedSlotId":0,"headers":[{"id":988309,"date":"2019-11-24","maxDiscount":2.00},{"id":98
Action.c(1774):     8312,"date":"2019-11-25","maxDiscount":2.00},{"id":988315,"date":"2019-11-26","maxDiscount
Action.c(1774):     ":2.00},{"id":988318,"date":"2019-11-27","statusCode":"V","statusMsg":"Value Day","maxDisc
Action.c(1774):     ount":2.00},{"id":994700,"date":"2019-11-28","maxDiscount":2.00},{"id":994703,"date":"2019
Action.c(1774):     -11-29","maxDiscount":2.00},{"id":994705,"date":"2019-11-30","maxDiscount":1.00},{"id":994
Action.c(1774):     720,"date":"2019-12-01","maxDiscount":2.00},{"id":994723,"date":"2019-12-02","maxDiscount"
Action.c(1774):     :2.00},{"id":994726,"date":"2019-12-03","maxDiscount":2.00},{"id":994729,"date":"2019-12-0
Action.c(1774):     4","statusCode":"V","statusMsg":"Value Day","maxDiscount":2.00},{"id":994731,"date":"2019-
Action.c(1774):     12-05","maxDiscount":2.00},{"id":994734,"date":"2019-12-06","maxDiscount":2.00},{"id":9947
Action.c(1774):     36,"date":"2019-12-07","maxDiscount":1.00}],"slots":[{"id":57045076,"providerId":"PEAPOD",
Action.c(1774):     "providerSlotId":"PEAPOD|57045076","date":"2019-11-25","timeStart":"2019-11-25T15:00","tim
Action.c(1774):     eEnd":"2019-11-25T17:00","serviceType":"D","discount":0.00,"surcharge":0.00,"selected":fal
Action.c(1774):     se,"statusCode":"","statusMsg":"","available":true,"unattended":false,"premium":false,"inc
Action.c(1774):     entivized":false,"green":false,"sameDay":false,"eta":false,"restrict":{},"cutoffTime":"201
Action.c(1774):     9-11-24T23:59","zipStoreId":26425},{"id":57045077,"providerId":"PEAPOD","providerSlotId":"
Action.c(1774):     PEAPOD|57045077","date":"2019-11-25","timeStart":"2019-11-25T16:00","timeEnd":"2019-11-25T
Action.c(1774):     18:00","serviceType":"D","discount":0.00,"surcharge":0.00,"selected":false,"statusCode":""
Action.c(1774):     ,"statusMsg":"","available":true,"unattended":false,"premium":false,"incentivized":false,"
Action.c(1774):     green":false,"sameDay":false,"eta":false,"restrict":{},"cutoffTime":"2019-11-24T23:59","zi
Action.c(1774):     pStoreId":26425},{"id":57045078,"providerId":"PEAPOD","providerSlotId":"PEAPOD|57045078","
Action.c(1774):     date":"2019-11-25","timeStart":"2019-11-25T16:30","timeEnd":"2019-11-25T22:00","serviceTyp
Action.c(1774):     e":"D","discount":2.00,"surcharge":0.00,"selected":false,"statusCode":"","statusMsg":"","a
Action.c(1774):     vailable":true,"unattended":false,"premium":false,"incentivized":true,"green":false,"sameD
Action.c(1774):     ay":false,"eta":true,"restrict":{},"cutoffTime":"2019-11-24T23:59","zipStoreId":26425},{"i
Action.c(1774):     d":57045079,"providerId":"PEAPOD","providerSlotId":"PEAPOD|57045079","date":"2019-11-25","
Action.c(1774):     timeStart":"2019-11-25T17:00","timeEnd":"2019-11-25T19:00","serviceType":"D","discount":0.
Action.c(1774):     00,"surcharge":0.00,"selected":false,"statusCode":"","statusMsg":"","available":true,"unat
Action.c(1774):     tended":false,"premium":false,"incentivized":false,"green":false,"sameDay":false,"eta":fal
Action.c(1774):     se,"restrict":{},"cutoffTime":"2019-11-24T23:59","zipStoreId":26425},{"id":57045080,"provi
Action.c(1774):     derId":"PEAPOD","providerSlotId":"PEAPOD|57045080","date":"2019-11-25","timeStart":"2019-1
Action.c(1774):     1-25T18:00","timeEnd":"2019-11-25T20:00","serviceType":"D","discount":0.00,"surcharge":0.0
Action.c(1774):     0,"selected":false,"statusCode":"","statusMsg":"","available":true,"unattended":false,"pre
Action.c(1774):     mium":false,"incentivized":false,"green":false,"sameDay":false,"eta":false,"restrict":{},"
Action.c(1774):     cutoffTime":"2019-11-24T23:59","zipStoreId":26425},{"id":57045081,"providerId":"PEAPOD","p
Action.c(1774):     roviderSlotId":"PEAPOD|57045081","date":"2019-11-25","timeStart":"2019-11-25T19:00","timeE
Action.c(1774):     nd":"2019-11-25T21:00","serviceType":"D","discount":0.00,"surcharge":0.00,"selected":false
Action.c(1774):     ,"statusCode":"","statusMsg":"","available":true,"unattended":false,"premium":false,"incen
Action.c(1774):     tivized":false,"green":false,"sameDay":false,"eta":false,"restrict":{},"cutoffTime":"2019-
Action.c(1774):     11-24T23:59","zipStoreId":26425},{"id":57045082,"providerId":"PEAPOD","providerSlotId":"PE
Action.c(1774):     APOD|57045082","date":"2019-11-25","timeStart":"2019-11-25T20:00","timeEnd":"2019-11-25T22
Action.c(1774):     :00","serviceType":"D","discount":0.00,"surcharge":0.00,"selected":false,"statusCode":"","
Action.c(1774):     statusMsg":"","available":true,"unattended":false,"premium":false,"incentivized":false,"gr
Action.c(1774):     een":false,"sameDay":false,"eta":false,"restrict":{},"cutoffTime":"2019-11-24T23:59","zipS
Action.c(1774):     toreId":26425}]},"sessionId":"IIFRJAZ4OWS4UCWWM4JCF3Q"}
Action.c(1774): Notify: Saving Parameter "C_slotId = PEAPOD|57045076".
Action.c(1774): web_custom_request("slots_13") was successful, 604 body bytes, 752 header bytes  	[MsgId: MMSG-26386]
Action.c(1783): Notify: Transaction "S01_PRISM_Peapod_SIT_SignIn_Checkout_T11_Select_Checkout_Date" ended with a "Pass" status (Duration: 93.8799 Wasted Time: 0.0001).
Action.c(1787): Notify: Transaction "S01_PRISM_Peapod_SIT_SignIn_Checkout_T12_Reserve_Slot" started.
Action.c(1789): web_custom_request("slot") started  	[MsgId: MMSG-26355]
Action.c(1789): Notify: Parameter Substitution: parameter "C_userId" =  "91117310"
Action.c(1789): Notify: Parameter Substitution: parameter "C_orderId" =  "135983265"
Action.c(1789): Notify: Parameter Substitution: parameter "C_slotId" =  "PEAPOD|57045076"
Action.c(1789): Notify: Parameter Substitution: parameter "C_userId" =  "91117310"
Action.c(1789): Notify: Parameter Substitution: parameter "C_orderId" =  "135983265"
Action.c(1789): Notify: Parameter Substitution: parameter "C_serviceLocationId" =  "26425"
Action.c(1789): t=1008902ms: 806-byte response headers for "https://stage.peapod.com/api/v4.0/user/91117310/orders/135983265/slot" (RelFrameId=1, Internal ID=133)
Action.c(1789):     HTTP/1.1 409 Conflict\r\n
Action.c(1789):     Date: Sun, 24 Nov 2019 16:56:06 GMT\r\n
Action.c(1789):     Content-Type: application/json;charset=utf-8\r\n
Action.c(1789):     Transfer-Encoding: chunked\r\n
Action.c(1789):     Connection: keep-alive\r\n
Action.c(1789):     Strict-Transport-Security: max-age=63072000; includeSubdomains;\r\n
Action.c(1789):     access-control-allow-credentials: true\r\n
Action.c(1789):     access-control-allow-origin:\r\n
Action.c(1789):     Set-Cookie: JSESSIONID=-invalid-; path=/; HttpOnly; Secure\r\n
Action.c(1789):     Vary: Accept-Encoding,User-Agent\r\n
Action.c(1789):     Content-Encoding: gzip\r\n
Action.c(1789):     Cache-Control: no-store\r\n
Action.c(1789):     X-XSS-Protection: 1; mode=block\r\n
Action.c(1789):     X-Content-Type-Options: nosniff\r\n
Action.c(1789):     Strict-Transport-Security: max-age=86400; includeSubDomains\r\n
Action.c(1789):     Content-Security-Policy: frame-ancestors 'self' *.giantfood.com\r\n
Action.c(1789):     CF-Cache-Status: DYNAMIC\r\n
Action.c(1789):     Expect-CT: max-age=604800, report-uri="https://report-uri.cloudflare.com/cdn-cgi/beacon/ex
Action.c(1789):     pect-ct"\r\n
Action.c(1789):     Server: cloudflare\r\n
Action.c(1789):     CF-RAY: 53acea0efdbfe0e2-IAD\r\n
Action.c(1789):     \r\n
Action.c(1789): t=1008906ms: 137-byte ENCODED response body received for "https://stage.peapod.com/api/v4.0/user/91117310/orders/135983265/slot" (RelFrameId=1, Internal ID=133)
Action.c(1789): t=1008906ms: 136-byte DECODED response body for "https://stage.peapod.com/api/v4.0/user/91117310/orders/135983265/slot" (RelFrameId=1, Internal ID=133)
Action.c(1789):     {\n
Action.c(1789):       "response": {\n
Action.c(1789):         "result": "ERROR",\n
Action.c(1789):         "code": "SESSION_ABORTED",\n
Action.c(1789):         "msg": "Session aborted due to another user logged in"\n
Action.c(1789):       }\n
Action.c(1789):     }
Action.c(1789): Error -26622: HTTP Status-Code=409 (Conflict) for "https://stage.peapod.com/api/v4.0/user/91117310/orders/135983265/slot"  	[MsgId: MERR-26622]
Action.c(1789): web_custom_request("slot") highest severity level was "ERROR", 137 body bytes, 806 header bytes  	[MsgId: MMSG-26388]
Action.c(1789): Notify: Transaction "S01_PRISM_Peapod_SIT_SignIn_Checkout_T12_Reserve_Slot" ended with a "Fail" status (Duration: 2.0959).
Action.c(1789): Notify: Transaction "S01_PRISM_Peapod_SIT_SignIn_Checkout_T12_Reserve_Slot" has 1 error message(s).
Action.c(1789): Notify: The 1st error message associated with transaction "S01_PRISM_Peapod_SIT_SignIn_Checkout_T12_Reserve_Slot" is "Error -26622: HTTP Status-Code=409 (Conflict) for "https://stage.peapod.com/api/v4.0/user/91117310/orders/135983265/slot""
Ending action Action.
Ending iteration 1.
Ending Vuser...
Starting action vuser_end.
Abort was called from an action.
